3714 5970
163 457 232 533 256

159 607 217 684 sio,
231 606 279 688 qui
295 606 367 667 circa
385 605 488 667 malum
511 605 651 687 suspensi,
666 603 786 664 violento
804 618 902 664 vento-
920 598 938 660 F
959 607 1155 689 ίμποδίζιινιῇ
1167 605 1307 680 νηί,“καί
1325 608 1354 666 ei
1374 607 1427 666 τῶν
1452 606 1630 668 πολυπλόκων
1654 628 1716 691 cpu-

159 709 221 749 rum
233 687 353 769 impulsu
368 687 431 762 icti,
446 687 574 746 sibilant:
590 699 656 745 tunc
668 704 749 760 saue,
764 703 781 743 o
796 683 900 759 dilecti,
956 686 1017 747 νίιυν
1038 688 1172 756 διατάσεις
1193 691 1221 747 σί
1236 686 1304 766 ἀμρδ
1317 685 1362 746 etr
1374 685 1446 746 ίστδν
1463 686 1617 767 ηριημίναι
1629 691 1662 767 τῇ
1674 696 1716 751 τίν

160 767 293 828 tumultus
307 765 416 845 quidem
428 767 601 826 turbulentus
620 779 646 824 et
662 765 801 823 luctuosus
818 785 834 823 a
850 785 900 823 ve·
955 767 1059 845 ἀνίμων
1086 769 1162 851 βιαίρ
1178 767 1278 846 ἐμόολῇ
1296 764 1488 844 μαστιζόμιναι
1503 767 1658 848 συρίζωσιν·
1669 770 1717 830 τότε

158 847 278 908 ctoribus
291 847 386 921 ou'tur,
399 859 513 908 mortem
523 847 550 905 iu
560 843 695 927 profundo
709 842 803 916 maris,
816 844 901 923 magis
907 879 944 921 art
955 845 997 919 δὴ,
1012 849 1154 925 ἀγαπητοὶ,
1163 852 1238 926 θροῦς
1253 845 1300 926 μίν
1320 843 1440 918 ζαλῶδης
1455 845 1503 906 καὶ
1516 847 1716 926 κλαυθμυρόιθης

159 948 241 1007 quam
255 926 416 1001 naturalem,
427 925 654 1007 exspectantibus.
675 925 726 984 Hic
746 922 839 983 videas
859 945 901 983 re·
917 938 938 983 t
955 926 1005 987 δπδ
1029 932 1082 987 τῶν
1107 927 1241 988 ίπιόατῶν
1269 925 1385 1006 γίνεται.
1409 925 1514 1005 βύθινον
1528 927 1642 986 θάνατον
1655 929 1717 1008 παρί

159 1009 244 1086 miges
260 1027 276 1066 a
292 1006 409 1087 procella
430 1006 491 1066 iilos
503 1006 669 1065 extrinsecus
683 1006 899 1083 circumagente,
952 1004 997 1065 τὸν
1012 1008 1121 1087 ρυσικδν
1137 1032 1158 1066 π
1207 1003 1356 1065 δοκεόντων.
1369 1002 1450 1066 Ἔστι
1463 1003 1491 1066 bi
1505 1006 1572 1066 ἰδεῖν
1590 1004 1649 1073 τοὺς
1667 1008 1717 1067 ναί-

159 1086 221 1168 ρίυσ
242 1107 306 1147 vero
320 1087 355 1145 ab
378 1087 450 1146 intus
467 1086 617 1165 lugentium
633 1084 749 1144 elamore
762 1098 901 1144 enervatos
954 1109 1002 1153 τας
1016 1087 1067 1146 ὑπὸ
1082 1089 1129 1158 τῆς
1150 1029 1243 1154 ίίίόθιν
1266 1081 1361 1151 αὐτούς
1374 1083 1552 1165 περιεχούσης
1572 1085 1654 1159 ζάλης
1665 1110 1715 1167 χιι-

158 1165 245 1241 (adeo
260 1178 289 1224 ut
298 1166 461 1245 guberuator
471 1165 532 1246 ipse
551 1187 606 1249 prae
619 1178 693 1224 metu
707 1164 902 1225 tremebundus
955 1166 1132 1244 μαζομίνους,
1147 1165 1226 1226 πλέον
1242 1163 1270 1224 δὲ
1283 1164 1335 1224 ὑπὸ
1351 1167 1400 1234 τ’ής
1412 1169 1465 1224 τῶν
1486 1164 1591 1224 ἔνδοθεν
1605 1168 1717 1247 όλοριρυ·

158 1245 328 1323 factus,n0n
342 1266 384 1304 am
405 1246 459 1305 iius
481 1246 519 1304 uti
535 1246 618 1326 possit
638 1265 720 1304 manu
735 1243 901 1324 guberuato—
955 1243 1041 1321 μένων
1056 1249 1176 1327 κραυγῆς
1190 1242 1435 1326 ἐκνευριζομίνους,
1448 1246 1485 1311 ὡς
1497 1243 1605 1305 καὶτὸν
1623 1246 1672 1324 pir
1683 1270 1718 1305 ιιυ·

160 1325 200 1385 ria
211 1324 247 1385 ad
261 1325 362 1416 navigii
375 1267 587 1405 obtectionem„
602 1346 694 1383 omues
707 1344 771 1383 vero
784 1323 902 1384 claman-
955 1321 1085 1403 όερνήτην
1099 1326 1247 1402 θπότρομον
1261 1323 1386 1403 γεγονότα
1402 1322 1456 1382 ont
1478 1327 1528 1396 τῆς
1542 1324 1644 1392 δειλίας
1658 1349 1718 1404 μηκ-

789 479 909 528 sroura
937 480 1099 544 euentu.

157 1417 197 1465 tes
210 1426 239 1465 se
252 1405 335 1464 vitam
350 1419 418 1465 mter
429 1405 551 1466 homiues
564 1424 672 1464 serrare
680 1424 760 1493 posse
773 1399 920 1485 despera?

159 1504 201 1549 re.
215 1485 282 1544 Taie
295 1483 437 1565 quidpiam
448 1484 547 1545 accidit
557 1484 716 1564 discipulrs;
729 1497 817 1542 mente
830 1484 901 1543 enim

6 1578 62 1627 ιυο.
73 1575 97 1626 θ.
108 1591 147 1625 αα.
159 1577 186 1623 te
208 1564 351 1624 transferas
369 1585 473 1624 mecum
496 1563 532 1624 ad
546 1563 736 1646 Evangelium.
756 1563 902 1623 Ascendit

159 1645 321 1704 Jesttscum
335 1646 486 1724 discipulis
497 1648 558 1704 suis
570 1649 605 1704 ιἰι
624 1643 803 1715 naviculum,
816 1657 844 1702 et
857 1641 901 1702 ia-

160 1723 212 1782 cile
226 1725 332 1805 trajecit
345 1724 571 1803 mareQuamdiu
586 1723 721 1783 Dominus
731 1721 856 1782 Christus
864 1723 904 1781 ri-

159 1803 279 1882 gilabat,
293 1804 379 1863 omnis
403 1804 551 1864 mirtrarius
571 1803 768 1884 reprimebatur
784 1816 898 1861 ventus:

955 1401 996 1461 ε’τι
1020 1404 1145 1482 δύνασθαι
1171 1408 1288 1484 ’χρῆσθαι
1307 1407 1343 1483 τῇ
1363 1402 1545 1483 κυθερνητικῇ
1571 1405 1644 1484 χειρί
1666 1405 1719 1483 πρὸς

955 1480 1003 1556 τλν
1020 1489 1068 1557 τῆς
1083 1484 1144 1556 νηδς
1160 1480 1326 1557 εύθυπλοίαν,
1342 1481 1443 1549 πάντας
1457 1483 1486 1542 δί
1498 1484 1568 1554 ὁμοῦ
1581 1489 1632 1555 τῆς
1644 1486 1671 1543 ίν
1682 1489 1720 1544 ir·

955 1562 1069 1642 θρώποις
1083 1567 1151 1635 ζωῆς
1179 1563 1248 1640 μετά
1270 1567 1358 1643 prurit
1375 1562 1581 1642 άπεκδίχεσθαι.
1604 1564 1720 1624 Τυιῶτίι

954 1665 981 1700 τι
997 1642 1151 1720 ουμθέθηκε
1171 1651 1226 1710 τοῖς
1246 1649 1377 1720 μαθηταῖς
1397 1647 1444 1701 τοῦ
1467 1641 1582 1721 Κυρίου·
1598 1643 1720 1721 μιτάόιλα

954 1720 1006 1803 γάρ
1018 1745 1065 1799 μοι
1078 1722 1197 1805 τῷλόγῳ
1209 1722 1254 1782 ἐπί
1267 1722 1298 1782 τὸ
1318 1721 1478 1800 εύαγγίλιον.
1491 1718 1589 1793 {tetes
1602 1725 1619 1781 θ
1632 1722 1722 1794 Ἰησοῖς

955 1801 1024 1879 μετὰ
1044 1807 1096 1862 τῶν
1119 1805 1244 1880 μαθητῶν
1261 1804 1298 1870 εἰς
1309 1801 1341 1861 eb
1361 1803 1469 1875 πλοῖον,
1480 1801 1529 1858 καὶ
1544 1802 1670 1883 διήρχετο
1680 1800 1721 1873 τήν

159 1882 272 1963 planum
285 1898 374 1943 autem
390 1884 512 1944 illiserat
525 1900 600 1942 mare
613 1886 742 1960 tauquam
757 1881 835 1956 firma
850 1896 901 1940 ter·
918 1893 934 1939 tt
953 1881 1089 1942 θάλασσαν
1103 1885 1239 1962 εὐμαρῶς·
1252 1883 1298 1941 καὶ
1316 1882 1366 1947 ἕως
1388 1878 1437 1957 μίν
1456 1882 1546 1947 αὐτοῖς
1559 1885 1575 1940 δ
1593 1881 1720 1953 Δεσπότης

158 1983 200 2036 ra,
216 1983 302 2041 neque
315 1964 413 2024 fluctus
428 1977 519 2023 cotnra
533 1983 630 2022 navem
654 1961 795 2041 Christum
813 1962 900 2043 seren·

158 2053 213 2102 tem
227 2042 391 2122 insurgebat.
408 2045 477 2109 Cum
487 2064 551 2103 vero
560 2042 797 2114 iesus-secundum
809 2042 901 2122 provi-

156 2119 277 2182 dentiam
289 2144 365 2181 suam
379 2123 407 2180 in
425 2123 543 2202 navigio·
553 2121 723 2197 dormiebat,
739 2121 831 2200 quoad
849 2142 900 2181 ua-

155 2214 247 2261 turam
271 2202 410 2282 eorporis,
433 2223 486 2262 uon
509 2201 598 2281 quoad
613 2201 722 2261 deitatis
741 2201 900 2281 dignitatem

954 1963 1068 2042 Χριστὸς
1090 1961 1245 2043 ἐγρηγόρει,
1261 1973 1313 2027 πᾶς
1335 1959 1449 2026 ἐναντίος
1468 1959 1569 2037 άνιμος
1593 1965 1720 2042 ίριμοῶιυ,

953 2043 1071 2112 ἡπλοῦτυ
1083 2041 1112 2102 δὲ
1124 2045 1211 2105 αὐτοῖς
1231 2039 1277 2100 καλ
1289 2046 1308 2113 ἡ
1322 2040 1444 2100 θάλασσα
1461 2043 1499 2107 ὣς
1515 2040 1643 2122 ἤπειρος,
1656 2038 1718 2102 odiit

952 2127 1026 2199 κῦμα
1041 2125 1074 2202 τῇ
1089 2119 1257 2202 χριστυρόρῳ
1272 2114 1540 2201 νηίπροσερίστατο·
1550 2118 1598 2181 ότι
1617 2122 1718 2182 trater

952 2206 1067 2278 νομικῶς
1080 2205 1095 2260 ὁ
1108 2203 1212 2271 Ἰησοῦς
1235 2204 1262 2260 ἐν
1281 2203 1320 2281 τῷ
1334 2197 1420 2279 πλοίῳ
1441 2197 1567 2258 ἐκάθευδε
1590 2199 1660 2261 κατά
1675 2199 1717 2272 τήν

157 2280 348 2354 (somnienim
364 2284 493 2342 immunis
508 2297 547 2343 est
566 2282 660 2342 oculus
679 2281 826 2360 deitatis);
841 2294 900 2341 tum
951 2286 998 2338 τοῦ
1012 2279 1133 2356 σώματος
1156 2279 1231 2361 φύσιν
1243 2325 1251 2355 ,
1265 2281 1311 2339 καὶ
1330 2280 1361 2336 ού
1375 2277 1445 2338 κατὰ
1459 2277 1510 2351 τὴν
1531 2281 1582 2349 τῆς
1606 2279 1716 2352 θεότητος

157 2360 230 2420 veuti
242 2362 432 2442 conspicientes
442 2364 604 2441 Magistrum
614 2375 640 2420 et
651 2361 807 2421 Praefectum
818 2382 899 2421 suum

157 2438 347 2514 dormientem,
363 2441 433 2501 sicut
448 2443 508 2518 equi
517 2441 643 2520 aurigam
654 2461 748 2500 somno
760 2442 899 2501 detentum

158 2535 329 2600 spernenteS,
349 2521 498 2602 impetuoso
518 2521 582 2580 flatu
607 2542 706 2580 saevam
725 2521 900 2582 exsibilantes

158 2612 344 2680 tempestatem
362 2615 565 2660 continuarem
585 2601 758 2681 apostolicam
779 2602 900 2661 fereban-

953 2359 1028 2428 ἀξίαν
1040 2361 1156 2441 (ἄϋπνον
1173 2359 1226 2439 γάρ
1243 2358 1274 2419 ab
1294 2359 1370 2437 ὄμμα
1390 2361 1439 2428 τῆς
1462 2357 1716 2434 θεότητος)·τότειί

953 2439 1050 2517 άνεμοι·
1061 2439 1241 2520 θεωρήσαντες
1258 2438 1303 2497 τὸν
1328 2441 1427 2497 ίαυτῶν
1450 2436 1601 2510 παιδευτὴν
1619 2439 1664 2498 καί
1676 2461 1717 2497 τα·

954 2517 1061 2599 Είαρχον
1078 2518 1255 2590 ύπνιύσαντα,
1271 2518 1392 2598 καθάπερ
1403 2516 1483 2577 ἵπποι
1505 2516 1618 2597 ἡνιόχου
1632 2516 1718 2578 καθεύ-

954 2601 1041 2668 δοντος
1062 2598 1340 2681 κατολιγωρήσαντες,
1360 2597 1453 2678 λάὸρῳ
1474 2597 1617 2673 φυσήματι
1639 2597 1718 2677 ἄγριον

158 2692 224 2738 tur:
249 2695 330 2759 atque
353 2681 469 2760 procella
488 2694 597 2753 exorta,
614 2702 673 2759 qum
692 2681 935 2763 inexspectatamc
954 2685 1074 2759 χειμῶνα
1093 2679 1240 2818 σιρρίζοντες
1255 2676 1325 2737 κατὰ
1344 2682 1392 2750 τῆς
1415 2678 1599 2750 άποστολικῆς
1622 2677 1718 2741 ὁλκάδα

159 2772 272 2827 mortem
294 2773 368 2819 tanto
382 2761 447 2819 flatu
462 2761 627 2836 minabatur,
645 2773 773 2819 estuante
790 2761 901 2841 pelago,

159 2859 297 2917 serosque
309 2839 408 2900 fluctus
425 2862 485 2900 cum
503 2841 611 2899 fremitu
626 2839 654 2898 in
677 2861 785 2900 arenam
805 2841 901 2901 termi-

159 2938 257 2978 norum
270 2920 480 2996 constitutricem
496 2919 671 2989 immittente,
687 2918 814 3001 discipuli
829 2922 902 2981 iren-

158 2997 266 3058 dentem
279 2999 472 3080 conspicientes
485 3000 831 3079 tempestatum-Christum
853 3022 901 3059 ce-

159 3078 333 3138 leberrimum
362 3094 589 3161 propugnatorem
621 3079 808 3162 ingocaban13
834 3079 901 3158 quid

159 3157 298 3223 dicentes?
321 3161 464 3231 Domine,
488 3159 573 3219 saiva
596 3180 666 3233 nos,
685 3164 823 3238 perimus.
850 3161 902 3219 Per

155 3239 335 3299 ,oecouomiam
350 3239 503 3300 dormiebat
519 3240 546 3298 in
562 3238 671 3318 navigio
685 3240 833 3314 Dominus,
848 3261 900 3299 non

160 3320 265 3379 nescius
278 3320 353 3379 illius
367 3320 441 3398 quod
453 3319 574 3378 futurum
585 3332 654 3388 erat,
669 3340 716 3378 nec
730 3322 901 3379 serenitatem

160 3399 305 3459 inducendi
327 3413 457 3480 potestate
478 3400 604 3459 carebat:
628 3399 717 3458 sciens
738 3421 801 3460 vero
828 3421 902 3459 mare

151 3481 298 3539 'turbatum
310 3480 366 3539 iore
376 3524 389 3551 ς
399 3479 506 3541 duabus
527 3480 561 3538 de
582 3480 669 3538 rattsis
684 3478 855 3553 dormiebat,
872 3493 901 3538 ut

159 3581 208 3697 per
221 3550 402 3647 tempestatem
416 3560 587 3639 redargueret
599 3558 730 3618 labentem
741 3574 767 3618 et
779 3558 901 3618 imbecil-

159 3739 214 3777 suae
228 3718 282 3777 iltis
308 3717 612 3795 iquidodcmoustraret.
625 3718 726 3778 Videre
737 3733 793 3777 erat
803 3719 902 3797 itaque,

160 3816 177 3856 o
200 3796 311 3866 dilecti,
332 3797 490 3875 vigilantem
515 3795 603 3874 quoad
630 3817 727 3877 corpus
751 3799 902 3858 Dominum

159 3875 248 3954 seipso
262 3876 485 3934 vehementiorem
498 3877 597 3934 iactum
610 3920 617 3944 ‚
630 3890 657 3934 et
671 3889 780 3936 ventum
795 3878 829 3936 ad
843 3893 903 3959 spe·

188 3661 213 3697 m
228 3638 426 3776 discipulorum
439 3639 531 3711 fidem,
547 3652 572 3697 et
589 3639 736 3718 potentiam
747 3639 901 3698 divinitatis
917 3620 936 3665 Β

955 2759 1086 2840 ίρέροντο.
1138 2761 1262 2837 ενομίνης
1283 2759 1310 2819 δὲ
1331 2757 1411 2830 ζάλης
1434 2756 1594 2817 ἀνείκαστον
1621 2756 1719 2816 θάνατοι

955 2839 1152 2912 ἂποπνεούοης,
1164 2840 1209 2899 καί
1231 2842 1278 2908 τῆς
1294 2837 1428 2910 θαλάσσης
1450 2838 1585 2915 κυχλαδδν
1606 2835 1716 2905 ducissi-

955 2941 1019 2989 της,
1036 2919 1081 2978 καί
1095 2918 1139 2977 τὸν
1154 2919 1235 2997 θυμὸν
1252 2920 1305 2977 τῶν
1328 2915 1455 2992 κυμάτων
1468 2919 1503 2994 τῇ
1518 2917 1647 2998 epotator
1658 2915 1717 2995 ψάμ·

956 3021 998 3077 μιρ
1012 2999 1234 3080 ιἐπιρριζυύσης,
1249 2997 1425 3078 θεωρήσαντες
1440 3000 1464 3055 οἱ
1479 2996 1600 3072 μαθηταὶ
1621 2997 1662 3054 τὸν
1680 3017 1718 3053 πο·

955 3077 1131 3158 λυθρύλλητον
1148 3082 1285 3159 χειμῶνα,
1299 3076 1344 3135 τὸν
1364 3075 1549 3154 πολυύμνητον
1566 3078 1716 3174 προμαγεῶ·

955 3181 988 3216 να
1010 3157 1124 3236 Χριστὸν
1148 3158 1329 3237 παρεκάλουν·
1350 3154 1378 3213 τί
1398 3154 1540 3228 λε’γυντεςς
1562 3154 1715 3223 Ἐπιστστα,

955 3240 1041 3296 σῶσον
1061 3244 1147 3314 ἡμᾶς,
1168 3237 1349 3312 ἀπολλύμεθα.
1364 3233 1520 3294 Ἐκάθιυδεν
1537 3236 1553 3293 δ
1573 3233 1665 3312 Κύριος
1683 3235 1715 3289 υί-

954 3322 1101 3392 κσνομικῶς
1122 3321 1148 3376 ἓν
1168 3321 1206 3397 τῷ
1220 3317 1323 3397 πλοίῳ,
1342 3317 1389 3374 οὐκ
1404 3317 1506 3390 άγνσῶν
1521 3315 1554 3373 τὸ
1569 3315 1662 3390 μάλλον
1679 3312 1714 3391 γί·

954 3403 1054 3470 νεσθαι,
1069 3398 1116 3457 οὐκ
1137 3398 1272 3456 ἀδυνατῶν
1294 3395 1411 3475 γαλήνην
1433 3392 1599 3474 βραῶεῶοαι·
1613 3390 1715 3459 stibii}

956 3476 1102 3553 μελλουσαν
1117 3475 1296 3556 ταράσσεσθαι
1310 3474 1358 3546 τὴν
1377 3473 1529 3547 θάλασσαν,
1543 3472 1613 3532 κατά
1627 3470 1670 3531 δύο
1680 3474 1716 3529 τί·

954 3553 1013 3622 τίσις
1026 3556 1178 3616 ἐκάθευδεν·
1191 3555 1235 3614 ἵνα
1249 3556 1296 3615 καί
1310 3555 1340 3613 τὸ
1361 3552 1455 3632 σαθρὸν
1481 3557 1529 3624 τῆς
1550 3545 1716 3632 θλιγσπιστίάς

955 3639 1008 3694 τῶν
1023 3639 1148 3712 μαθητῶν
1168 3638 1194 3694 ἐν
1208 3640 1246 3714 τῷ
1260 3637 1373 3715 χειμῶνι
1392 3631 1503 3713 διελίγξΙ
1519 3677 1528 3701 ,
1545 3631 1635 3692 καὶτὸ
1649 3631 1715 3690 δυνα-

955 3715 999 3774 τδν
1016 3721 1064 3787 τῆς
1086 3716 1206 3789 θεότητος
1227 3717 1314 3780 αὐτοῖς
1338 3710 1494 3783 ἐνδείξηται.
1521 3714 1563 3774 Ην
1584 3700 1628 3770 oda
1650 3711 1716 3784 idcir,

956 3795 1105 3871 ἀγαπητοὶ,
1121 3793 1379 3874 διαγρηγορήσαντσς
1392 3798 1438 3852 τοῦ
1455 3791 1594 3851 Δεσπότου
1609 3811 1716 3864 σωματι-

956 3880 1023 3947 κῶς,
1037 3875 1125 3935 πάντα
1139 3874 1259 3956 ὀξύτερον
1278 3878 1370 3934 ἑαυτοῦ
1382 3873 1540 3951 γενόμενον,
1555 3870 1657 3931 καὶτὸν
1668 3869 1717 3928 du·

159 3954 268 4014 luncam
283 3977 359 4014 suam
370 3955 523 4014 clanculum
540 3956 903 4048 fugientem,peiagumque
958 3978 1007 4032 μον
1030 3956 1095 4035 πρὸς
1118 3955 1148 4014 τὸ
1176 3954 1240 4017 ἴδιον
1268 3954 1396 4024 σπήλαιον
1419 3950 1621 4031 θποριύγοντα,
1637 3949 1680 4021 τήν
1694 3970 1716 4006 τι

160 4054 214 4094 non
230 4037 300 4094 ultra
312 4048 402 4094 ooutra
413 4035 590 4113 apostolicum
606 4036 745 4114 navigium
761 4037 846 4097 minas
862 4058 904 4096 tn·
957 4035 1091 4095 θάλασσαν
1106 4035 1202 4112 μηκέτι
1221 4036 1378 4094 ἀπειλοῦσαι
1394 4036 1428 4112 τῇ
1442 4033 1608 4111 ἀποστολικῇ
1622 4027 1714 4097 θλκάδι,

162 4127 315 4183 tentantem,
328 4114 376 4174 sed
390 4115 488 4174 ssuctus
498 4113 531 4174 ad
544 4113 726 4174 adorationem
743 4138 771 4176 se
789 4139 904 4178 conver·
958 4114 1026 4174 ἀλλὰ
1040 4114 1073 4174 τδ
1084 4117 1191 4191 κύματα
1206 4115 1270 4195 πρδς
1281 4113 1329 4185 τήν
1339 4110 1516 4191 προσκύνησιν
1529 4109 1716 4191 ἐπιστρέφοντι·

161 4208 256 4253 tentes.
273 4195 349 4254 Talis
365 4209 404 4254 est
417 4194 498 4275 hujus
513 4194 575 4254 vitae
591 4217 694 4270 cursus,
712 4196 747 4254 ita
769 4212 798 4256 ut
822 4197 902 4256 resin
957 4193 1074 4266 Τοιαύτη
1092 4194 1315 4266 θοτὶνκαὶὴτοῦ
1338 4192 1394 4271 βίου
1420 4191 1505 4271 φορά,
1521 4190 1654 4268 μηδέποτε
1674 4186 1714 4264 μί·

160 4274 255 4334 eodem
269 4289 339 4335 statu
349 4296 495 4354 numquam
507 4290 688 4355 permaneant,
698 4277 745 4335 sed
758 4276 904 4356 aliquando
957 4298 1009 4333 νειν
1026 4276 1053 4331 ίν
1069 4274 1209 4345 ταυτότητι
1223 4273 1257 4333 ed
1270 4271 1431 4354 πράγματα,
1450 4271 1520 4329 άλλδι
1535 4271 1601 4330 ueri
1616 4270 1661 4348 μίν
1672 4287 1712 4347 γι·

162 4353 189 4413 in
204 4377 269 4434 pace
282 4355 433 4432 tranquillae
449 4355 518 4426 siut,
531 4369 611 4434 atque
624 4357 813 4416 alimentorum
828 4357 905 4436 copia
958 4356 1051 4432 ληνιᾷν
1066 4355 1155 4434 εἰρήνῃ
1170 4354 1215 4412 καί
1230 4352 1335 4432 εὐθηνίρ
1355 4353 1457 4433 τρσρῶν
1478 4352 1593 4410 dionissi
1603 4396 1612 4426 ,
1624 4345 1681 4408 ποτὲ
1694 4345 1713 4404 ii

161 4434 319 4509 abundent,
343 4434 477 4494 interdum
499 4456 563 4495 vero
585 4451 802 4495 commoveantur
817 4435 905 4495 [lucti-
922 4424 940 4470 Ε
959 4435 1138 4514 ταράσσεσθαι
1160 4433 1249 4515 ὥσπερ
1271 4430 1319 4504 τήν
1344 4432 1496 4499 θάλασσαν,
1510 4436 1590 4492 τοῦτο
1605 4428 1650 4508 μὲν
1664 4431 1715 4507 βαρ·

160 4512 265 4592 busque
279 4528 309 4572 ut
320 4536 392 4573 mare
402 4517 545 4594 agitentur,
559 4516 657 4596 partim
677 4516 788 4595 quidem
803 4515 905 4576 barba·
961 4511 1049 4592 ύάρων
1074 4515 1254 4593 καταδρομαῖς
1265 4557 1273 4585 ,
1286 4517 1363 4572 τοῦτο
1380 4509 1407 4572 δὲ
1424 4508 1560 4648 τυλράννων
1583 4507 1715 4571 tutentur

161 4613 254 4652 rorum
264 4594 471 4670 incursionibus,
477 4597 575 4676 partim
586 4610 763 4677 tyrannorum
773 4595 908 4655 machina·
962 4593 1008 4652 καί
1023 4593 1188 4673 πραγμάτων
1201 4594 1327 4666 πλοκαῖς,
1342 4589 1388 4650 καὶ
1409 4614 1444 4650 πο
1479 4599 1517 4658 οῖς
1531 4591 1623 4658 ἄλλοις
1634 4586 1715 4648 κλόνου

163 4673 260 4732 mentis
273 4687 299 4731 et
321 4675 486 4751 negotiorum
504 4697 539 4754 pe
575 4674 731 4736 lexitatibus
742 4722 749 4743 ‚
760 4676 907 4755 multisque
962 4672 1008 4732 καὶ
1023 4671 1241 4743 ἀκαταστασίαις,
1250 4672 1303 4731 Καὶ
1316 4669 1368 4751 γάρ
1383 4675 1399 4742 ἡ
1415 4669 1544 4749 εἰρημένη
1559 4667 1659 4749 ἱστορία
1670 4662 1715 4743 rupi

162 4751 222 4812 aiiis
238 4752 399 4812 tumultibus
423 4767 448 4810 et
460 4767 550 4833 pertur
588 4756 716 4815 tionibus.
741 4758 811 4815 Nam
835 4777 906 4835 prae-
962 4756 1010 4824 τῆς
1034 4753 1212 4823 ἀποστολικῆς
1226 4751 1335 4818 ὁλκάδος
1355 4756 1445 4810 τοῦτον
1469 4749 1529 4831 ἔχει
1542 4750 1587 4810 τδν
1600 4755 1670 4809 νοῶν·
1683 4746 1714 4804 eit

161 4830 234 4892 dicta
251 4831 285 4891 de
306 4832 451 4911 apostolico
474 4834 583 4907 navigio
597 4835 710 4895 historia
730 4835 803 4895 hunc
824 4835 906 4894 babet

963 4825 997 4906 ἦν
1010 4832 1062 4911 γδρ
1077 4833 1129 4892 ὑπὸ
1150 4836 1196 4891 τοῦ
1218 4829 1316 4910 Κυρίου
1331 4829 1485 4909 γινόμενον,
1499 4829 1574 4890 totu
1587 4820 1618 4902 ήν
1634 4844 1713 4907 μναῖν·

163 4912 479 4991 sensum3nihilquippe
495 4933 510 4969 a
529 4914 646 4973 Domino
667 4916 767 4974 iactum
781 4913 907 4993 estquod
964 4912 1019 4992 ρίου
1036 4911 1170 4991 ἐχόμενον.
1186 4910 1317 4989 Θαλάσσῃ
1340 4910 1522 4991 παριίκασται
1543 4916 1558 4971 δ
1576 4909 1629 4990 βίος
1649 4896 1713 4968 οὗτοι,

163 4993 324 5085 mysterium
338 5013 388 5051 non
400 4992 520 5051 baberet.
539 4993 610 5052 Mari
621 4994 717 5053 similis
727 5008 766 5054 est
775 4996 833 5054 hec
843 4994 907 5068 rita,

962 4992 1047 5092 πλοίορ
1072 4997 1088 5063 ἡ
1113 4989 1265 5073 ἀνθρωπίνη
1294 4989 1454 5064 ὑπόστασις,
1480 4988 1598 5070 ρίρουοα
1620 4984 1712 5075 καθάοξί
1744 5057 1759 5073 ·

162 5073 272 5153 navigio
290 5073 406 5132 humana
424 5086 530 5143 natura,
553 5087 662 5153 portans
687 5075 764 5151 quasi
786 5089 906 5134 vectores
963 5072 1090 5140 ἐπιόατας
1113 5072 1159 5131 καὶ
1186 5069 1348 5151 κυύερνήτην
1372 5067 1433 5137 τοὺς
1460 5069 1606 5149 λογισμούς
1620 5067 1662 5129 καὶ
1682 5078 1710 5119 θ’

197 5270 209 5294 ·
226 5253 385 5322 [Legebutur
396 5266 455 5306 ante
467 5271 513 5306 nos
523 5272 529 5304 t
538 5263 576 5309 καί
585 5271 631 5309 τῶν
643 5277 667 5310 π.
679 5279 716 5323 οχ.
728 5261 829 5316 διάστασις
844 5263 868 5310 ei
879 5266 927 5322 άμ-

166 5342 188 5405 pt
200 5341 226 5388 τὸ
237 5341 340 5388 tortu...
353 5343 486 5404 συρίζουσιν.
497 5335 659 5386 Correximut
669 5332 701 5386 de
712 5335 866 5400 conjectura.
877 5335 886 5399 ]

1010 5270 1020 5293 ι
1041 5252 1207 5323 [Lugendum
1218 5251 1319 5306 videtur
1330 5254 1521 5325 δπαρριζοῦιυοί
