3750 6052
684 553 801 607 srunri
826 555 987 622 Quanam
1555 532 1624 609 265
1658 556 1662 563 ·

62 683 99 764 μή
115 681 262 764 καταγέλα·
276 685 311 763 ἐγ
343 690 399 744 αῖον
424 671 492 744 ιίναι
514 687 562 744 οθκ
585 681 657 744 ἐστιν
682 680 763 760 έγκλη
776 699 823 755 ἀ,
842 690 860 737 Ε
880 696 920 743 est
934 685 962 742 in
977 680 1119 744 soro'stare
1132 698 1159 744 et
1168 658 1286 766 operari.
1304 681 1413 770 Crimen
1426 692 1466 742 est
1479 680 1552 757 intus
1565 703 1626 743 ma-

57 764 127 825 ἐλλδ
147 765 177 823 τὸ
196 765 305 863 ἅρπαγα
320 788 332 824 ε
345 786 402 837 ναι,
416 764 447 824 τδ
463 763 623 838 πλεονέκτην
643 753 719 822 εἶναι.
733 707 787 823 Ti
791 784 826 839 με
880 775 985 822 nentem
1000 786 1041 824 res
1056 763 1159 823 alienus
1170 784 1272 844 rapere.
1297 764 1379 822 Disce
1393 761 1460 840 quid
1481 761 1518 822 sit
1530 774 1626 822 contu·

194 844 315 981 θα
329 847 355 980 t
369 834 826 998 uuoloiron
879 842 983 979 urla
997 843 1063 923 αθ
1078 840 1629 981 rtrau„rutulio-uu

58 927 176 1082 ερόύῑητρεόι
191 946 371 1080 μερίδεύάεςνοςνς
382 944 760 1082 ’δίγορρδὶοςσξέξξχςειροξέχνης
781 989 806 1057 εί
816 1023 838 1072 ςΙ
879 944 1165 1074 ararumeisiseeiliiuid
1178 1000 1245 1058 mibi
1257 967 1356 1081 proties
1365 1020 1427 1058 cum
1435 943 1513 1059 icdes
1525 1001 1551 1058 in
1563 965 1626 1059 thas

60 1087 109 1140 οὐκ
128 1083 185 1140 ἐστι
201 1087 286 1140 ταῦτα
303 1082 476 1160 ἐγκλήματα·
491 1080 610 1159 ἐγκώμια
634 1080 718 1139 ταῦτά
739 1086 826 1150 ἐστιν,
881 1078 967 1150 lamo,
981 1095 1007 1140 et
1019 1082 1156 1161 lupuses‘l
1169 1079 1236 1157 quid
1251 1081 1318 1138 mibi
1328 1079 1420 1138 damni
1430 1079 1517 1138 adfert
1525 1100 1628 1160 pauper

59 1161 100 1220 ὅτι
120 1161 173 1220 άπὸ
193 1160 300 1219 δικαίων
323 1160 411 1219 πόνων
431 1159 480 1232 τήν
505 1160 603 1241 τροφήν
628 1160 693 1218 συνά
713 1183 765 1231 εις,
780 1160 828 1217 οὐκ
882 1157 909 1216 in
922 1160 979 1216 loro
990 1174 1081 1237 stans,
1093 1161 1243 1236 bovemque
1253 1173 1279 1217 et
1287 1159 1419 1218 aratorem
1429 1158 1627 1218 imitanstcr'r·

62 1239 201 1317 ἀλλοτρίας
224 1239 458 1320 περιεργαζόμενσς
484 1238 584 1306 οἰκίας·
606 1240 664 1299 Οὐκ
690 1184 761 1297 έστιν
783 1226 828 1296 οὖν
883 1238 1130 1299 cumforaneuses?
1147 1238 1350 1319 operariuses?
1364 1258 1416 1296 non
1432 1251 1494 1296 sunt
1508 1237 1629 1296 becceri-

62 1319 185 1396 ἔγκλημα
204 1319 234 1377 τὸ
251 1323 372 1398 ἀγοραῖον
393 1308 470 1391 εἶναι,
483 1317 541 1378 nott
557 1319 588 1379 τδ
605 1317 775 1399 χειροτέχνην
790 1306 829 1374 εί·
848 1337 866 1384 r
883 1317 955 1376 mina
969 1341 975 1374 τ
989 1320 1109 1378 ebcomia
1129 1333 1190 1377 sunt
1203 1363 1211 1391 ,
1226 1318 1353 1395 quoniam
1367 1339 1382 1376 a
1393 1318 1474 1397 justis
1488 1316 1629 1376 laboribus

63 1421 126 1456 ναι·
143 1397 211 1456 ἀλλὰ
236 1398 262 1456 τί
285 1402 355 1457 ἐστιν
382 1397 521 1476 ἔγκλημα,
537 1398 567 1457 τδ
589 1399 675 1477 ἀργῶς
693 1401 756 1472 ζῇν·
775 1394 828 1454 είθι
884 1397 1041 1457 alimentum
1054 1398 1182 1477 colligis,
1205 1418 1258 1456 non
1282 1397 1378 1456 domos
1400 1396 1500 1455 alienas
1524 1394 1629 1455 curiose

64 1476 112 1554 μὲν
138 1468 181 1535 οὖν
203 1477 297 1555 ἀργὸν,
312 1477 356 1534 καί
379 1476 416 1554 μή
444 1480 533 1544 κακῶς
560 1477 741 1557 ἐργαζόμενον.
757 1475 828 1553 Ἆγο·
883 1474 1063 1554 frequentans.
1088 1479 1149 1536 Nou
1175 1491 1213 1537 est
1243 1476 1328 1555 igitur
1350 1476 1451 1534 crimen
1482 1475 1629 1535 circumlo-

64 1565 134 1636 ραῑος
155 1548 187 1627 ήν
211 1561 225 1614 θ
248 1557 370 1627 Παῦλος,
396 1556 441 1614 καί
470 1558 511 1616 ἐπ’
535 1557 709 1636 ἐργαστηρίου
741 1553 829 1626 cieri·
884 1574 995 1615 rancum
1018 1577 1093 1626 esse,
1117 1577 1203 1635 neque
1223 1556 1376 1637 operarium
1396 1576 1460 1614 esse.
1481 1555 1554 1636 Quis!
1577 1575 1630 1613 au·

61 1655 115 1693 κει·
131 1633 176 1692 καλ
194 1637 241 1694 οὐκ
258 1627 290 1707 ήν
314 1635 367 1715 πφδ
387 1639 433 1694 τοῦ
450 1638 603 1715 εὐαγγελίου
624 1643 748 1708 τοιοῦτος,
762 1631 938 1714 perimtem
959 1648 999 1695 est
1020 1635 1144 1695 crimen?
1166 1636 1250 1694 otiose
1273 1637 1368 1695 vivere
1392 1657 1399 1690 ι
1422 1648 1502 1712 atque
1524 1632 1628 1693 utinam

59 1713 92 1772 τδ
112 1713 263 1792 εὐαγγέλιον
281 1715 467 1790 μετεύαλλετο.
486 1715 566 1775 Ἀλλὰ
586 1713 631 1774 καί
645 1715 770 1793 ἐκήρυττε
784 1713 830 1787 καὶ
848 1733 869 1778 a
885 1714 968 1774 otiose
986 1723 1089 1774 tantum
1108 1719 1202 1774 et'non
1218 1714 1289 1774 male
1301 1710 1422 1795 operari!
1444 1713 1627 1774 eircumfora-

61 1792 180 1870 δέρματα
199 1793 327 1872 έρατττεν·
342 1793 470 1873 ἐκήρυττε
492 1795 538 1854 καί
562 1793 639 1870 έμενε
663 1817 702 1852 πα
722 1792 739 1852 δ
759 1796 830 1873 Πρι-
885 1814 952 1852 neus
970 1807 1027 1853 erat
1046 1793 1165 1863 Paulus,
1180 1808 1205 1853 et
1225 1794 1254 1853 in
1277 1794 1384 1854 officina
1406 1792 1493 1851 stabat
1511 1792 1521 1849 ἰ
1542 1810 1629 1871 nequo

61 1872 157 1952 σκίλλα
183 1874 230 1932 καί
252 1873 361 1955 Ἀκύλφ,
383 1872 435 1933 Art
459 1873 489 1933 τδ
511 1873 669 1954 ὁμότεχνον·
689 1818 758 1947 iias
780 1874 814 1953 γά
884 1872 946 1931 talis
960 1887 1015 1932 erat
1031 1873 1292 1954 anteevangelium,
1327 1886 1368 1932 ost
1379 1872 1549 1951 evangelium
1562 1891 1628 1932 vero

61 1954 215 2022 σκηνοποιοὶ
238 1952 286 2024 τὴν
305 1954 411 2033 τέχνην.
431 1942 472 2011 Ὦ
493 1953 632 2033 φιλοσοφία
656 1955 784 2012 Παύλου·
808 1895 832 2015 δ
885 1958 1005 2010 mutatus
1017 1966 1066 2011 est.
1082 1953 1136 2013 Sed
1150 1966 1176 2011 et
1190 1895 1363 2033 predicabat,
1379 1964 1406 2010 ct
1420 1953 1503 2031 pelles
1517 1971 1629 2010 consue·

61 2032 185 2111 φρόνημα
203 2032 319 2114 ὑψηλὸν,
335 2033 380 2091 καί
400 2031 494 2112 γνώμη
515 2022 713 2113 epipiscopi
731 2032 833 2096 διάνοια
885 2031 933 2091 bat
946 2055 953 2088 r
966 2032 1129 2112 praedicabat
1149 2046 1174 2091 et
1195 2033 1319 2090 manebat
1337 2029 1413 2112 apud
1433 2030 1585 2090 Priscillam
1601 2043 1628 2090 et
1786 2069 1787 2072 ·

61 2116 108 2182 τῆς
130 2113 223 2191 ἁψῖδος
243 2119 289 2172 τοῦ
308 2114 416 2191 ούρανοῦ
437 2113 575 2212 ἁψαμένη·
590 2101 612 2170 ἐν
629 2110 702 2222 ψυχὴ
726 2111 833 2174 πάντων
887 2110 1027 2189 Aquilam,
1051 2113 1128 2190 Quia
1149 2112 1276 2192 ejusdem
1293 2122 1357 2170 erat
1371 2114 1693 2173 artiseerantaudce.
1712 2119 1783 2177 ιθθ,

61 2192 220 2270 θπεροριῗισα
239 2194 291 2249 τῶν
312 2191 472 2271 δρωμένων·
496 2216 518 2249 ω
540 2192 633 2270 γνώμη
646 2190 676 2229 ⁴*
713 2193 833 2272 ἀράχνην
887 2205 942 2248 tem
961 2194 1183 2271 scenofactoriae
1199 2194 1280 2250 artis.
1299 2191 1324 2248 Ο
1340 2189 1512 2281 philosophia
1530 2188 1625 2252 Pauli!

63 2272 166 2347 ἐνόμιζε
183 2277 228 2329 τοῦ
256 2269 313 2348 βίου
336 2270 384 2338 τδς
406 2270 568 2349 φαντασίας·
584 2272 632 2331 οὐκ
653 2273 755 2343 ἐπῆλθε
768 2273 834 2354 πρδς
886 2291 903 2329 ο
923 2269 1049 2330 sublimis
1062 2290 1170 2344 sensus,
1190 2283 1218 2328 et
1234 2282 1363 2329 sententia
1378 2268 1461 2327 animi
1479 2265 1628 2329 indomita!
1826 2268 1855 2347 ἐξ

64 2349 206 2425 βασιλέας,
219 2351 276 2408 οὐδὲ
298 2352 400 2420 ἀπῆλθε
413 2347 479 2430 πρὸς
500 2351 656 2422 πλουσίους,
668 2353 716 2410 οθκ
730 2355 833 2423 ἀπῆλθε
886 2370 902 2408 o
916 2369 990 2408 ruens
1001 2350 1060 2409 coeli
1072 2350 1201 2410 fornicem
1214 2345 1392 2428 attingenslo
1405 2349 1493 2407 anima
1509 2347 1630 2407 visibilia
1815 2396 1818 2402 ,
1840 2362 1855 2393 ··

62 2427 129 2505 πρὸς
150 2430 284 2508 εὐπόρους,
303 2428 371 2488 ἀλλὰ
395 2429 460 2507 πρὸς
477 2428 648 2500 σκηνοποιούς
667 2433 769 2503 ἀπῆλθε
789 2432 833 2493 διδ
886 2430 975 2488 omnia
990 2427 1158 2511 despiciens!
1173 2450 1189 2488 o
1203 2424 1442 2488 mens***!zretam
1453 2448 1556 2487 aranea
1572 2447 1630 2488 esse

60 2507 92 2565 τὸ
115 2507 271 2586 ὁμότεχνον,
286 2507 331 2566 καί
346 2511 392 2566 οὐκ
407 2507 536 2588 ᾐσχύνετο
553 2507 724 2568 ἐκκαλύπτειν
739 2513 833 2573 ἐαυτοῦ
849 2533 868 2581 η
885 2507 1131 2567 existimabatritae
1140 2508 1313 2567 fastummon
1325 2505 1395 2566 adiit
1406 2525 1489 2586 reges,
1500 2526 1552 2566 non
1560 2505 1630 2566 divi·

61 2586 93 2644 τὸ
104 2587 283 2664 ἐπιτήδευμα,
296 2587 365 2646 etta
381 2596 447 2648 πᾶσι
457 2592 534 2647 τοῦτο
547 2589 697 2658 κατάδηλον
716 2592 832 2671 εέργάζε-
885 2599 936 2664 tes,
948 2608 1000 2647 non
1011 2588 1171 2670 locupletes,
1185 2586 1231 2646 sed
1243 2587 1417 2654 tentoriorum
1427 2586 1537 2667 opifices
1548 2585 1628 2661 adiit,

62 2686 102 2723 το.
120 2664 167 2724 Ἐν
181 2671 266 2746 ἀγορᾷ
279 2665 398 2737 εἱστήκει
415 2666 446 2724 τὸ
464 2667 614 2746 εὐαγγέλιον
628 2667 775 2747 κηρύττων,
786 2693 832 2730 νι-
885 2667 950 2745 quia
969 2666 1089 2749 ejusdem
1109 2680 1167 2726 crat
1184 2666 1269 2741 artis;¹
1283 2687 1330 2726 nec
1349 2667 1457 2725 erubuit
1476 2665 1629 2727 institutum

60 2742 138 2824 κροδς
151 2744 275 2825 ἐγείρων,
288 2744 400 2827 λεπροὺς
414 2745 566 2827 καθαίρων,
578 2746 623 2806 καί
637 2750 684 2807 ούκ
701 2748 832 2829 ᾐσχύνετο
884 2747 947 2805 vitae
963 2768 1019 2807 suae
1031 2747 1168 2826 detegere,
1184 2746 1233 2806 sed
1246 2746 1297 2805 hoc
1310 2747 1436 2806 omnibus
1452 2747 1541 2826 palam
1553 2746 1627 2810 fecit.

60 2826 99 2902 τῷ
115 2825 204 2904 τόπῳ,
219 2823 288 2882 ἀλλὰ
303 2826 528 2895 ἐνεκαλλωπίζετο
547 2829 586 2906 τῷ
603 2826 711 2908 τρόπιρ,
727 2829 773 2888 καὶ
793 2831 832 2888 ri·
885 2827 916 2906 lu
927 2827 986 2887 soro
999 2828 1072 2886 stetit
1082 2825 1252 2905 evangelium
1265 2826 1424 2906 predicans,
1438 2832 1558 2884 mortuos
1569 2845 1630 2885 sus·

61 2903 154 2972 στήκει
175 2908 201 2965 ἐν
216 2906 374 2985 ἀγυρᾷ·καί
394 2903 469 2981 opti
487 2903 598 2973 ἐξεδίδου
612 2906 748 2985 δέρματα,
763 2912 787 2969 οί
804 2908 831 2969 δέ
884 2905 988 2984 citans,
1009 2906 1036 2965 le
1055 2927 1130 2968 rosus
1148 2906 1301 2980 mundans,
1318 2927 1366 2965 nec
1386 2904 1493 2965 deloco
1510 2902 1629 2986 pudebat

61 2982 162 3060 ἔλεγον,
177 2984 326 3057 άνάστησον
345 2983 390 3044 τὸν
410 2983 517 3064 νεκρόν·
532 2985 577 3045 καί
598 2988 762 3060 είστήκεισαν
786 2988 842 3051 δύοΙ
884 2984 978 3059 illum,
998 2928 1054 3045 seri
1066 2986 1101 3045 de
1113 2976 1305 3045 coniuctudine
1323 2984 1500 3066 gloriabatur.
1525 2985 1556 3044 lu
1569 2984 1629 3044 foro

60 3072 196 3141 γυναῖκες,
220 3068 237 3135 ή
268 3063 317 3141 μέν
340 3064 470 3144 λέγουσα,
492 3064 602 3138 ποίησόν
625 3088 671 3142 μοι
692 3066 723 3126 τὸ
746 3066 831 3146 δέρμα
885 3065 985 3138 stabat,
1002 3079 1028 3124 et
1041 3065 1111 3125 alius
1123 3064 1232 3145 quidem
1247 3065 1330 3146 pelles
1340 3064 1435 3141 dabat,
1448 3063 1495 3122 alii
1509 3083 1574 3123 vero
1585 3064 1629 3124 di·
1651 3077 1653 3082 '

62 3146 217 3244 φτρῶμρι,ή
233 3141 261 3201 δέ
270 3142 398 3220 λέγουσα,
410 3143 558 3216 άνάστησον
570 3143 614 3203 τὸν
626 3143 686 3244 μίόν
700 3169 750 3223 μου
762 3192 771 3223 ,
785 3148 831 3208 καθ
885 3143 995 3234 cebant,
1010 3147 1151 3237 Mortuum
1169 3145 1268 3236 suscita
1282 3168 1288 3202 τ
1301 3166 1332 3215 ac
1347 3156 1476 3235 steterumt
1488 3143 1550 3242 duae
1564 3164 1627 3202 mu·

60 3222 400 3377 ttrttttttftttl‘ltt
412 3223 831 3383 ai“{2i⁰2¹2‘2rpsslibll,‘iii”⁰l
884 3218 1627 3383 ltttttltttltllttltlglltstillula

60 3377 138 3456 χάρις
159 3379 279 3457 ἐνήργει,
294 3378 340 3438 καί
355 3380 515 3459 ἀμφοτέραις
533 3379 720 3460 ἐπεκρίνατοὸ
739 3405 832 3455 οκηνο
884 3401 975 3441 meum
985 3404 994 3455 ;
1014 3395 1041 3440 et
1059 3383 1167 3460 utrique
1183 3381 1337 3462 respoudit,
1356 3395 1437 3459 atque
1454 3380 1529 3440 aliud
1548 3381 1628 3440 alteri

61 3458 196 3533 ποιὸς,τῇ
213 3459 261 3535 μὲν
273 3458 304 3517 τδ
321 3458 374 3518 άπὸ
394 3464 442 3531 τῆς
455 3459 563 3559 τέχνης,
578 3465 612 3541 τῇ
628 3461 656 3520 δέ
669 3461 700 3521 τδ
714 3462 767 3522 ἀπὸ
783 3466 831 3535 τῆς
848 3496 867 3546 c
884 3460 1077 3542 impedimento
1090 3462 1222 3531 nonfuit,
1237 3461 1285 3521 sed
1298 3475 1325 3519 ct
1343 3481 1439 3520 manus
1455 3459 1625 3538 laborabant,

59 3535 168 3616 χάριτος
186 3537 324 3619 παρέχων.
343 3536 382 3597 Σύ
400 3537 426 3596 τί
441 3542 549 3617 βουλει;
570 3543 681 3642 στρῶμα
693 3542 725 3600 τὸ
746 3541 830 3620 δέρμα
883 3554 910 3598 et
923 3539 1009 3630 gratia
1024 3540 1202 3621 operabatur:
1215 3554 1241 3599 et
1255 3541 1362 3618 utrique
1380 3537 1556 3630 respondebat
1568 3553 1626 3599 ten·

59 3616 112 3694 ἐγὼ
126 3619 212 3675 ποιῶ·
228 3618 347 3696 δέρματα
364 3617 416 3722 γὰρ
433 3617 534 3698 ῥάπτω.
550 3618 593 3688 Τί,
603 3620 764 3698 βαυλειςτδν
783 3643 830 3680 νε·
883 3631 1014 3679 tortorum
1026 3621 1137 3700 opifex,
1158 3619 1237 3678 alteri
1249 3618 1359 3699 quidem
1378 3634 1442 3677 arus
1458 3640 1532 3693 sua,
1548 3619 1625 3678 alteri

58 3696 120 3775 κρόν
140 3718 186 3754 σου
208 3698 250 3775 ίγε
269 3703 347 3768 θῆναι
366 3699 419 3775 ἐγω
429 3702 515 3757 ποιῶ·
529 3698 573 3758 τδν
589 3699 658 3758 Θεδν
669 3699 722 3780 γδιρ
741 3722 829 3780 παρα-
882 3698 976 3778 gratie
990 3699 1107 3758 fructum
1118 3698 1244 3778 largiens.
1261 3697 1337 3770 Quid
1349 3711 1377 3756 tu
1391 3698 1451 3757 vis?
1463 3697 1562 3779 pellem
1575 3718 1626 3789 ego
1642 3707 1644 3714 ’

58 3779 141 3834 καλῶ.
157 3776 235 3848 Μήτι
244 3722 341 3843 liscio<
348 3776 441 3916 τέχνη.
450 3779 511 3836 uox
521 3779 638 3848 ἐπῆλθεν
652 3780 689 3845 είς
701 3779 828 3840 πλουσίαν
882 3777 996 3837 conficio
1013 3779 1040 3838 in
1052 3776 1204 3863 stragulum
1218 3800 1225 3835 ι
1237 3778 1320 3859 pelles
1333 3777 1405 3837 enim
1420 3797 1534 3839 consuo.
1547 3777 1626 3852 Quid

57 3855 142 3913 αἰκίαν
162 3856 208 3914 καί
227 3854 351 3936 εὔπορον·
366 3881 380 3914 ν
397 3879 446 3934 γιον
464 3855 517 3936 γὰρ
534 3856 650 3938 ἐπλήρου
675 3857 828 3918 δεσποτικὸν
881 3871 912 3916 tu
923 3857 1128 3918 visimortuum
1139 3870 1216 3915 tuum
1225 3878 1275 3937 ego
1282 3857 1625 3932 suscitaricurabotDeum

56 3933 186 4011 λέγοντα·
209 3937 256 4002 Εἰς
276 3937 309 4008 ἣν
331 3937 355 3994 δ’
380 3935 414 3993 ἐν’
432 3936 508 3996 πολιν
529 3936 546 4007 ἢ
568 3936 653 3997 οἰκίαν
677 3936 827 4012 εἰσέλθητε,
880 3938 952 3996 enim
972 3937 1082 4016 rogabo.
1103 3938 1197 4016 Neque
1207 3936 1334 3997 dedecori
1353 3957 1397 3995 ars
1413 3950 1478 3997 erat.
1492 3938 1551 3996 Non
1568 3936 1626 3997 ibat

57 4014 209 4092 ἐρωτήσατε
230 4014 269 4082 τίς
283 4017 353 4074 ἐστιν
377 4015 447 4084 άξιος
469 4014 496 4074 ἐν
518 4019 601 4096 αὐτῇ,
618 4020 696 4076 κάκεῖ
711 4016 826 4094 μείνατε.
880 4016 908 4075 in
920 4015 1031 4076 domum
1043 4016 1157 4077 divitem
1169 4030 1195 4075 et
1205 4017 1364 4098 locupletem
1374 4015 1476 4096 :legem
1484 4015 1556 4075 enim
1568 4017 1625 4076 Do

57 4092 113 4150 Kal
127 4094 177 4171 γάρ
190 4092 260 4160 ἄξιος
279 4100 324 4154 τοῦ
339 4092 448 4154 Παύλου
460 4099 476 4154 θ
493 4095 665 4169 σκηνοποιός;
679 4094 734 4155 Καὶ
746 4096 826 4158 πάνυ.
881 4096 948 4155 mini
960 4095 1229 4176 implebatdiceutem
1241 4120 1247 4154 :
1260 4102 1297 4155 In
1306 4108 1624 4175 quarncumquearttem
1634 4094 1784 4201 mys&
1801 4119 1809 4177 '‚

58 4170 112 4229 Διίι
128 4172 153 4229 τί
168 4172 318 4245 οὔ;ἐπιιδθ,
333 4166 534 4248 σκηναποιδςήν
550 4175 680 4248 κατδτήν
695 4176 828 4255 φιλσπτω·
880 4180 1026 4236 civitatem
1040 4191 1092 4236 aut
1107 4181 1224 4235 domum
1236 4179 1428 4246 intraveritis,
1447 4179 1624 4256 interrogate
1639 4203 1675 4238 ιι.
1705 4186 1798 4257 „2:3²
1844 4228 1855 4242 .

58 4249 144 4328 χείαν.
161 4253 237 4310 Εἴπω
251 4275 292 4311 σοι
306 4253 385 4311 αὐτοῦ
397 4253 527 4333 ἐγκώμιον
541 4254 703 4332 διαδήματος
715 4255 828 4335 βέλτιον,
881 4259 948 4332 quis
957 4262 1033 4314 inea
1042 4255 1147 4336 dignus
1156 4257 1205 4327 sit,
1216 4268 1244 4315 et
1255 4259 1295 4314 τ’θτ·
1306 4269 1430 4313 manete.
1441 4254 1623 4314 Eratueeuim
1691 4310 1707 4331 s
1730 4246 1802 4335 323
1852 4254 1855 4274 ³

58 4330 230 4471 :trullo
241 4331 827 4490 irreformabile
844 4378 865 4424 ν
881 4334 966 4473 θείς
981 4333 1103 4493 triu
1123 4332 1622 4490 tir„contractuum

57 4487 101 4546 ίνα
116 4491 202 4569 μάθῃς
214 4491 255 4550 ότι
265 4491 350 4552 πλείω
361 4489 435 4570 παρδ
445 4496 479 4572 τῇ
489 4438 620 4572 γυνάύκλὴ
635 4493 725 4573 ἐρατή.
734 4440 829 4554 brieri:
881 4495 973 4574 opifex
989 4486 1057 4552 eiat'
1068 4459 1214 4552 secundum
1228 4493 1393 4573 paupertatis
1407 4511 1526 4549 amorem
1540 4491 1622 4571 rui·
1779 4480 1784 4487 ¹

57 4573 139 4626 σασθε
159 4571 324 4650 Πρισκίλλαν
338 4571 383 4631 καί
396 4570 523 4643 Ἀκύλαν,
538 4569 682 4650 Ῥωμαίοις
700 4573 826 4653 γράφων,
881 4593 940 4632 cam
956 4572 1008 4632 tibi
1028 4574 1085 4652 ejus
1099 4573 1252 4654 encomium
1266 4570 1418 4631 diademate
1433 4570 1620 4650 praestantiuS,
1699 4597 1701 4600 ’

56 4646 151 4714 οἵτινες
171 4650 237 4730 ύπέρ
256 4655 306 4722 τῆς
319 4652 386 4729 ἐμῆς
400 4653 488 4733 ψυχῆς
508 4650 552 4710 τδν
572 4654 673 4710 ἑαυτῶν
691 4676 708 4710 τ
735 4652 826 4733 ’χηλον
879 4666 952 4712 veste
960 4672 1119 4734 purpureas
1140 4649 1295 4710 lendidius?
1305 4651 1440 4711 Salutate
1452 4651 1619 4710 Priscillam
1630 4680 1740 4734 nme·
1747 4685 1763 4732 3

54 4725 198 4796 ὑπέθηκαν.
217 4719 299 4796 Εἶδες
311 4731 462 4809 ἐγκώμιον,
478 4721 544 4798 εἶδες
559 4730 694 4813 μάρτυρας
710 4676 825 4808 δόξαντας
879 4744 907 4790 et
925 4733 1084 4813 Aquilam.
1108 4674 1282 4790 liisemiuam
1296 4730 1357 4790 viro
1370 4729 1522 4812 praeponit,
1544 4742 1575 4788 ut
1584 4719 1618 4790 'tu
1631 4745 1655 4802 t.
1765 4718 1773 4734 ’

53 4803 159 4871 Οίτινει
172 4805 239 4885 ὑπὲρ
251 4812 300 4879 τῆς
321 4814 387 4889 ἐμῆς
400 4813 488 4891 ψυχῆς
505 4811 550 4871 τδν
565 4814 670 4870 ,ἑαυτῶν
692 4811 826 4893 τράχηλον
877 4811 968 4872 discas
984 4811 1113 4891 majorem
1129 4811 1212 4870 luisse
1220 4810 1249 4879 in
1261 4809 1358 4869 femina
1375 4811 1512 4878 virtutem.
1527 4810 1619 4870 Salu-

52 4883 197 4956 ύπέθηκαν.
220 4888 315 4967 Μαρτύ
334 4913 371 4948 ιον
394 4889 606 4972 άττηφτισμένον,
620 4891 650 4950 ού
665 4894 699 4964 τῆ
718 4890 826 4972 ἐκχύσει
879 4903 939 4950 tute
952 4891 1122 4951 Priscillam
1136 4903 1164 4949 et
1177 4889 1337 4970 Aquilam,
1350 4889 1385 4950 ad
1400 4891 1535 4949 Romanos
1550 4889 1619 4948 scri·

51 4968 98 5023 τοῦ
113 4964 242 5042 αίματός,
261 4911 331 5028 etti
350 4974 383 5049 τῇ
396 4971 611 5052 προαιρέσειτῆς
629 4957 753 5040 διανοίας.
777 4972 839 5045 Μή,
876 4970 951 5042 bens,
967 4976 1019 5051 φατ’
1033 4991 1087 5050 pro
1103 4973 1206 5029 anima
1220 4991 1285 5029 mea
1298 4990 1366 5030 suas
1379 4975 1502 5029 cervices
1512 4989 1618 5048 meppe-

52 5066 98 5120 μοι
117 5045 192 5124 λέγε,
207 5048 255 5104 οὐκ
270 5047 423 5128 ἐσφάγησαν
433 5051 478 5109 ·-εί
492 5050 543 5131 γάρ
557 5050 603 5108 καί
617 5048 655 5129 μὴ
670 5051 824 5131 ἐσφάγησαν
876 5064 1008 5113 suerunt.
1024 5050 1126 5112 Vidisti
1141 5053 1308 5124 encomium,
1321 5048 1416 5110 vidisti
1434 5043 1512 5107 testei
1528 5049 1617 5123 vivos,

50 5125 85 5201 τῇ
103 5122 199 5205 πείρφ,
212 5127 271 5184 ἀλλ’
285 5128 437 5207 ἐσφάγησαν
456 5152 489 5208 τη
503 5128 597 5210 γνώμη
609 5135 641 5190 ·θ
664 5129 776 5199 δέθεδς
794 5131 858 5211 οδε
879 5131 935 5207 Qui
954 5151 1008 5210 pro
1025 5132 1128 5189 anima
1150 5149 1216 5188 mea
1238 5150 1309 5190 suas
1327 5131 1450 5188 cervices
1463 5138 1617 5206 tempusue.-

50 5204 125 5269 τέλος
137 5207 340 5279 ἐπιζητεῒ,άλλδι
351 5209 603 5287 παρασκευήν·ἐπεί
617 5208 662 5269 καί
674 5215 688 5270 θ
701 5207 825 5291 ’lioperto
874 5223 955 5268 runt.
964 5270 967 5276 ,
977 5209 1142 5291 Martyrium
1157 5208 1325 5279 absolutum,
1340 5228 1393 5267 non
1407 5204 1536 5265 effusione
1549 5225 1617 5264 san-

51 5280 96 5339 τδν
111 5284 166 5342 υίδν
183 5284 291 5366 ἔσφαξε,
315 5286 402 5346 καίτοι
416 5285 453 5365 μή
477 5286 576 5369 σφάξας
588 5311 594 5325 ·
606 5288 709 5370 καθαρά
723 5290 775 5373 γάρ
788 5281 822 5362 ἦν
874 5291 981 5367 guinis,
999 5287 1045 5348 sed
1062 5285 1191 5349 electione
1204 5288 1297 5349 animi.
1311 5288 1353 5346 Ne
1369 5285 1436 5344 mibi
1455 5284 1544 5359 dicas,
1555 5282 1614 5345 Non

52 5366 73 5433 ἡ
85 5360 204 5444 μάχαιρα
219 5387 224 5403 ·
239 5365 285 5427 καί
298 5365 384 5445 λέγει,
396 5369 456 5429 Οὐκ
474 5366 569 5448 ἐφείσω
582 5374 628 5430 τοῦ
647 5373 702 5431 υίοθ
713 5392 760 5431 σου
776 5375 823 5430 ποθ’
874 5369 956 5431 occisi
967 5369 1075 5430 fuerunt
1090 5368 1212 5431 :etiamsi
1224 5365 1296 5430 enim
1306 5367 1393 5448 reipsa
1404 5363 1484 5427 occisi
1496 5385 1548 5425 non
1558 5364 1616 5430 lue.-
