3714 5970
626 463 670 509 nn
696 462 776 510 viru
806 464 835 509 s.
864 462 1006 511 soruuts
1033 462 1282 513 cttnusosrout.
1714 448 1737 520 5

166 594 225 652 δέκα
238 592 257 664 ἢ
271 592 296 653 ol
322 593 465 674 τυχόντες,
481 597 547 672 ἡμῖν
566 594 738 674 ἀφηγήσαντο
756 594 816 676 περὶ
838 599 890 657 τῶν
913 601 939 656 ἐν
996 591 1073 650 uobis
1085 591 1131 669 qui
1145 593 1223 652 aliter
1235 595 1433 676 acceperimus:
1447 618 1498 657 non
1517 598 1588 659 enim
1605 621 1674 660 tinus
1690 618 1737 663 atu

168 687 446 747 Ιίωνσταντινσυπολει
473 686 647 766 συμόᾶντων,
663 686 733 747 ἀλλὰ
753 691 798 750 καί
823 690 940 763 πλείους,
995 684 1073 761 alter,
1085 699 1132 743 aut
1145 699 1209 761 tres,
1221 701 1268 745 attt
1279 687 1382 761 decem,
1396 704 1443 748 aut
1452 693 1644 773 cujuscumque
1654 716 1734 775 gene·

167 780 208 839 ut
220 779 322 840 τούτων
336 785 363 840 01
378 780 426 858 μὲν
438 778 580 840 ἐπίσκοπος
591 780 637 839 καὶ
650 781 822 863 πρεσὸύγερω
837 783 882 844 καὶ
895 789 941 843 τοῦ
996 776 1033 834 ris
1044 777 1166 838 homines
1178 799 1207 838 ea
1218 801 1276 858 qnae
1285 780 1518 864 Constantinopoli
1530 786 1674 866 contigere,
1689 810 1736 849 no·

168 873 297 950 ιάγρωςος
320 877 376 931 τῶν
402 877 538 952 μοναχῶν,
562 873 630 944 Kal,
646 876 667 933 εἰ
691 874 780 953 βούλει
805 875 941 955 συντόμως
956 882 981 949 Ι),
994 870 1038 929 bis
1050 870 1238 945 denarrarem,
1248 872 1295 932 sod
1304 874 1404 963 plures,
1418 889 1445 934 et
1457 896 1491 935 ex
1504 877 1559 954 illis
1574 878 1622 937 alii
1634 880 1736 960 episeo-

170 970 256 1042 μαθεῖν
277 963 314 1024 ch
332 970 382 1037 τῆς
401 964 568 1035 Ἐκκλησίας
586 964 744 1042 Ῥωμαίων,
762 967 874 1049 παρέχω
899 989 941 1027 σοι
996 962 1033 1043 pi,
1043 961 1092 1021 alii
1112 965 1261 1046 presbyteri
1276 980 1357 1045 atque
1369 990 1402 1027 ex
1417 969 1512 1028 ordine
1532 972 1736 1033 monachorum.

168 1055 209 1128 τήν
222 1060 332 1134 γνῶσιν.
347 1059 461 1135 Πρῶτος
481 1057 587 1117 πόντων
605 1058 771 1138 παραγέγονι
790 1061 855 1142 πρὸς
869 1066 942 1139 ἡμᾶς
995 1053 1074 1126 Quod
1091 1056 1114 1114 si
1128 1076 1205 1116 nosse
1221 1057 1262 1116 vis
1276 1080 1336 1136 quoe
1357 1059 1393 1118 ad
1416 1060 1565 1121 Ecclesiam
1587 1065 1736 1124 Romanam

169 1149 337 1227 ἀνωγνώστης
350 1149 532 1231 Ἀλεξανδρεὺς
545 1149 613 1227 μετὰ
626 1153 678 1208 τῶν
692 1152 860 1232 γραμμάτων
874 1155 941 1212 Oro
995 1161 1192 1228 peruenerunt,
1208 1150 1326 1210 breviter
1335 1172 1479 1232 exponam.
1494 1154 1601 1213 Primus
1612 1158 1735 1218 omnium

171 1244 239 1323 μ’λαν
263 1248 313 1302 τοῦ
337 1242 432 1315 πόποι,
457 1245 483 1302 έν
506 1235 543 1310 οἷς
561 1243 739 1325 προσανέρερε
762 1243 942 1324 καθῃρηκέναι
995 1241 1030 1300 ad
1046 1239 1191 1302 nos'venit
1207 1242 1407 1303 Alexandrinus
1421 1244 1505 1304 lector
1515 1265 1576 1305 cum
1588 1246 1736 1328 Theophili

170 1335 208 1393 τὸν
230 1335 372 1408 Ἰωάννην.
396 1326 446 1403 Οἷς
465 1337 620 1417 γράμμασιν
640 1335 756 1417 ἐντυχὼν
780 1337 941 1418 όμακόριος
995 1337 1074 1416 Papae
1088 1335 1228 1408 literis,in
1251 1337 1351 1415 quihus
1375 1336 1505 1395 referebat
1530 1359 1558 1396 se
1581 1337 1738 1420 deposuisse

171 1427 257 1494 τείσας
269 1427 442 1495 Ἰννοκέντιος
456 1428 551 1509 μικρὸν
562 1428 696 1509 ἀνετράπη
706 1475 714 1503 ,
725 1428 883 1508 προπετείας
896 1429 941 1489 καί
996 1430 1136 1488 loannem.
1149 1428 1256 1500 Quibus
1270 1428 1364 1506 lectis,
1377 1429 1471 1489 beatus
1482 1452 1551 1510 papa
1565 1432 1736 1491 Innocentius

170 1520 243 1599 πόρου
255 1519 404 1599 καταγνοὺς
417 1521 549 1600 Θεορίλου
560 1567 568 1592 ,
581 1521 622 1579 ότι
633 1521 678 1579 καλ
690 1519 769 1598 μόνος
779 1521 940 1602 γεγροίρηκε,
995 1540 1092 1600 parum
1106 1520 1208 1595 abluit,
1220 1520 1284 1598 quin
1303 1521 1476 1581 temeritatem
1491 1523 1639 1604 Theophili
1657 1539 1737 1604 atque

171 1613 210 1672 καί
223 1617 295 1693 σαφῆ
311 1611 360 1686 ιήν
371 1617 468 1693 γνῶσιν
483 1616 530 1672 οὐκ
545 1612 677 1694 ἔπεμψεν,
701 1612 766 1684 ήδί
782 1614 796 1673 ό
811 1617 941 1689 καθεῖλεν,
995 1613 1150 1693 superbiam
1165 1612 1343 1674 condemnans
1352 1614 1561 1693 exhorresceret,
1575 1616 1737 1695 quodetso·
1773 1650 1777 1657 ·

171 1702 265 1779 ήμετά
278 1704 361 1764 τίνων
376 1706 506 1764 καθεῖλεν.
524 1703 589 1764 Ἐπί
606 1704 856 1784 τούτοιςιδιαπορῶν
874 1704 940 1783 ἔμε·
957 1715 976 1762 E
995 1706 1039 1765 lus
1050 1705 1207 1787 scripsisset,
1223 1727 1271 1764 nec
1292 1707 1392 1766 claram
1406 1709 1464 1788 ejus
1484 1708 1524 1767 rei
1543 1708 1668 1768 notitiam
1682 1710 1737 1770 mi-

172 1819 224 1869 νεν,
238 1797 412 1877 ἀντιγράφειν
426 1799 455 1856 οὗ
475 1797 573 1871 θέλων,
592 1797 635 1856 διὰ
648 1797 679 1857 τό
695 1801 792 1877 κοῦρον
805 1801 852 1855 τοῦ
872 1797 940 1878 npti-
995 1800 1082 1875 sisset,
1096 1813 1222 1878 auteur,
1238 1815 1284 1859 aot
1300 1799 1400 1878 quihus
1414 1802 1541 1859 assumtis
1557 1801 1637 1861 sociis
1650 1804 1737 1864 Joan-

171 1911 275 1967 γμττος.
289 1888 339 1949 Ἔν
353 1880 391 1957 οἷς
411 1890 539 1959 Εὐσέόιός
553 1914 592 1957 τις
606 1889 725 1956 διάκονος
735 1891 785 1959 τῆς
800 1891 940 1948 Κωνσταν·
995 1913 1056 1952 nem
1067 1892 1244 1974 deposuisset.
1260 1891 1303 1951 td
1316 1893 1374 1952 haec
1386 1892 1488 1952 dubius
1499 1893 1584 1952 animi
1599 1894 1736 1967 manebat,

172 1983 355 2041 τινοιπολιτῶν
386 1980 571 2055 Ἐκκλησίας,
595 1984 822 2053 ίκκλησιαστικῶν
855 1981 940 2040 ἕνεκεν
994 1984 1141 2044 rescribere
1158 1983 1249 2044 nolens
1263 1985 1299 2044 ob
1313 1984 1351 2042 rei
1365 1998 1446 2063 gesta
1471 1984 1618 2045 levitatem.
1632 1989 1735 2048 Interea

173 2072 308 2153 διατρίόων
323 2077 350 2132 ἐν
365 2072 525 2154 τῇῬώμῃ,
540 2072 692 2153 προσελθὼν
706 2076 745 2153 τῷ
763 2074 842 2156 πάπογ
855 2074 940 2134 Ἰννο-
995 2075 1127 2135 Eusebius
1148 2075 1260 2154 quidam
1280 2076 1583 2158 constantinopolitana
1607 2078 1735 2139 Ecclesia

173 2165 273 2245 κεντίιρ,
296 2165 478 2233 ἐντευκτικοὺς
496 2166 633 2233 λιόίλλους
649 2165 940 2246 έπέδωκεν,”όρκίζων
995 2169 1140 2242 diaconus,
1159 2169 1206 2247 qui
1229 2182 1293 2228 tunc
1314 2170 1407 2228 Roma
1427 2183 1483 2228 erat
1496 2169 1736 2231 ecclesiasticarum

174 2256 257 2324 αίτοίις
273 2257 373 2339 μικρὸν
392 2261 532 2337 ἀναμεῖναι
546 2257 657 2340 χρόνον,
673 2259 802 2336 ὀψόμενον
826 2263 873 2332 τῆς
892 2283 934 2319 συ-
994 2283 1086 2321 rerum
1101 2283 1179 2320 causa
1191 2306 1199 2337 ,
1213 2261 1282 2321 adiit
1296 2282 1392 2342 papam
1407 2262 1611 2337 Innocentium,
1631 2277 1657 2322 et
1671 2286 1736 2344 sup-

173 2354 257 2422 σκευῆς
280 2349 331 2421 τήν
365 2353 544 2432 ἀπακαλυψιν.
568 2352 614 2410 Ἐν
635 2342 674 2418 οἷς
695 2348 845 2421 ἐπέστησαν
871 2350 940 2429 μετὰ
994 2352 1078 2432 plices
1093 2351 1197 2411 libellos
1219 2350 1314 2429 dedit,
1330 2349 1459 2430 adjurans
1472 2371 1534 2432 eum
1547 2365 1577 2410 ut
1597 2352 1736 2413 modicum

134 2452 156 2500 tl.
172 2450 230 2522 εμῖς
239 2443 345 2524 ἡμέρας
363 2442 505 2502 ἐπίσκοποι
522 2442 647 2521 τέσσαρες
668 2448 715 2501 τοῦ
730 2441 825 2523 μέρους
836 2441 938 2503 Ἰωαίν-
994 2443 1123 2524 temporis
1141 2440 1325 2524 exspectaret:
1338 2443 1395 2501 iore
1407 2443 1478 2502 enim
1497 2457 1528 2502 ut
1543 2444 1620 2519 brevi
1638 2445 1736 2506 sactio-

171 2560 223 2608 νου,
237 2533 483 2616 ἀνδρεςεῦλαόεῖς,
498 2533 649 2614 Πανσόριος
664 2534 810 2609 Πισσίδης,
823 2534 939 2602 Πόππος
994 2556 1055 2594 nem
1077 2536 1235 2617 patefactam
1255 2534 1368 2594 videret.
1396 2535 1507 2594 lnterim
1528 2550 1588 2617 post
1612 2537 1734 2598 triduum
1832 2555 1841 2570 ·

172 2627 278 2709 Συρίας,
301 2628 459 2706 Δημήτριος
488 2627 623 2695 Γαλατίας
647 2626 793 2710 δευτέρας,
815 2628 938 2708 Εὖγένιος
957 2647 976 2695 r
993 2626 1159 2687 advenerunt
1187 2641 1302 2706 quatuor
1327 2627 1446 2709 episcopi
1467 2648 1482 2687 e
1505 2629 1628 2709 partibus
1649 2633 1736 2692 loan-

172 2721 299 2800 Φρυγίας,
310 2721 453 2789 ἀναδόντες
467 2719 624 2793 ἐπιστολὰς,
640 2720 706 2798 μίαν
717 2720 782 2801 πρὸς
795 2725 854 2788 ταῖς
870 2720 938 2795 δυσὶ,
994 2720 1036 2779 nis
1051 2766 1062 2799 ,
1083 2720 1137 2782 viri
1151 2720 1284 2800 religiosi,
1298 2718 1468 2800 pansophius
1489 2719 1615 2797 Pisidia,
1628 2724 1737 2804 Pappus

172 2813 210 2884 cip
222 2813 270 2891 μὲν
283 2813 410 2874 Ἰωοίννω
421 2820 468 2874 τοῦ
479 2811 641 2884 ἐπισκόπου,
657 2812 705 2884 τήν
719 2813 746 2871 δὲ
758 2812 938 2893 τεσσαράκον-
993 2812 1103 2894 Syriae,
1120 2813 1271 2872 Demetrius
1296 2811 1411 2873 Galatia
1433 2812 1573 2883 secunda,
1598 2814 1737 2895 Eugenius

172 2929 199 2962 σα
218 2904 372 2966 ἐπισκόπων
388 2904 487 2986 ἑτέρων
511 2909 675 2964 κοινωνικῶν
686 2903 826 2980 Ἰωάννου,
840 2903 889 2978 τὴν
911 2904 939 2966 tl
994 2906 1137 2986 Phrygiae,
1152 2905 1198 2983 qui
1222 2919 1275 2964 tres
1296 2904 1422 2986 epistolas
1443 2902 1640 2982 reddiderunt,
1656 2929 1738 2969 unam

172 2997 254 3068 λοιπήν
272 3007 319 3058 τοῦ
344 2998 446 3078 κλήρου
460 2995 601 3069 Ἰωάννου,
625 2996 779 3078 συμφώνως
802 2999 850 3063 τὰς
869 3006 939 3076 τρεῖς
993 2992 1103 3074 quidem
1128 2995 1240 3056 loannis
1261 2994 1401 3075 episcopi,
1424 2994 1536 3054 alteram
1558 2995 1736 3076 quadraginta

173 3090 323 3151 ἑπαιδεότων
340 3090 452 3172 θόρυόον
475 3087 662 3167 σημαινοόσας.
683 3079 749 3169 Είχε
772 3089 799 3149 δέ
822 3089 853 3151 τὸ
875 3088 938 3169 θρος
992 3087 1180 3168 episcoporum
1204 3085 1238 3145 de
1263 3086 1450 3146 commuuione
1474 3087 1607 3161 loannis,
1630 3090 1736 3149 tertiam

173 3186 209 3252 τῆς
223 3186 365 3256 ἐπιπολῆς
379 3189 428 3243 τοῦ
449 3182 596 3244 ἐπισκόπου
613 3183 749 3243 Ἰωάννου.
992 3203 1057 3242 vero
1078 3182 1143 3242 cleri
1157 3182 1269 3244 Joannis
1289 3209 1295 3240 ι
1313 3203 1404 3242 omnes
1429 3181 1497 3242 inter
1516 3205 1543 3243 se
1564 3187 1734 3246 consentien-

992 3289 1030 3334 tes
1041 3320 1049 3349 ,
1072 3289 1099 3333 et
1119 3274 1307 3355 imperitorum
1331 3274 1512 3353 quorumdam
1530 3278 1678 3337 tumultum
1694 3279 1735 3338 si-

991 3366 1156 3447 gnificantes.
1178 3365 1246 3425 Erat
1268 3378 1358 3424 autem
1387 3365 1500 3427 loannis
1527 3368 1646 3450 epistolae
1674 3370 1737 3431 talis

988 3472 1143 3520 contextus.

174 3811 232 3888 ’Τῷ
244 3808 360 3889 δεσπότῃ
376 3836 429 3889 μου
445 3809 577 3890 αἰδεσίμιρ
589 3811 634 3868 καί
647 3809 786 3888 θοιωταίτῳ
800 3805 937 3885 έπισκόπιρ
993 3802 1139 3859 «Dourion
1155 3820 1219 3858 mee
1237 3800 1403 3858 verterahili
1417 3812 1444 3858 et
1459 3802 1643 3858 sanctissimo
1657 3801 1731 3878 Epi·
1743 3818 1800 3867 σω,
1810 3837 1836 3864 n.

257 3903 423 3983 Ἰννοκεντίιρ
437 3900 565 3973 Ἰωάννης
579 3904 605 3961 ἐν
620 3901 710 3984 Κυρίῳ
724 3901 845 3981 χαίρειν.’
1028 3911 1113 3972 scopo
1124 3894 1305 3952 lnuoceumo
1318 3893 1450 3952 Joasuns
1465 3899 1497 3950 in
1511 3892 1639 3951 lietuino
1653 3892 1734 3951 salu-

1030 3998 1097 4045 lem.

206 4180 259 4239 Καὶ
277 4178 331 4258 πρό
355 4180 409 4237 τῶν
433 4175 600 4257 γραμμάτων
623 4165 698 4254 οἶμαι
721 4176 772 4234 τῶν
800 4173 939 4254 ἡμετέρων
1030 4171 1120 4230 Etiam
1130 4184 1192 4230 ante
1202 4169 1294 4230 literas
1307 4184 1410 4231 nostras
1416 4213 1427 4246 ,
1441 4167 1538 4248 opinor
1550 4169 1675 4249 pietatem
1691 4190 1733 4229 ve-

172 4271 308 4343 α’κιριοέναι
330 4270 381 4342 τήν
397 4269 535 4329 εὗλόόειαν
551 4271 624 4346 ὑμῶν
639 4266 688 4340 τήν
703 4266 871 4347 παρανομίαν
890 4269 938 4342 τήν
990 4279 1073 4325 σίτοισι
1086 4262 1222 4322 audivisse
1231 4307 1240 4339 ,
1257 4263 1385 4344 quidhic
1397 4282 1462 4321 ausa
1476 4261 1512 4320 sit
1525 4261 1663 4339 iniquitas.
1677 4264 1736 4321 Ma·

170 4367 275 4422 ἐνταῦθα
297 4367 487 4440 τολμηθεῖσαν.
505 4361 546 4420 Τό
566 4358 618 4441 γὰρ
643 4360 751 4439 μέγεθος
773 4364 825 4419 τῶν
847 4362 937 4420 δεινῶν
989 4358 1076 4416 lorum
1092 4355 1164 4415 enim
1179 4353 1339 4434 magnitudo
1353 4353 1457 4413 nullam
1472 4353 1527 4411 iere
1541 4351 1617 4412 orbis
1631 4367 1734 4434 partem

169 4456 220 4515 est
235 4455 264 4513 έν
288 4455 369 4534 μέρος
382 4459 431 4526 τῆς
451 4452 605 4529 οἰκουμένης
620 4454 719 4532 ἀφῆκεν
740 4451 852 4525 ἀνήκοον
872 4443 938 4512 εἶναι
989 4449 1117 4528 reliquit,
1133 4447 1274 4526 quaehanc
1290 4445 1415 4505 acerbam
1437 4445 1597 4524 tragoediam
1615 4468 1734 4507 nonau-

169 4553 209 4620 τξς
220 4551 345 4628 χαλεπῆς
359 4546 458 4618 ταότης
467 4545 631 4627 τραγῳδίας,
646 4545 715 4606 ἀλλά
725 4545 848 4626 καὶπρὸς
859 4544 938 4613 etich<
988 4540 1086 4617 dierit,
1108 4538 1153 4600 sed
1177 4552 1314 4618 gestorum
1332 4537 1403 4596 fama
1418 4558 1503 4616 usque
1521 4537 1557 4597 ad
1578 4538 1645 4598 lines
1659 4552 1735 4598 terra

170 4641 210 4707 τίς
228 4645 277 4712 τῆς
298 4644 357 4718 γῆς
368 4637 495 4718 ἐσχατιὰς
515 4636 630 4719 φέρουσα
644 4642 662 4710 ἡ
685 4637 762 4717 φήμη
775 4638 809 4697 τί
827 4661 937 4719 γεγενη-
951 4649 970 4695 Β
988 4635 1103 4716 perlata,
1117 4631 1235 4713 plurima
1247 4630 1348 4708 ubique
1361 4629 1477 4690 lamenta
1492 4643 1519 4689 et
1533 4630 1650 4711 ejulatus
1663 4653 1736 4690 eom·

171 4736 253 4810 μίνα,
268 4731 350 4793 πολὺν
365 4737 505 4813 πανταχοῦ
519 4735 612 4812 θρήνου
628 4729 674 4790 καί
688 4731 836 4812 όλσρυρμὸν
850 4731 936 4812 εῖργό·
989 4727 1083 4789 mouit.
1100 4728 1203 4787 Verum
1214 4723 1342 4802 quoniam
1354 4743 1406 4782 non
1417 4723 1505 4782 solum
1516 4723 1643 4804 plangere
1653 4724 1738 4803 decet,

125 4835 152 4884 ll.
173 4852 239 4886 σττο.
250 4825 322 4885 Ἀλλ’
336 4823 430 4895 {mihil
445 4826 475 4882 οὗ
487 4828 590 4905 θρηνεῖν
606 4825 647 4882 δεῖ
659 4828 742 4882 ταῦτα
758 4823 853 4902 μόνον,
868 4822 936 4882 ἀλλὰ
988 4819 1036 4878 sed
1049 4832 1076 4878 et
1089 4817 1249 4889 emendare,
1272 4832 1299 4875 et
1312 4815 1404 4876 videre
1417 4837 1472 4895 quo
1486 4828 1564 4896 pacto
1578 4816 1738 4895 gravissima

176 4920 215 4978 καὶ
227 4920 359 5000 διορθοῦν,
384 4915 431 4975 καί
452 4923 560 4976 σκοπεῖν
575 4913 646 4981 όπιυς
663 4914 693 4975 ἀν
714 4918 728 4973 ό
748 4912 938 4994 χαλεπώτατος
990 4913 1036 4973 ille
1048 4912 1176 4971 Ecclesia
1188 4922 1331 4990 tempestas
1344 4908 1473 4983 sedetur,
1488 4907 1668 4967 necessarium
1682 4930 1739 4970 esse

178 5002 243 5078 ὦτος
253 5008 329 5081 σταίη
344 5005 450 5090 χειμὼν
468 5009 516 5077 τῆς
530 5005 702 5079 Ἐκκλησίας,
713 5011 855 5085 ἀναγκαῖον
871 4997 937 5066 εἶναι
989 5005 1141 5081 duximus,
1160 5003 1285 5063 dominos
1306 5021 1380 5061 meos
1404 4999 1555 5078 admodum.
1572 5002 1740 5061 venerabiles

208 5216 220 5252 l
233 5214 318 5281 [fort.
329 5221 427 5287 θρκίξων
439 5212 531 5276 αὐτόν]
973 5216 1019 5262 stt
1033 5211 1103 5280 supp]

211 5295 223 5321 ⁸
235 5293 322 5361 [Edita
334 5296 389 5346 lraee
401 5291 519 5359 Epistola
531 5306 561 5341 cx
573 5291 683 5358 quinque
696 5289 771 5342 Codd
796 5303 857 5342 tom.
870 5295 893 5354 3,
905 5309 931 5358 p.
