3750 6052
779 580 894 628 sauata
923 578 1086 642 eunoun.
1643 551 1712 649 259

148 700 236 761 τδνοθ
272 700 369 774 νὸν,ἀν
385 694 408 782 ᾧ
427 702 467 761 δεῖ
481 704 627 773 σωθῆναιὴ
669 725 692 767 ς.
708 699 745 761 Τί
761 700 789 763 bl
810 699 914 781 βραχύ·
968 720 1021 758 uos
1041 698 1140 758 salvos
1145 698 1227 778 fieri.
1242 697 1316 770 Quid
1332 711 1421 756 antem
1437 697 1526 756 minus
1545 710 1584 755 est
1602 697 1711 756 Christo

148 803 225 860 τερον
238 725 357 859 λαριστοῶ
372 780 440 841 κατὰ
456 779 504 852 τὴν
518 783 625 880 οἰκονομ
636 803 668 838 αν
679 784 728 851 τἠς
741 781 914 862 σαρκώσεως,
966 776 1114 838 secundum
1134 777 1325 836 incarnationis
1346 776 1582 858 dispensationem,
1596 778 1643 855 qui
1664 779 1709 836 sa-

149 860 176 924 δς
189 859 327 940 γεγένηται
341 861 386 919 καί
398 860 517 937 ἀγγέλων
529 882 682 956 μικροτερος
695 859 740 918 καλ
754 861 914 939 ἀνθρώπως
966 872 1025 917 ctus
1039 870 1078 916 est
1095 857 1198 935 angelis
1212 870 1238 915 et
1251 857 1408 915 hominibus
1419 856 1550 916 inferior?
1568 857 1639 915 dudi
1651 859 1703 916 Da·

149 937 242 998 Ἄκουε
255 947 301 998 τοῦ
316 940 401 999 Δαυὶδ
414 940 533 1017 λέγοντος
545 963 601 1006 πως
616 939 734 1018 ἀγγελων
746 941 836 1019 γέγονε
847 944 914 1019 βρα-
967 937 1058 996 videm
1071 935 1202 995 dicentem
1219 936 1354 1014 quomodo
1377 937 1463 994 lactus
1480 937 1515 995 sit
1536 937 1638 1014 angelis
1651 937 1707 994 tui·

149 1018 273 1098 χότερος·
284 1018 333 1085 Τίς
353 1021 424 1077 ἐστιν
444 1020 595 1096 ἀνθρωπος,
608 1019 648 1078 δτι
663 1020 801 1096 μιμνήσκη
816 1024 914 1096 αὐτοῦ,
966 1038 1033 1076 nor:
1051 1017 1130 1094 Quid
1143 1029 1185 1074 est
1198 1018 1285 1074 ltomo
1298 1017 1377 1096 quod
1394 1037 1504 1074 mernor
1515 1038 1545 1075 es
1551 1015 1642 1094 ejus?
1655 1030 1708 1074 aut
1721 1019 1787 1066 Psat.
1800 1019 1823 1067 8·
1837 1021 1850 1068 5
1855 1053 1863 1069 ·

148 1097 244 1168 «ἢ-υίδς
266 1097 421 1176 ἀνθρώπου,
431 1096 471 1156 ότι
489 1098 636 1178 ίπισκέπτη
652 1097 744 1173 αὐτόν;
758 1085 914 1170 ἠλάττωσας
957 1098 1050 1178 filius
1060 1098 1188 1154 bominis
1198 1100 1337 1175 quoniam
1351 1098 1456 1154 visitas
1477 1116 1540 1153 eum
1552 1103 1566 1154 θ
1576 1098 1710 1156 minuisti
1719 1082 1744 1130 ⁶·

149 1177 230 1235 αὐτὸν
245 1177 330 1257 βραχύ
343 1201 369 1235 τι
384 1179 447 1256 παρ’
458 1176 592 1255 ἀγγέλους.
603 1177 668 1236 Ὅτι
681 1177 709 1236 δέ
723 1202 756 1238 πε
774 1179 784 1237 l
798 1180 914 1259 Χριστοῦ
965 1198 1031 1236 eum
1041 1175 1132 1250 paulo
1148 1180 1244 1234 miuus
1262 1179 1300 1234 ab
1320 1175 1444 1253 augelis.
1455 1174 1536 1244 Quod
1550 1190 1639 1234 antem
1654 1177 1709 1235 Da·

149 1255 222 1334 λέγει
234 1263 317 1314 ταῦτα
329 1257 429 1329 Δαυὶδ,
442 1255 549 1324 uenat<
558 1280 599 1316 σοι
613 1256 750 1335 ἑρμηνεόει
760 1203 914 1335 lignallia
966 1256 1014 1315 vid
1027 1255 1085 1313 hue
1098 1253 1132 1313 de
1144 1254 1261 1327 ‚Christo
1275 1254 1401 1331 loquatur
1414 1300 1421 1328 ,
1439 1254 1539 1312 Paulus
1560 1255 1610 1313 tibi
1626 1257 1707 1314 inter·

151 1335 178 1392 δὲ
195 1334 281 1415 βραχύ
301 1359 327 1392 τι
345 1340 408 1415 παρ’
429 1335 558 1413 ἀγγέλους
572 1337 763 1414 ἠλαττωμένον·
782 1337 914 1417 βλέπομεν
966 1357 1026 1416 pres
1037 1348 1075 1393 est
1088 1332 1200 1393 dicensi
1218 1336 1294 1393 Eum
1305 1347 1415 1410 autem,
1429 1337 1481 1411 qui
1491 1335 1604 1392 modico
1617 1356 1708 1413 qnam
1721 1340 1778 1388 ttet.
1797 1355 1821 1387 ο.
1835 1358 1860 1404 9.

150 1412 267 1486 Ἰησοῦν,
280 1413 323 1472 tu
336 1415 367 1473 τὸ
380 1414 491 1491 πάθημα
510 1421 556 1474 τοῦ
580 1415 701 1475 θανάτου.
716 1416 796 1476 Οὕτω
809 1419 854 1475 καὶ
869 1419 914 1477 ἀν·
931 1433 949 1480 F
967 1416 1065 1495 angeli
1085 1416 1248 1473 minoratus
1260 1426 1320 1485 est,
1334 1413 1470 1471 videmus
1479 1414 1582 1471 Jesrtm
1591 1428 1710 1493 propter

149 1492 263 1571 θρώπων
276 1493 379 1572 γέγονεν
395 1493 563 1574 βραχύτερος.
576 1494 612 1553 Τί
625 1494 678 1573 γάρ
694 1519 772 1574 φησιν
787 1494 914 1569 Ἠσαίας,
964 1499 1130 1574 passionem
1155 1496 1263 1551 mortis.
1288 1491 1421 1552 Similiter
1444 1490 1524 1550 etiarn
1551 1492 1708 1552 hominibus

140 1572 264 1647 νΕίδομεν
278 1574 365 1641 αὐτὸν,
376 1574 421 1632 καλ
435 1565 560 1654 οὐκεῖχεν
575 1565 641 1640 εἶδος
653 1574 712 1634 οὔτε
725 1578 834 1648 κάλλος,
846 1577 914 1636 ἀλλὰ
967 1573 1057 1632 minor
1078 1574 1163 1631 sactus
1185 1585 1234 1631 est.
1255 1572 1331 1642 Quid
1353 1570 1420 1633 dicit
1444 1573 1525 1632 lsaias
1544 1596 1550 1629 ε
1575 1573 1708 1632 Vidimus
1721 1579 1779 1626 isat.
1794 1581 1861 1629 5³³.

149 1649 180 1708 τὸ
203 1642 269 1718 εἶδος
294 1655 373 1711 αὐτοῦ
392 1653 487 1727 ἀτιμον
511 1653 557 1712 καί
577 1655 698 1713 ἐκλεῖπον
719 1655 793 1736 παρὰ
814 1655 915 1722 πάντας
935 1675 1045 1746 ¹⁷irum,
1072 1673 1165 1731 neque
1186 1664 1252 1709 erat
1271 1666 1416 1731 aspectus,
1438 1672 1474 1709 ne
1494 1673 1530 1710 ue
1553 1653 1656 1723 decor,
1680 1665 1708 1710 et
1719 1644 1742 1689 3.

147 1727 219 1797 υίοίις
229 1734 282 1788 τῶν
303 1730 463 1810 ἀνθρώπων·
475 1733 519 1792 διδ
531 1738 608 1792 τοῦτο
621 1732 666 1792 καλ
678 1734 804 1808 σκώληκα
822 1736 915 1795 ἑαυτὸν
922 1708 952 1810 2η
969 1744 1102 1812 aspectus
1120 1735 1181 1811 ejus
1193 1736 1256 1790 siue
1275 1733 1395 1802 bonore,
1415 1743 1444 1789 et
1484 1731 1601 1810 ‹ficicas
1620 1751 1709 1811 supra

148 1810 396 1889 προσηγάρευσεν.Τ
398 1812 412 1870 ί.
430 1811 464 1891 άρ
473 1811 644 1914 φησινςἘγιλ
655 1812 684 1872 δέ
693 1817 748 1890 είμι
755 1814 861 1886 σκώληξ
870 1814 917 1873 καί
969 1832 1067 1871 omnes
1082 1812 1164 1890 filios
1176 1813 1335 1869 buzninum.
1347 1812 1460 1891 Propter
1473 1809 1525 1867 hoc
1543 1831 1662 1869 vermem
1681 1831 1709 1869 se

148 1889 197 1946 οὐκ
212 1890 358 1969 ἀνθρωπος.
375 1837 429 1950 Kal
442 1894 468 1950 ἐν
483 1896 521 1971 τῷ
534 1890 615 1951 ‘llaec
648 1893 771 1975 biles-lp
784 1897 849 1974 πρὸς
867 1897 916 1953 αὖ·
968 1890 1241 1971 quoqueappellavit.
1257 1890 1332 1960 Quid
1346 1890 1417 1948 enim
1430 1888 1597 1969 dicitib’go
1611 1903 1708 1948 autem
1722 1896 1862 1955 θελοι-7·

149 1967 203 2026 τόν·
214 1967 259 2039 Μὴ
271 1970 352 2048 podet
366 1969 585 2043 σκῶληξἸακάιὸ.
630 1996 665 2048 τᾳ
678 1973 783 2043 καὶτῆς
795 1973 915 2050 ἀοιδίμου
969 1991 1033 2030 sum
1044 1977 1152 2029 vermis
1163 1983 1191 2028 et
1206 1990 1265 2027 non
1285 1971 1381 2028 ltomo.
1397 1970 1432 2029 Et
1446 1968 1473 2026 in
1488 1967 1556 2026 lsaia
1572 1970 1650 2028 Pater
1667 1969 1708 2029 illi

150 2051 229 2105 αὐτοῦ
248 2050 371 2120 τελευτῆς
381 2050 553 2148 μεμνημένος
573 2050 664 2129 ίλεγε·
683 2050 735 2109 Kal
749 2053 779 2112 τὸ
791 2053 917 2113 καταλει·
968 2049 1053 2109 dicit:
1077 2050 1269 2108 Noli'timere
1287 2052 1397 2108 vermis
1415 2050 1520 2107 Jacob.
1542 2042 1585 2105 De
1609 2048 1706 2117 celebri
1719 2062 1777 2106 tun.
1803 2062 1843 2124 4¹·

151 2127 189 2201 μά
201 2150 246 2187 σου
257 2127 371 2198 σκώληξ,
395 2131 457 2188 tutu
468 2128 519 2210 γάρ
531 2130 608 2188 αὐτὸν
620 2130 739 2209 καθάπερ
751 2131 826 2190 άλιέα
838 2132 917 2212 σοφὸν
969 2131 1027 2210 ejus
1051 2143 1136 2188 morte
1155 2128 1317 2186 mentionem
1338 2128 1438 2206 taciens
1463 2127 1543 2185 dicit:
1557 2128 1600 2186 Et
1616 2132 1708 2207 operi·
1724 2126 1759 2180 *l-

148 2208 188 2284 τῷ
208 2207 386 2305 ἀστράπτοντι
404 2208 539 2308 ἀγκίστρῳ)
561 2212 609 2280 τῆς
628 2207 750 2282 θεότητος
771 2217 917 2292 περιθεῖναι
969 2221 1097 2268 mentum
1122 2222 1204 2267 tuum
1232 2211 1289 2266 erit
1313 2213 1438 2266 vermis.
1460 2207 1609 2286 Opportuit
1636 2208 1708 2267 euim
1723 2187 1758 2230 η’·
1774 2187 1810 2245 ¹4·
1826 2197 1862 2231 '¹‘

149 2284 194 2342 τὸν
215 2289 342 2357 σκωληκα
363 2289 411 2357 τῆς
430 2310 526 2366 σαρκος
543 2288 588 2347 καί
601 2287 719 2368 χαλάσαι
733 2293 770 2356 είς
783 2291 827 2349 τὸν
839 2291 916 2370 βυθόν
968 2309 1046 2363 eum,
1068 2301 1098 2345 ut
1113 2287 1272 2368 piscatorem
1292 2286 1469 2366 prudentem,
1488 2286 1604 2366 fulgenti
1628 2287 1710 2346 barno
1764 2313 1765 2317 ¹

150 2370 197 2422 τοῦ
215 2363 271 2441 βίου
284 2364 376 2424 τούτου
388 2411 396 2438 ,
408 2366 454 2425 καὶ
470 2366 540 2426 οὕτω
552 2367 597 2426 τδν
612 2368 742 2447 δράκοντα
757 2370 914 2451 ἀγκιστρεῦ-
968 2366 1120 2427 divinitatis
1139 2366 1341 2447 circumponere
1359 2386 1476 2424 vermem
1490 2365 1595 2436 carnis,
1610 2379 1637 2425 et
1663 2365 1710 2424 di-

150 2465 210 2514 σαι,
225 2441 268 2502 ἵνα
283 2445 328 2502 καί
343 2444 424 2512 ὄντως
441 2445 471 2503 τὸ
483 2448 666 2527 γεγραμμένον
681 2450 707 2506 ἐν
720 2452 758 2529 τῷ
772 2447 835 2509 ’ίὼά
847 2452 916 2524 πλη·
969 2449 1074 2507 mittere
1085 2447 1111 2505 in
1125 2445 1289 2526 profundum
1301 2445 1383 2525 hujus
1405 2445 1483 2516 vira,
1495 2456 1575 2523 atque
1594 2446 1631 2504 ita
1647 2443 1710 2504 dra·

157 2526 244 2600 ρωθῇ·
269 2521 354 2590 Ἄξεις
379 2524 407 2582 δὲ
435 2524 564 2606 δράκοντα
590 2529 618 2586 ἐν
644 2526 791 2607 ἀγκίστρως
816 2527 916 2608 Ὁμοία
969 2548 1062 2586 eonem
1075 2525 1207 2599 inescare,
1223 2540 1251 2584 ut
1268 2544 1332 2584 vere
1345 2524 1503 2604 impleretur
1517 2523 1642 2602 qnod-in
1655 2525 1710 2586 tob

151 2592 195 2658 οάν
215 2605 314 2675 ἐστινὴ
329 2602 452 2681 βασιλεία
464 2627 517 2663 των
534 2627 650 2686 ουρανων
666 2630 756 2688 κοκκῳ
773 2632 913 2679 σιναπεως.
932 2643 951 2690 B
969 2608 1113 2666 scribitur:
1131 2607 1182 2663 Au
1197 2606 1350 2664 ecnubere
1359 2610 1472 2684 poteris
1484 2605 1639 2662 draconem
1652 2607 1710 2663 lia.-
1720 2611 1771 2654 tot.
1781 2611 1812 2669 lo
1824 2622 1864 2665 ψ·

151 2677 226 2758 ’uper
240 2673 284 2739 οάν
298 2705 338 2748 τις
358 2686 410 2742 τῶν
426 2683 586 2744 ἀκουόντων·
604 2690 662 2752 πῶς
675 2690 689 2746 θ
704 2689 781 2754 αὐτὸς
795 2690 917 2826 ψσσιλεία
969 2693 1038 2762 uto?
1049 2685 1150 2746 Simile
1163 2699 1208 2745 est
1218 2685 1302 2762 igitur
1318 2705 1438 2764 reguum
1459 2684 1598 2764 erulorum
1616 2705 1710 2775 grano

149 2761 266 2837 οὐρανῶν
280 2760 325 2819 καλ
340 2761 434 2829 κόκκος
445 2762 596 2843 γεγένηται,
608 2765 654 2823 καὶ
668 2763 750 2844 μέγας
763 2790 799 2827 κα
824 2770 917 2850 μικρός
969 2769 1091 2845 sinapis.
1115 2765 1193 2824 Dicet
1215 2764 1306 2841 itaque
1325 2786 1361 2823 ex
1389 2763 1563 2822 audientibus
1585 2763 1706 2842 aliquis3

149 2838 215 2915 πρὸς
226 2839 394 2914 αὐτάνςὍτι
404 2843 438 2901 δι’
449 2842 597 2924 θπεράολὴν
608 2845 804 2925 εὐσπλαγχνίας
816 2849 876 2927 περὶ
886 2851 917 2911 τό
968 2843 1112 2919 Quomodo
1134 2843 1206 2903 idem
1229 2844 1316 2902 sactus
1340 2857 1379 2912 est
1403 2863 1516 2922 regnum
1530 2844 1656 2902 caelorum
1680 2857 1707 2902 et

150 2917 215 2977 ἴδιον
232 2919 344 2996 πλάσμα
358 2928 411 2987 τοῖς
422 2931 489 2981 πᾶσι
502 2922 536 2981 sd
546 2924 633 2983 πάντα
643 2925 793 3003 γεγένηται,
800 2925 843 2985 ἵνα
857 2928 916 2997 τοθς
969 2924 1102 3005 granum?
1113 2944 1225 3003 magnus
1237 2937 1263 2982 et
1281 2943 1381 3003 parvus
1396 2922 1531 2999 quomodo
1541 2922 1612 2981 idem
1625 2923 1710 2982 sunt?

149 2997 251 3065 πάντας
269 2998 396 3078 κερδήσῃ.
410 3002 477 3069 Θεδς
488 2993 535 3074 ἦν,
545 3007 582 3071 ὡς
592 2995 636 3062 οάν
651 3006 696 3063 καί
710 3003 766 3065 ἔστι
779 3007 824 3065 καί
842 3005 916 3068 ἔσται
968 3005 1225 3084 Quoniampropter
1237 3002 1450 3082 magnitudinem
1463 3001 1654 3061 misericordiae
1665 3023 1709 3061 er-

150 3076 193 3134 διά
213 3077 261 3148 τὴν
282 3077 348 3136 ἰδίαν
369 3079 464 3158 plato,
489 3082 534 3138 καί
552 3083 689 3162 ἀνθρωπος
709 3085 850 3165 γεγένηται
872 3089 916 3150 διὰ
969 3105 1001 3164 ga
1021 3085 1180 3163 figmentum
1199 3104 1278 3141 suurn
1292 3082 1418 3141 omnibus
1437 3083 1528 3141 omnia
1542 3083 1629 3141 sactus
1648 3096 1707 3155 est,

150 3155 198 3226 την
208 3157 340 3235 ἡμετέραν
351 3151 536 3238 σωτηρίαν.Ὦ
549 3162 627 3240 βάθος
638 3162 753 3223 πλούτου
766 3165 810 3224 καί
825 3167 916 3247 σοφίας
971 3178 999 3223 ut
1012 3164 1132 3222 lucretur
1149 3184 1249 3222 omnes.
1264 3164 1337 3221 Deus
1349 3175 1424 3232 erat,
1436 3162 1504 3219 sient
1525 3175 1551 3220 et
1562 3175 1601 3220 est
1613 3176 1639 3221 et
1659 3162 1710 3221 erit

150 3235 196 3292 καὶ
209 3234 329 3312 γνώσεως
345 3241 428 3297 Θεοῦ·
443 3242 479 3304 ῶς
493 3240 680 3320 ἀνεξερεύνητα
692 3241 727 3300 rb
736 3243 854 3322 κρίματα
864 3251 914 3305 αὐ-
968 3264 1018 3323 per
1030 3257 1153 3303 naturam
1168 3265 1217 3322 pro
1239 3241 1322 3314 riam,
1337 3241 1455 3299 ethome
1472 3242 1556 3300 faetus
1577 3257 1616 3301 est
1639 3262 1708 3321 pro-

150 3318 210 3384 τοῦ,
229 3313 275 3371 καί
295 3314 487 3414 ἀνεξιγνίαστοι
497 3321 525 3377 αἱ
546 3320 601 3379 tuot
623 3311 747 3380 αὐτοῦ·ῶ
766 3323 870 3399 κόκκος,
883 3328 916 3385 δι’
969 3336 1029 3402 pter
1053 3337 1170 3381 nostram
1184 3264 1315 3379 salutern.
1339 3321 1510 3378 Oaltitudo
1537 3322 1707 3381 divitiarum
1721 3317 1789 3364 flm-
1824 3331 1861 3362 ¹¹·

150 3382 180 3449 οὗ
197 3392 337 3470 γεγένηται
353 3418 468 3467 κοσαος,
479 3398 512 3454 δι’
533 3390 562 3457 οὗ
586 3397 678 3465 σκότος
700 3400 856 3461 ἕσκέδασται
871 3406 917 3465 καλ
963 3405 1120 3481 ‚sapientia
1140 3414 1169 3458 et
1186 3404 1314 3458 scientiae
1337 3401 1412 3470 Dei,
1433 3419 1523 3476 quam
1541 3401 1707 3477 incomprc-
1720 3377 1760 3427 ³⁵·

152 3472 303 3544 Ἐκκλησία
318 3468 572 3543 assaltus-acmen<
583 3483 597 3537 δ
610 3478 703 3546 κόκκος
718 3482 762 3539 ἐπὶ
773 3486 818 3540 τοῦ
832 3506 917 3542 σταυ-
932 3503 950 3551 c
969 3481 1126 3540 hausibilia
1145 3495 1213 3539 sunt
1219 3479 1335 3558 judicia
1355 3481 1435 3558 ejus,
1451 3492 1477 3535 et
1492 3479 1709 3556 investigabiles

151 3556 197 3628 ροῶ
212 3552 368 3630 κρεμασθελς
380 3560 502 3613 τοσοῦτον
517 3555 593 3636 ἔσχεν
608 3558 698 3638 ίογάος
712 3560 836 3638 μίγεθος,
847 3561 917 3624 ὥστε
970 3564 1028 3618 uioe
1040 3557 1157 3640 ejusl0
1170 3579 1300 3638 granum,
1320 3578 1368 3636 per
1381 3556 1453 3634 quod
1477 3557 1563 3615 saeuis
1576 3569 1616 3614 est
1631 3578 1711 3616 mun·

150 3630 195 3688 καλ
206 3630 342 3708 δεδεμένον
358 3632 435 3692 αὐτῶν
448 3634 528 3707 όντα,
543 3636 644 3716 ῥήματι
657 3637 735 3715 μόνον
751 3639 795 3698 τδν
813 3642 916 3715 ληστην
967 3638 1035 3713 dus,
1057 3661 1107 3720 per
1126 3639 1199 3716 quod
1220 3636 1335 3696 tenebra
1358 3635 1513 3718 dissipatae,
1537 3649 1561 3694 et
1588 3636 1709 3696 Ecclesia

150 3708 203 3766 ἀπὸ
217 3715 262 3769 τοῦ
277 3709 352 3779 ξύλου
368 3712 502 3792 ἁρπάσαι,
519 3715 564 3773 καὶ
580 3720 617 3784 είς
633 3718 793 3797 παραδείσω
814 3708 915 3802 τρυφὴν
966 3733 1092 3778 renovata
1116 3714 1171 3778 esti
1186 3717 1243 3776 Hoc
1264 3735 1378 3798 granum
1402 3716 1429 3775 in
1452 3736 1532 3775 eruce
1550 3735 1709 3795 ntispensum

149 3790 269 3848 κυλῖσαι·
289 3781 387 3857 οὗτοςδ
401 3790 495 3859 κόκκος
508 3793 557 3867 τὴν
572 3796 688 3875 πλευράν
701 3797 787 3878 λόγχῃ
802 3803 915 3880 νυχθείς,
965 3813 1067 3858 tantam
1081 3801 1136 3857 vim
1153 3797 1266 3869 habuit,
1290 3810 1321 3855 ut
1344 3816 1507 3874 quamquain
1530 3794 1620 3874 ipsum
1642 3809 1710 3855 esset

149 3869 229 3926 ποτὸν
254 3870 398 3938 ἀθανασίας
419 3879 474 3939 τοῖς
497 3873 608 3953 διψῶσιν
633 3870 875 3955 trigesimalem
901 3886 915 3941 ὁ
966 3879 1106 3949 vinetum,
1121 3879 1203 3937 verbo
1217 3890 1323 3936 tantum
1334 3875 1462 3934 latronem
1476 3896 1492 3933 a
1506 3874 1581 3952 ligno
1595 3891 1709 3954 raperet,

149 3946 243 4015 κόκκος
257 3953 302 4006 τοῦ
318 3950 448 4016 σινάπεως
462 3952 514 4011 ἀπδ
530 3960 575 4011 τοῦ
589 3954 665 4025 ξύλου
679 3959 858 4038 κατενεχθεὶς,
869 3961 916 4020 καί
967 3972 992 4018 et
1006 3959 1033 4016 in
1047 3957 1157 4017 delicias
1170 3956 1289 4038 paradisi
1303 3955 1506 4014 circumferret:
1521 3952 1573 4011 boc
1594 3975 1710 4032 granum

150 4029 186 4091 είς
200 4032 284 4098 κῆπον
297 4028 396 4102 τεθεὶς,
410 4039 499 4089 πᾶσαν
513 4032 560 4104 τὴν
573 4036 728 4114 ὑπουράνιον
742 4045 796 4105 τοῖς
809 4037 915 4108 κλάδοις
968 4038 995 4097 in
1017 4038 1099 4098 latere
1115 4037 1205 4096 lancea
1228 4037 1377 4116 perfossum
1391 4024 1602 4093 immortalitatis
1614 4048 1710 4114 potum

151 4104 310 4164 ἀσκέπασεν·
324 4100 419 4174 οίίτοςθ
434 4109 528 4176 κόκκος
542 4119 588 4172 τοῦ
600 4114 730 4181 σινάπεως
741 4118 768 4175 ἐν
779 4116 857 4189 κήπω
868 4143 915 4180 τε·
969 4118 1120 4177 sitientibus
1132 4115 1292 4175 distillavit:
1307 4115 1359 4172 hoc
1371 4134 1485 4192 granum
1497 4114 1597 4193 sinapis
1609 4135 1623 4170 a
1634 4113 1710 4192 ligno

151 4183 266 4255 fltlnxnl
277 4184 323 4252 τὰς
335 4189 427 4245 ἑαυτοῦ
439 4189 510 4270 ῥίζας
524 4194 561 4257 είς
572 4191 637 4271 ᾅδην
650 4195 798 4276 ἐκπέμψας,
811 4181 856 4256 καλ
869 4201 916 4268 τὰς
968 4198 1086 4257 delatum
1102 4212 1128 4256 et
1141 4197 1168 4255 in
1180 4196 1257 4254 horto
1268 4195 1385 4275 positum
1403 4207 1500 4251 terrain
1511 4213 1617 4250 omnem
1629 4194 1711 4251 ramis

151 4264 206 4321 ἐκεῖ
228 4264 313 4345 ψυχὰς
333 4265 574 4342 συδδαὸὄμῑνθε,ίν
592 4273 728 4355 τριημέρῳ
752 4278 788 4343 εἰς
807 4278 915 4422 οὐρανόν
968 4276 1158 4353 obumbravit:
1172 4275 1223 4334 hoc
1246 4273 1409 4353 granumin
1430 4272 1510 4330 horto
1523 4272 1651 4349 positum,
1665 4293 1710 4329 ra-

150 4342 320 4420 άνικάμιζεν·
332 4334 407 4412 οὗτος
419 4351 433 4404 θ
446 4346 541 4414 κόκκος
559 4354 605 4407 τοῦ
626 4352 758 4422 σινάπεως
775 4354 820 4413 tut

150 4422 298 4501 συντριάείς
312 4422 357 4482 τδν
377 4425 508 4485 ἀντίδικον
526 4431 603 4504 ἡμῶν
621 4430 680 4510 ὄφιν
698 4433 823 4514 δριμάξας
837 4437 916 4496 ἐσκά-
968 4438 1006 4496 ibi
1021 4450 1095 4496 erant
1109 4456 1199 4494 secum
1212 4433 1366 4512 abripiens,
1382 4431 1451 4489 intra
1470 4427 1591 4487 triduum
1611 4429 1637 4486 in
1658 4449 1712 4487 crc-

149 4503 286 4575 τωσε,καί
299 4501 344 4562 τὸν
355 4502 421 4584 ᾅδην
435 4505 572 4575 tinnulae<
583 4510 621 4576 tlt
632 4510 675 4569 τδν
687 4510 746 4570 ὅθεν
758 4514 916 4576 ἀπελείπετο
967 4519 1025 4577 lum
1039 4517 1100 4575 illas
1123 4514 1232 4573 retulit:
1250 4512 1302 4570 hoe
1325 4529 1437 4589 granum
1462 4508 1564 4587 sinapis
1589 4508 1615 4566 in
1637 4507 1712 4587 ligno

150 4579 231 4639 τόπον
247 4582 327 4642 πάλιν
342 4582 515 4663 ἀπέστρεψεν.
525 4584 627 4665 Ὁμοία
640 4580 711 4662 alvi
729 4593 851 4672 βασιλεία
862 4601 915 4656 τῶν
968 4596 1113 4657 contritum
1135 4592 1322 4652 adversarium
1341 4589 1419 4648 nobis
1436 4601 1585 4668 serpentem
1599 4587 1713 4647 humore

150 4660 265 4739 οὐρανῶν
280 4661 367 4740 κόκκῳ
383 4662 526 4741 σινάπεως,
538 4666 566 4726 όν
577 4666 667 4727 tator
680 4670 816 4750 ἄνθρωπος
830 4673 917 4736 ἔσπει-
969 4676 1023 4736 acri
1043 4675 1162 4733 alliciens
1187 4669 1357 4743 obscuravit,
1374 4682 1401 4727 et
1424 4667 1559 4726 infernum
1579 4689 1594 4726 a
1618 4687 1713 4727 somno

151 4760 195 4814 ρεν
209 4742 236 4797 ἐν
250 4742 287 4816 τῷ
300 4741 357 4823 ἰδίῳ
372 4743 459 4825 κήπῳ.
475 4746 590 4828 Σπεῑρον
603 4753 693 4808 τοῦτον
705 4750 748 4809 τὸν
760 4750 855 4812 κόκκον
869 4762 914 4816 τοῦ
969 4755 1108 4825 excitans,
1121 4753 1146 4811 in
1161 4750 1286 4811 eumdem
1308 4770 1391 4827 quem
1409 4747 1553 4825 reliquerat
1567 4746 1657 4810 locum
1670 4768 1712 4806 re·

152 4815 282 4917 σινάπεως
296 4821 321 4877 ἐν
335 4825 373 4901 τῷ
387 4822 465 4900 κήπῳ
478 4829 526 4897 τῆς
541 4830 629 4906 ψυχῆς
649 4851 709 4903 σου,
719 4825 763 4891 ίνα
776 4830 855 4912 λίγης
870 4835 916 4894 καί
972 4835 1031 4894 dire
1051 4832 1146 4910 coegit.
1159 4831 1258 4893 Simile
1278 4829 1362 4908 igitur
1380 4839 1423 4886 cst
1435 4848 1554 4906 regnum
1573 4826 1713 4904 eoelorum

151 4894 198 4993 <51⁰3
216 4896 374 4992 'Elltttpom
386 4903 481 4981 βοῤῥά,
503 4906 549 4965 καί
563 4904 653 4987 ἔρχου,
668 4908 742 4983 νότε,
761 4910 915 4975 διάπνευσον
971 4935 1065 4993 grano
1076 4916 1187 4992 sinapis
1198 4954 1205 4980 ‚
1217 4911 1296 4991 quod
1312 4910 1457 4989 accipiens
1467 4908 1715 4965 bomoseminaoit

150 4998 236 5046 κηπον
262 4999 311 5054 μου
326 5021 334 5048 ,
352 4979 398 5037 καί
421 4982 590 5058 ρευσάτωσαν
612 4985 743 5068 ἀρώματά
767 5014 826 5067 μου.
851 4993 917 5053 Ἐὰν
972 4999 1004 5052 iu
1014 4996 1099 5053 ltorto
1111 5013 1172 5051 suo.
1183 4990 1292 5052 Semina
1305 4989 1357 5047 hoc
1370 5007 1483 5065 granum
1497 4985 1599 5064 sinapis
1612 4984 1639 5042 in
1653 4985 1716 5043 hor-

151 5054 216 5135 ἔχης
229 5062 320 5114 τοῦτον
330 5057 374 5116 τδν
385 5058 480 5117 κόκκον
491 5071 536 5124 τοῦ
547 5063 677 5134 σινάπεως
687 5071 714 5126 έν
726 5072 762 5126 τ“
778 5071 857 5142 κήπω
870 5079 917 5145 τῆς
972 5088 999 5133 to
1009 5073 1105 5132 anima·
1120 5084 1183 5143 tuae,
1194 5084 1224 5129 ut
1238 5083 1267 5128 tu
1283 5088 1389 5147 quoque
1399 5067 1491 5125 diras:
1504 5065 1604 5143 Surge,
1616 5065 1713 5143 Aqui·
1727 5083 1866 5149 campus,

150 5138 238 5231 ψμχῆς
250 5157 317 5234 aon,
326 5139 380 5217 ἐρεῖ
393 5137 438 5195 καί
455 5140 496 5199 σοί
515 5145 579 5222 ὁπρ
614 5145 696 5219 ints·
710 5092 764 5206 {til
784 5130 861 5210 ἔστάι
882 5156 918 5222 ὡς
934 5176 954 5223 Ε
973 5155 1020 5223 lo,
1043 5167 1071 5213 et
1091 5154 1176 5223 veni,
1197 5150 1319 5224 Auster,
1328 5145 1422 5236 perfla
1441 5147 1555 5203 bortum
1571 5156 1715 5218 meum,¹et

151 5236 234 5282 κηποι
253 5221 370 5291 uelatus
387 5217 480 5286 καλῶς
499 5221 573 5300 πηγὴ
614 5225 685 5303 <tal
701 5227 818 5295 ἐξέλιπεν
832 5231 916 5312 ὕδωρ·
967 5233 1067 5316 fluant
1086 5243 1223 5290 aromata
1247 5250 1323 5287 mea.
1349 5227 1378 5286 s·
1403 5225 1454 5284 hoe
1478 5223 1580 5303 sinapis
1601 5242 1715 5301 granum

151 5291 196 5350 έδν
214 5293 276 5373 ίχῃς
298 5301 388 5355 τοῦτον
408 5296 453 5357 τδν
466 5300 561 5361 κόκκον
572 5304 600 5362 ίν
616 5309 654 5383 τῷ
673 5305 751 5386 κήπῳ
769 5312 919 5392 τῆςψυγῆς
973 5313 1071 5372 habeas
1092 5312 1121 5371 in
1146 5310 1224 5369 horto
1237 5308 1333 5367 animae
1355 5319 1424 5375 tua,
1439 5304 1512 5362 dicet
1539 5303 1589 5361 tibi
1610 5323 1717 5381 quoque

151 5373 271 5447 σου,καί
290 5380 336 5436 τοῦ
354 5375 438 5456 μόρου
460 5382 539 5441 αὐτοῦ
562 5383 732 5466 μιταλάόης,
745 5386 853 5468 λέγεται
871 5391 918 5452 καί
972 5391 1123 5475 propbeta:
1137 5392 1179 5450 tu
1191 5393 1249 5450 eris
1263 5387 1352 5469 quasi
1361 5387 1462 5445 terrm
1475 5385 1647 5522 irrpprus,st
1660 5386 1716 5443 sic·
1730 5399 1859 5449 tiarati·

853 4358 914 4418 άλου
931 4382 950 4428 n
968 4358 1042 4417 dices
1053 4379 1114 4416 suas
1126 4357 1153 4414 in
1168 4354 1301 4413 infernum
1317 4352 1477 4420 demittens,
1493 4363 1519 4407 et
1530 4350 1634 4407 animas
1649 4371 1710 4427 quae
