<?xml version="1.0" encoding="UTF-8"?>
<!DOCTYPE html PUBLIC "-//W3C//DTD XHTML 1.0 Transitional//EN"
    "http://www.w3.org/TR/xhtml1/DTD/xhtml1-transitional.dtd">
<html xmlns="http://www.w3.org/1999/xhtml" xml:lang="en" lang="en">
 <head>
  <title>
</title>
<meta http-equiv="Content-Type" content="text/html;charset=utf-8" />
  <meta name='ocr-system' content='tesseract 3.04.00' />
  <meta name='ocr-capabilities' content='ocr_page ocr_carea ocr_par ocr_line ocrx_word'/>
</head>
<body>
  <div class='ocr_page' id='page_1' title='image "./sanctipatrisnos00chrygoog/sanctipatrisnos00chrygoog_0362.png"; bbox 0 0 3750 6052; ppageno 0'>
   <div class='ocr_carea' id='block_1_1' title="bbox 164 466 1733 942">
    <p class='ocr_par' dir='ltr' id='par_1_1' title="bbox 164 466 1733 942">
     <span class='ocr_line' id='line_1_1' title="bbox 704 466 1733 595; baseline 0.006 -7"><span class='ocrx_word' id='word_1_1' title='bbox 704 531 751 588; x_wconf 70' lang='lat' dir='ltr'>ns·</span> <span class='ocrx_word' id='word_1_2' title='bbox 775 541 804 588; x_wconf 87' lang='lat' dir='ltr'>s.</span> <span class='ocrx_word' id='word_1_3' title='bbox 833 541 965 590; x_wconf 80' lang='lat' dir='ltr'>rosana</span> <span class='ocrx_word' id='word_1_4' title='bbox 991 466 1176 594; x_wconf 64' lang='lat' dir='ltr'>cnnrsodr.</span> <span class='ocrx_word' id='word_1_5' title='bbox 1583 528 1585 534; x_wconf 82' lang='grc'><strong>’</strong></span> <span class='ocrx_word' id='word_1_6' title='bbox 1663 523 1733 595; x_wconf 83' lang='lat'>335</span> 
     </span>
     <span class='ocr_line' id='line_1_2' title="bbox 164 669 1728 758; baseline 0.008 -33"><span class='ocrx_word' id='word_1_7' title='bbox 164 683 245 747; x_wconf 80' lang='lat' dir='ltr'>quem</span> <span class='ocrx_word' id='word_1_8' title='bbox 271 688 361 728; x_wconf 85' lang='lat' dir='ltr'>amore</span> <span class='ocrx_word' id='word_1_9' title='bbox 384 670 458 751; x_wconf 81' lang='lat' dir='ltr'><strong>pacis</strong></span> <span class='ocrx_word' id='word_1_10' title='bbox 480 683 507 730; x_wconf 88' lang='lat' dir='ltr'>et</span> <span class='ocrx_word' id='word_1_11' title='bbox 528 669 618 730; x_wconf 91' lang='lat' dir='ltr'>studio</span> <span class='ocrx_word' id='word_1_12' title='bbox 637 670 791 751; x_wconf 80' lang='lat' dir='ltr'>reparandae</span> <span class='ocrx_word' id='word_1_13' title='bbox 805 671 951 731; x_wconf 77' lang='lat' dir='ltr'>Catboliore</span> <span class='ocrx_word' id='word_1_14' title='bbox 974 671 1039 732; x_wconf 84' lang='lat' dir='ltr'>fidei</span> <span class='ocrx_word' id='word_1_15' title='bbox 1059 673 1129 733; x_wconf 89' lang='lat' dir='ltr'>inter</span> <span class='ocrx_word' id='word_1_16' title='bbox 1144 674 1203 754; x_wconf 87' lang='lat' dir='ltr'>ipsa</span> <span class='ocrx_word' id='word_1_17' title='bbox 1217 673 1388 756; x_wconf 71' lang='lat' dir='ltr'><strong>episcopatus</strong></span> <span class='ocrx_word' id='word_1_18' title='bbox 1402 675 1559 736; x_wconf 83' lang='lat' dir='ltr'>rudimenta</span> <span class='ocrx_word' id='word_1_19' title='bbox 1570 675 1728 758; x_wconf 78' lang='lat' dir='ltr'>juvissem,</span> 
     </span>
     <span class='ocr_line' id='line_1_3' title="bbox 167 757 1730 850; baseline 0.007 -28"><span class='ocrx_word' id='word_1_20' title='bbox 167 777 263 844; x_wconf 86' lang='lat' dir='ltr'>optans</span> <span class='ocrx_word' id='word_1_21' title='bbox 276 764 303 822; x_wconf 94' lang='lat' dir='ltr'>in</span> <span class='ocrx_word' id='word_1_22' title='bbox 317 757 502 824; x_wconf 85' lang='lat' dir='ltr'>ecclesiasticis</span> <span class='ocrx_word' id='word_1_23' title='bbox 515 766 589 825; x_wconf 90' lang='lat' dir='ltr'>curis</span> <span class='ocrx_word' id='word_1_24' title='bbox 607 765 688 826; x_wconf 91' lang='lat' dir='ltr'>talem</span> <span class='ocrx_word' id='word_1_25' title='bbox 703 765 802 825; x_wconf 89' lang='lat' dir='ltr'>babere</span> <span class='ocrx_word' id='word_1_26' title='bbox 820 769 986 839; x_wconf 82' lang='lat' dir='ltr'>consortem,</span> <span class='ocrx_word' id='word_1_27' title='bbox 1001 780 1031 825; x_wconf 91' lang='lat' dir='ltr'>ut</span> <span class='ocrx_word' id='word_1_28' title='bbox 1045 765 1112 826; x_wconf 89' lang='lat' dir='ltr'>mibi</span> <span class='ocrx_word' id='word_1_29' title='bbox 1126 766 1161 826; x_wconf 91' lang='lat' dir='ltr'>de</span> <span class='ocrx_word' id='word_1_30' title='bbox 1181 768 1281 828; x_wconf 86' lang='lat' dir='ltr'>sanetis</span> <span class='ocrx_word' id='word_1_31' title='bbox 1294 770 1502 850; x_wconf 64' lang='lat' dir='ltr'>precessoribus</span> <span class='ocrx_word' id='word_1_32' title='bbox 1513 771 1569 831; x_wconf 89' lang='lat' dir='ltr'>tuis</span> <span class='ocrx_word' id='word_1_33' title='bbox 1581 793 1630 832; x_wconf 89' lang='lat' dir='ltr'>uec</span> <span class='ocrx_word' id='word_1_34' title='bbox 1642 774 1730 835; x_wconf 81' lang='lat' dir='ltr'>loan-</span> 
     </span>
     <span class='ocr_line' id='line_1_4' title="bbox 167 859 1731 942; baseline 0.008 -26"><span class='ocrx_word' id='word_1_35' title='bbox 167 860 210 917; x_wconf 92' lang='lat' dir='ltr'>nis</span> <span class='ocrx_word' id='word_1_36' title='bbox 230 859 397 938; x_wconf 86' lang='lat' dir='ltr'>spiritualem</span> <span class='ocrx_word' id='word_1_37' title='bbox 415 859 602 940; x_wconf 82' lang='lat' dir='ltr'>copiosamque</span> <span class='ocrx_word' id='word_1_38' title='bbox 625 859 792 936; x_wconf 82' lang='lat' dir='ltr'><strong>doctrinam,</strong></span> <span class='ocrx_word' id='word_1_39' title='bbox 816 880 865 919; x_wconf 90' lang='lat' dir='ltr'>nec</span> <span class='ocrx_word' id='word_1_40' title='bbox 888 861 1076 920; x_wconf 88' lang='lat' dir='ltr'>auctoritatem</span> <span class='ocrx_word' id='word_1_41' title='bbox 1097 861 1200 941; x_wconf 89' lang='lat' dir='ltr'>Attici,</span> <span class='ocrx_word' id='word_1_42' title='bbox 1216 882 1264 923; x_wconf 90' lang='lat' dir='ltr'>nee</span> <span class='ocrx_word' id='word_1_43' title='bbox 1284 863 1447 925; x_wconf 89' lang='lat' dir='ltr'>industriam</span> <span class='ocrx_word' id='word_1_44' title='bbox 1468 866 1569 942; x_wconf 84' lang='lat' dir='ltr'>Procli,</span> <span class='ocrx_word' id='word_1_45' title='bbox 1584 887 1633 927; x_wconf 91' lang='lat' dir='ltr'>nec</span> <span class='ocrx_word' id='word_1_46' title='bbox 1647 868 1731 929; x_wconf 83' lang='lat' dir='ltr'>iidem</span> 
     </span>
    </p>
   </div>
   <div class='ocr_carea' id='block_1_2' title="bbox 167 953 1734 1138">
    <p class='ocr_par' dir='ltr' id='par_1_2' title="bbox 167 953 1734 1138">
     <span class='ocr_line' id='line_1_5' title="bbox 167 953 1734 1041; baseline 0.009 -32"><span class='ocrx_word' id='word_1_47' title='bbox 167 953 240 1010; x_wconf 85' lang='lat' dir='ltr'>beati</span> <span class='ocrx_word' id='word_1_48' title='bbox 252 953 375 1012; x_wconf 85' lang='lat' dir='ltr'>Flaviani</span> <span class='ocrx_word' id='word_1_49' title='bbox 387 953 476 1014; x_wconf 79' lang='lat' dir='ltr'>deesse</span> <span class='ocrx_word' id='word_1_50' title='bbox 487 955 613 1013; x_wconf 73' lang='lat' dir='ltr'>sentirem</span> <span class='ocrx_word' id='word_1_51' title='bbox 626 975 633 1012; x_wconf 80' lang='grc' dir='ltr'>ι</span> <span class='ocrx_word' id='word_1_52' title='bbox 646 954 720 1014; x_wconf 85' lang='lat' dir='ltr'>etita</span> <span class='ocrx_word' id='word_1_53' title='bbox 734 953 832 1014; x_wconf 90' lang='lat' dir='ltr'>studiis</span> <span class='ocrx_word' id='word_1_54' title='bbox 845 953 900 1014; x_wconf 90' lang='lat' dir='ltr'>tuis</span> <span class='ocrx_word' id='word_1_55' title='bbox 913 969 1019 1032; x_wconf 89' lang='lat' dir='ltr'>uterer,</span> <span class='ocrx_word' id='word_1_56' title='bbox 1033 968 1063 1016; x_wconf 88' lang='lat' dir='ltr'>ut</span> <span class='ocrx_word' id='word_1_57' title='bbox 1076 955 1168 1024; x_wconf 86' lang='lat' dir='ltr'>nullus</span> <span class='ocrx_word' id='word_1_58' title='bbox 1178 957 1289 1018; x_wconf 76' lang='lat' dir='ltr'>auderet</span> <span class='ocrx_word' id='word_1_59' title='bbox 1298 958 1344 1019; x_wconf 84' lang='lat' dir='ltr'>vel</span> <span class='ocrx_word' id='word_1_60' title='bbox 1353 958 1418 1023; x_wconf 86' lang='lat' dir='ltr'>lidei</span> <span class='ocrx_word' id='word_1_61' title='bbox 1429 959 1576 1021; x_wconf 72' lang='lat' dir='ltr'>Catholicae</span> <span class='ocrx_word' id='word_1_62' title='bbox 1588 963 1734 1041; x_wconf 73' lang='lat' dir='ltr'>resultare,</span> 
     </span>
     <span class='ocr_line' id='line_1_6' title="bbox 168 1047 1012 1138; baseline 0.007 -31"><span class='ocrx_word' id='word_1_63' title='bbox 168 1047 212 1107; x_wconf 88' lang='lat' dir='ltr'>vel</span> <span class='ocrx_word' id='word_1_64' title='bbox 227 1048 342 1108; x_wconf 83' lang='lat' dir='ltr'>Niraenis</span> <span class='ocrx_word' id='word_1_65' title='bbox 351 1049 547 1138; x_wconf 79' lang='lat' dir='ltr'>venerabilium</span> <span class='ocrx_word' id='word_1_66' title='bbox 561 1051 672 1111; x_wconf 89' lang='lat' dir='ltr'>Patrum</span> <span class='ocrx_word' id='word_1_67' title='bbox 684 1051 785 1132; x_wconf 74' lang='lat' dir='ltr'>regulis</span> <span class='ocrx_word' id='word_1_68' title='bbox 796 1050 943 1126; x_wconf 87' lang='lat' dir='ltr'>contraire,</span> <span class='ocrx_word' id='word_1_69' title='bbox 957 1065 1012 1113; x_wconf 86' lang='lat' dir='ltr'>etc.</span> 
     </span>
    </p>
   </div>
   <div class='ocr_carea' id='block_1_3' title="bbox 180 1260 1722 1330">
    <p class='ocr_par' dir='ltr' id='par_1_3' title="bbox 180 1260 1722 1330">
     <span class='ocr_line' id='line_1_7' title="bbox 180 1260 1722 1330; baseline 0.009 -45"><span class='ocrx_word' id='word_1_70' title='bbox 180 1260 1722 1330; x_wconf 49' lang='lat' dir='ltr'>ww</span> 
     </span>
    </p>
   </div>
   <div class='ocr_carea' id='block_1_4' title="bbox 458 1454 1434 1557">
    <p class='ocr_par' dir='ltr' id='par_1_4' title="bbox 458 1454 1434 1557">
     <span class='ocr_line' id='line_1_8' title="bbox 458 1454 1434 1557; baseline 0.01 -44"><span class='ocrx_word' id='word_1_71' title='bbox 458 1454 563 1534; x_wconf 76' lang='lat' dir='ltr'>Vigilr&#39;s&#39;</span> <span class='ocrx_word' id='word_1_72' title='bbox 581 1457 733 1537; x_wconf 84' lang='lat' dir='ltr'>Tapsensis</span> <span class='ocrx_word' id='word_1_73' title='bbox 745 1457 955 1538; x_wconf 83' lang='lat' dir='ltr'>Episr.oontra</span> <span class='ocrx_word' id='word_1_74' title='bbox 967 1457 1175 1536; x_wconf 69' lang='lat' dir='ltr'>Ertrcbetem,</span> <span class='ocrx_word' id='word_1_75' title='bbox 1185 1460 1251 1521; x_wconf 76' lang='lat' dir='ltr'>tto.</span> <span class='ocrx_word' id='word_1_76' title='bbox 1264 1464 1294 1523; x_wconf 85' lang='grc'>1.</span> <span class='ocrx_word' id='word_1_77' title='bbox 1309 1483 1373 1557; x_wconf 77' lang='lat' dir='ltr'>cop.</span> <span class='ocrx_word' id='word_1_78' title='bbox 1387 1464 1434 1524; x_wconf 82' lang='lat' dir='ltr'>ts.</span> 
     </span>
    </p>
   </div>
   <div class='ocr_carea' id='block_1_5' title="bbox 167 1677 1732 2146">
    <p class='ocr_par' dir='ltr' id='par_1_5' title="bbox 167 1677 1732 2146">
     <span class='ocr_line' id='line_1_9' title="bbox 173 1677 1732 1771; baseline 0.008 -34"><span class='ocrx_word' id='word_1_79' title='bbox 173 1740 175 1744; x_wconf 65' lang='grc'>,</span> <span class='ocrx_word' id='word_1_80' title='bbox 207 1677 286 1738; x_wconf 88' lang='lat' dir='ltr'>Unde</span> <span class='ocrx_word' id='word_1_81' title='bbox 299 1678 439 1739; x_wconf 89' lang='lat' dir='ltr'>hortamur</span> <span class='ocrx_word' id='word_1_82' title='bbox 452 1699 544 1740; x_wconf 90' lang='lat' dir='ltr'>omnes</span> <span class='ocrx_word' id='word_1_83' title='bbox 557 1680 680 1742; x_wconf 89' lang='lat' dir='ltr'>homines</span> <span class='ocrx_word' id='word_1_84' title='bbox 699 1682 821 1743; x_wconf 76' lang='lat' dir='ltr'>nefandae</span> <span class='ocrx_word' id='word_1_85' title='bbox 839 1682 922 1765; x_wconf 81' lang='lat' dir='ltr'>hujus</span> <span class='ocrx_word' id='word_1_86' title='bbox 935 1682 1056 1765; x_wconf 83' lang='lat' dir='ltr'>perfidiae</span> <span class='ocrx_word' id='word_1_87' title='bbox 1068 1695 1227 1761; x_wconf 76' lang='lat' dir='ltr'>sectatores,</span> <span class='ocrx_word' id='word_1_88' title='bbox 1241 1679 1309 1746; x_wconf 87' lang='lat' dir='ltr'>dum</span> <span class='ocrx_word' id='word_1_89' title='bbox 1320 1688 1375 1747; x_wconf 86' lang='lat' dir='ltr'>vita</span> <span class='ocrx_word' id='word_1_90' title='bbox 1389 1701 1500 1764; x_wconf 87' lang='lat' dir='ltr'>manet,</span> <span class='ocrx_word' id='word_1_91' title='bbox 1515 1688 1582 1749; x_wconf 92' lang='lat' dir='ltr'>dum</span> <span class='ocrx_word' id='word_1_92' title='bbox 1603 1690 1732 1771; x_wconf 70' lang='lat' dir='ltr'>penitere</span> 
     </span>
     <span class='ocr_line' id='line_1_10' title="bbox 169 1774 1731 1865; baseline 0.008 -33"><span class='ocrx_word' id='word_1_93' title='bbox 169 1774 245 1844; x_wconf 87' lang='lat' dir='ltr'>licet,</span> <span class='ocrx_word' id='word_1_94' title='bbox 260 1775 358 1834; x_wconf 90' lang='lat' dir='ltr'>erroris</span> <span class='ocrx_word' id='word_1_95' title='bbox 378 1776 420 1834; x_wconf 90' lang='lat' dir='ltr'>sui</span> <span class='ocrx_word' id='word_1_96' title='bbox 438 1789 543 1835; x_wconf 90' lang='lat' dir='ltr'>mutare</span> <span class='ocrx_word' id='word_1_97' title='bbox 560 1778 734 1854; x_wconf 87' lang='lat' dir='ltr'>sententiam,</span> <span class='ocrx_word' id='word_1_98' title='bbox 750 1792 776 1837; x_wconf 91' lang='lat' dir='ltr'>et</span> <span class='ocrx_word' id='word_1_99' title='bbox 788 1779 914 1859; x_wconf 75' lang='lat' dir='ltr'>Gregorii</span> <span class='ocrx_word' id='word_1_100' title='bbox 928 1781 1018 1862; x_wconf 90' lang='lat' dir='ltr'>potius</span> <span class='ocrx_word' id='word_1_101' title='bbox 1034 1795 1114 1861; x_wconf 89' lang='lat' dir='ltr'>atque</span> <span class='ocrx_word' id='word_1_102' title='bbox 1127 1782 1238 1854; x_wconf 89' lang='lat' dir='ltr'>Basilii,</span> <span class='ocrx_word' id='word_1_103' title='bbox 1250 1776 1405 1865; x_wconf 83' lang='lat' dir='ltr'>Theophili</span> <span class='ocrx_word' id='word_1_104' title='bbox 1414 1806 1522 1864; x_wconf 89' lang='lat' dir='ltr'>quoquc</span> <span class='ocrx_word' id='word_1_105' title='bbox 1532 1799 1558 1845; x_wconf 91' lang='lat' dir='ltr'>et</span> <span class='ocrx_word' id='word_1_106' title='bbox 1568 1786 1681 1849; x_wconf 80' lang='lat' dir='ltr'>loannis</span> <span class='ocrx_word' id='word_1_107' title='bbox 1694 1787 1731 1846; x_wconf 81' lang='lat' dir='ltr'>ci·</span> 
     </span>
     <span class='ocr_line' id='line_1_11' title="bbox 168 1871 1732 1962; baseline 0.007 -30"><span class='ocrx_word' id='word_1_108' title='bbox 168 1872 260 1932; x_wconf 82' lang='lat' dir='ltr'>vitatis</span> <span class='ocrx_word' id='word_1_109' title='bbox 275 1871 575 1952; x_wconf 72' lang='lat' dir='ltr'>constantinopolitane</span> <span class='ocrx_word' id='word_1_110' title='bbox 594 1872 773 1954; x_wconf 87' lang='lat' dir='ltr'>opinatissimi</span> <span class='ocrx_word' id='word_1_111' title='bbox 793 1875 930 1948; x_wconf 88' lang='lat' dir='ltr'>antistitis,</span> <span class='ocrx_word' id='word_1_112' title='bbox 947 1897 1049 1937; x_wconf 91' lang='lat' dir='ltr'>necnon</span> <span class='ocrx_word' id='word_1_113' title='bbox 1068 1891 1095 1938; x_wconf 91' lang='lat' dir='ltr'>et</span> <span class='ocrx_word' id='word_1_114' title='bbox 1107 1878 1207 1959; x_wconf 77' lang='lat' dir='ltr'>Cyrilli</span> <span class='ocrx_word' id='word_1_115' title='bbox 1226 1878 1403 1939; x_wconf 82' lang='lat' dir='ltr'>Alexandrini</span> <span class='ocrx_word' id='word_1_116' title='bbox 1417 1882 1551 1962; x_wconf 87' lang='lat' dir='ltr'>episcopi,</span> <span class='ocrx_word' id='word_1_117' title='bbox 1567 1895 1594 1942; x_wconf 93' lang='lat' dir='ltr'>et</span> <span class='ocrx_word' id='word_1_118' title='bbox 1614 1883 1732 1943; x_wconf 91' lang='lat' dir='ltr'>aliorum</span> 
     </span>
     <span class='ocr_line' id='line_1_12' title="bbox 167 1966 1731 2057; baseline 0.008 -33"><span class='ocrx_word' id='word_1_119' title='bbox 167 1966 443 2047; x_wconf 87' lang='lat' dir='ltr'>quamplurimorum,</span> <span class='ocrx_word' id='word_1_120' title='bbox 460 1966 508 2044; x_wconf 91' lang='lat' dir='ltr'>qui</span> <span class='ocrx_word' id='word_1_121' title='bbox 519 1967 668 2045; x_wconf 88' lang='lat' dir='ltr'>antiquitus</span> <span class='ocrx_word' id='word_1_122' title='bbox 682 1967 710 2026; x_wconf 92' lang='lat' dir='ltr'>in</span> <span class='ocrx_word' id='word_1_123' title='bbox 725 1967 1020 2044; x_wconf 76' lang='lat' dir='ltr'>Ecclesialloruerunt,</span> <span class='ocrx_word' id='word_1_124' title='bbox 1031 1992 1112 2055; x_wconf 86' lang='lat' dir='ltr'>super</span> <span class='ocrx_word' id='word_1_125' title='bbox 1126 1973 1266 2052; x_wconf 92' lang='lat' dir='ltr'>utriusque</span> <span class='ocrx_word' id='word_1_126' title='bbox 1279 1987 1381 2033; x_wconf 78' lang='lat' dir='ltr'>naturae</span> <span class='ocrx_word' id='word_1_127' title='bbox 1395 1975 1559 2057; x_wconf 87' lang='lat' dir='ltr'>proprietate</span> <span class='ocrx_word' id='word_1_128' title='bbox 1571 1975 1668 2036; x_wconf 85' lang='lat' dir='ltr'>sectari</span> <span class='ocrx_word' id='word_1_129' title='bbox 1680 1975 1731 2036; x_wconf 92' lang='lat' dir='ltr'>do·</span> 
     </span>
     <span class='ocr_line' id='line_1_13' title="bbox 172 2059 1303 2146; baseline 0.005 -26"><span class='ocrx_word' id='word_1_130' title='bbox 172 2062 302 2133; x_wconf 85' lang='lat' dir='ltr'>utrinam,</span> <span class='ocrx_word' id='word_1_131' title='bbox 313 2081 429 2141; x_wconf 87' lang='lat' dir='ltr'>quorum</span> <span class='ocrx_word' id='word_1_132' title='bbox 439 2060 477 2119; x_wconf 89' lang='lat' dir='ltr'>cis</span> <span class='ocrx_word' id='word_1_133' title='bbox 490 2059 525 2119; x_wconf 88' lang='lat' dir='ltr'>dc</span> <span class='ocrx_word' id='word_1_134' title='bbox 534 2059 585 2119; x_wconf 87' lang='lat' dir='ltr'>bae</span> <span class='ocrx_word' id='word_1_135' title='bbox 597 2081 627 2120; x_wconf 91' lang='lat' dir='ltr'>rc</span> <span class='ocrx_word' id='word_1_136' title='bbox 637 2061 780 2121; x_wconf 89' lang='lat' dir='ltr'>sententias</span> <span class='ocrx_word' id='word_1_137' title='bbox 790 2061 958 2125; x_wconf 85' lang='lat' dir='ltr'>extrinsecus</span> <span class='ocrx_word' id='word_1_138' title='bbox 971 2064 1110 2125; x_wconf 81' lang='lat' dir='ltr'>offerimus</span> <span class='ocrx_word' id='word_1_139' title='bbox 1120 2065 1303 2146; x_wconf 77' lang='lat' dir='ltr'>perlegendas.</span> 
     </span>
    </p>
   </div>
   <div class='ocr_carea' id='block_1_6' title="bbox 888 2430 1008 2537">
    <p class='ocr_par' dir='ltr' id='par_1_6' title="bbox 888 2430 1008 2537">
     <span class='ocr_line' id='line_1_14' title="bbox 888 2430 1008 2537; baseline -0.017 0"><span class='ocrx_word' id='word_1_140' title='bbox 888 2430 1008 2537; x_wconf 79' lang='lat' dir='ltr'>Suidas.</span> 
     </span>
    </p>
   </div>
   <div class='ocr_carea' id='block_1_7' title="bbox 150 2677 1730 4426">
    <p class='ocr_par' dir='ltr' id='par_1_7' title="bbox 202 2677 1730 2782">
     <span class='ocr_line' id='line_1_15' title="bbox 202 2677 1730 2782; baseline -0.007 -38.913"><span class='ocrx_word' id='word_1_141' title='bbox 202 2685 327 2758; x_wconf 76' lang='grc' dir='ltr'>Ιωᾶννης</span> <span class='ocrx_word' id='word_1_142' title='bbox 348 2681 494 2763; x_wconf 79' lang='grc' dir='ltr'>Αντιοχεδς</span> <span class='ocrx_word' id='word_1_143' title='bbox 516 2685 531 2741; x_wconf 81' lang='grc' dir='ltr'>ὁ</span> <span class='ocrx_word' id='word_1_144' title='bbox 553 2679 702 2754; x_wconf 80' lang='grc' dir='ltr'>ἐπικληθεὶς</span> <span class='ocrx_word' id='word_1_145' title='bbox 724 2678 928 2759; x_wconf 79' lang='grc' dir='ltr'>Χρυσόστομος,</span> <span class='ocrx_word' id='word_1_146' title='bbox 943 2677 979 2782; x_wconf 55' lang='lat'>²2⁹</span> <span class='ocrx_word' id='word_1_147' title='bbox 1029 2677 1145 2738; x_wconf 80' lang='lat' dir='ltr'>loannes</span> <span class='ocrx_word' id='word_1_148' title='bbox 1165 2677 1351 2740; x_wconf 87' lang='lat' dir='ltr'>Antiochenus</span> <span class='ocrx_word' id='word_1_149' title='bbox 1370 2693 1548 2761; x_wconf 80' lang='lat' dir='ltr'>cognomento</span> <span class='ocrx_word' id='word_1_150' title='bbox 1566 2681 1730 2765; x_wconf 70' lang='lat' dir='ltr'>chrysosto.</span> 
     </span>
    </p>

    <p class='ocr_par' dir='ltr' id='par_1_8' title="bbox 151 2768 1730 4426">
     <span class='ocr_line' id='line_1_16' title="bbox 161 2768 1729 2860; baseline 0.001 -24.026"><span class='ocrx_word' id='word_1_151' title='bbox 161 2777 337 2860; x_wconf 79' lang='grc' dir='ltr'>πρεσόότερος</span> <span class='ocrx_word' id='word_1_152' title='bbox 351 2774 399 2854; x_wconf 83' lang='grc' dir='ltr'>μὲν</span> <span class='ocrx_word' id='word_1_153' title='bbox 412 2777 439 2833; x_wconf 91' lang='grc' dir='ltr'>ἐν</span> <span class='ocrx_word' id='word_1_154' title='bbox 453 2772 566 2852; x_wconf 79' lang='grc' dir='ltr'><strong>πρώτοις</strong></span> <span class='ocrx_word' id='word_1_155' title='bbox 578 2769 748 2852; x_wconf 80' lang='grc' dir='ltr'>’,Αντιοχιέας</span> <span class='ocrx_word' id='word_1_156' title='bbox 760 2768 891 2831; x_wconf 81' lang='grc' dir='ltr'>Ευαεόέον</span> <span class='ocrx_word' id='word_1_157' title='bbox 902 2769 931 2831; x_wconf 87' lang='grc' dir='ltr'>δέ</span> <span class='ocrx_word' id='word_1_158' title='bbox 988 2789 1060 2842; x_wconf 89' lang='lat' dir='ltr'>mus,</span> <span class='ocrx_word' id='word_1_159' title='bbox 1081 2769 1217 2851; x_wconf 87' lang='lat' dir='ltr'>principio</span> <span class='ocrx_word' id='word_1_160' title='bbox 1230 2772 1385 2854; x_wconf 80' lang='lat' dir='ltr'>presbyter</span> <span class='ocrx_word' id='word_1_161' title='bbox 1391 2774 1443 2833; x_wconf 82' lang='lat' dir='ltr'>fuit</span> <span class='ocrx_word' id='word_1_162' title='bbox 1465 2775 1626 2854; x_wconf 80' lang='lat' dir='ltr'>Antiochia,</span> <span class='ocrx_word' id='word_1_163' title='bbox 1642 2777 1729 2837; x_wconf 84' lang='lat' dir='ltr'>Euse-</span> 
     </span>
     <span class='ocr_line' id='line_1_17' title="bbox 159 2857 1729 2982; baseline -0.001 -52"><span class='ocrx_word' id='word_1_164' title='bbox 159 2877 205 2929; x_wconf 84' lang='grc' dir='ltr'>τοῦ</span> <span class='ocrx_word' id='word_1_165' title='bbox 219 2870 369 2949; x_wconf 82' lang='grc' dir='ltr'>Ἐμεσηνοῦ</span> <span class='ocrx_word' id='word_1_166' title='bbox 391 2867 532 2949; x_wconf 71' lang='grc' dir='ltr'>φιλοσόφου</span> <span class='ocrx_word' id='word_1_167' title='bbox 556 2864 602 2925; x_wconf 73' lang='grc' dir='ltr'>καὶ</span> <span class='ocrx_word' id='word_1_168' title='bbox 630 2861 763 2982; x_wconf 80' lang='grc' dir='ltr'>Διοδώρου</span> <span class='ocrx_word' id='word_1_169' title='bbox 781 2857 942 2932; x_wconf 79' lang='grc' dir='ltr'>ἐκόλωθυς.</span> <span class='ocrx_word' id='word_1_170' title='bbox 986 2859 1025 2919; x_wconf 86' lang='lat' dir='ltr'>bn</span> <span class='ocrx_word' id='word_1_171' title='bbox 1036 2862 1161 2922; x_wconf 87' lang='lat' dir='ltr'>Emesenr</span> <span class='ocrx_word' id='word_1_172' title='bbox 1174 2862 1494 2945; x_wconf 75' lang='lat' dir='ltr'>pbilosoplnetDrodorr</span> <span class='ocrx_word' id='word_1_173' title='bbox 1504 2865 1665 2948; x_wconf 79' lang='lat' dir='ltr'>discipulus</span> <span class='ocrx_word' id='word_1_174' title='bbox 1677 2868 1729 2930; x_wconf 87' lang='lat' dir='ltr'>Hic</span> 
     </span>
     <span class='ocr_line' id='line_1_18' title="bbox 161 2945 1730 3039; baseline -0.002 -16"><span class='ocrx_word' id='word_1_175' title='bbox 161 2953 245 3029; x_wconf 77' lang='grc' dir='ltr'>Οὗτος</span> <span class='ocrx_word' id='word_1_176' title='bbox 260 2960 346 3022; x_wconf 81' lang='grc' dir='ltr'>πολλὰ</span> <span class='ocrx_word' id='word_1_177' title='bbox 360 2959 510 3039; x_wconf 77' lang='grc' dir='ltr'>συγγράψαι</span> <span class='ocrx_word' id='word_1_178' title='bbox 529 2957 675 3038; x_wconf 89' lang='grc' dir='ltr'>λέγεται,’</span> <span class='ocrx_word' id='word_1_179' title='bbox 661 2959 705 3037; x_wconf 78' lang='grc' dir='ltr'>αρ’</span> <span class='ocrx_word' id='word_1_180' title='bbox 721 2945 758 3015; x_wconf 90' lang='grc' dir='ltr'>ων</span> <span class='ocrx_word' id='word_1_181' title='bbox 772 2959 796 3015; x_wconf 83' lang='lat' dir='ltr'>ol</span> <span class='ocrx_word' id='word_1_182' title='bbox 812 2955 931 3038; x_wconf 75' lang='lat' dir='ltr'>crepita-</span> <span class='ocrx_word' id='word_1_183' title='bbox 986 2953 1072 3013; x_wconf 88' lang='lat' dir='ltr'>multa</span> <span class='ocrx_word' id='word_1_184' title='bbox 1085 2955 1224 3036; x_wconf 89' lang='lat' dir='ltr'>scripsisse</span> <span class='ocrx_word' id='word_1_185' title='bbox 1237 2971 1372 3028; x_wconf 87' lang='lat' dir='ltr'>narratur,</span> <span class='ocrx_word' id='word_1_186' title='bbox 1393 2978 1421 3017; x_wconf 90' lang='lat' dir='ltr'>m</span> <span class='ocrx_word' id='word_1_187' title='bbox 1433 2957 1532 3036; x_wconf 78' lang='lat' dir='ltr'>quibus</span> <span class='ocrx_word' id='word_1_188' title='bbox 1545 2960 1683 3020; x_wconf 85' lang='lat' dir='ltr'>excellunt</span> <span class='ocrx_word' id='word_1_189' title='bbox 1695 2961 1730 3021; x_wconf 86' lang='lat' dir='ltr'>lr-</span> 
     </span>
     <span class='ocr_line' id='line_1_19' title="bbox 162 3041 1728 3135; baseline 0.001 -25"><span class='ocrx_word' id='word_1_190' title='bbox 162 3054 277 3135; x_wconf 80' lang='grc' dir='ltr'>ρωσόνης</span> <span class='ocrx_word' id='word_1_191' title='bbox 291 3051 528 3132; x_wconf 79' lang='grc' dir='ltr'>ὑπερόόλλοναιλό</span> <span class='ocrx_word' id='word_1_192' title='bbox 528 3075 612 3129; x_wconf 92' lang='grc' dir='ltr'>γοι</span> <span class='ocrx_word' id='word_1_193' title='bbox 582 3053 620 3108; x_wconf 85' lang='grc' dir='ltr'>τῶ</span> <span class='ocrx_word' id='word_1_194' title='bbox 633 3072 662 3108; x_wconf 87' lang='grc' dir='ltr'>τι</span> <span class='ocrx_word' id='word_1_195' title='bbox 679 3047 740 3128; x_wconf 71' lang='grc' dir='ltr'>ὕψει</span> <span class='ocrx_word' id='word_1_196' title='bbox 754 3046 847 3108; x_wconf 64' lang='lat' dir='ltr'>eri*</span> <span class='ocrx_word' id='word_1_197' title='bbox 814 3070 897 3130; x_wconf 81' lang='grc' dir='ltr'>τηρ</span> <span class='ocrx_word' id='word_1_198' title='bbox 863 3047 929 3130; x_wconf 78' lang='lat' dir='ltr'>ppri-</span> <span class='ocrx_word' id='word_1_199' title='bbox 984 3041 1028 3102; x_wconf 92' lang='lat' dir='ltr'>bri</span> <span class='ocrx_word' id='word_1_200' title='bbox 1038 3043 1072 3104; x_wconf 91' lang='lat' dir='ltr'>de</span> <span class='ocrx_word' id='word_1_201' title='bbox 1085 3045 1252 3121; x_wconf 80' lang='lat' dir='ltr'>sacerdotio,</span> <span class='ocrx_word' id='word_1_202' title='bbox 1267 3060 1326 3107; x_wconf 90' lang='lat' dir='ltr'>tum</span> <span class='ocrx_word' id='word_1_203' title='bbox 1340 3049 1508 3110; x_wconf 88' lang='lat' dir='ltr'>sublimitate</span> <span class='ocrx_word' id='word_1_204' title='bbox 1522 3065 1547 3110; x_wconf 93' lang='lat' dir='ltr'>et</span> <span class='ocrx_word' id='word_1_205' title='bbox 1566 3052 1647 3134; x_wconf 77' lang='lat' dir='ltr'>stylo,</span> <span class='ocrx_word' id='word_1_206' title='bbox 1668 3065 1728 3114; x_wconf 91' lang='lat' dir='ltr'>tum</span> 
     </span>
     <span class='ocr_line' id='line_1_20' title="bbox 159 3107 1728 3223; baseline 0.001 -19"><span class='ocrx_word' id='word_1_207' title='bbox 159 3169 200 3205; x_wconf 86' lang='grc' dir='ltr'>σει</span> <span class='ocrx_word' id='word_1_208' title='bbox 222 3146 321 3204; x_wconf 62' lang='lat' dir='ltr'>xri*</span> <span class='ocrx_word' id='word_1_209' title='bbox 288 3169 321 3223; x_wconf 89' lang='grc' dir='ltr'>τῃ</span> <span class='ocrx_word' id='word_1_210' title='bbox 342 3143 458 3215; x_wconf 78' lang='grc' dir='ltr'>λειότητι</span> <span class='ocrx_word' id='word_1_211' title='bbox 476 3141 522 3200; x_wconf 77' lang='grc' dir='ltr'>καὶ</span> <span class='ocrx_word' id='word_1_212' title='bbox 542 3165 580 3222; x_wconf 84' lang='grc' dir='ltr'>τῳ</span> <span class='ocrx_word' id='word_1_213' title='bbox 560 3107 742 3199; x_wconf 66' lang='lat' dir='ltr'>titillet*</span> <span class='ocrx_word' id='word_1_214' title='bbox 707 3164 759 3199; x_wconf 85' lang='grc' dir='ltr'>των</span> <span class='ocrx_word' id='word_1_215' title='bbox 778 3141 926 3218; x_wconf 76' lang='grc' dir='ltr'>ὀνομάτων.</span> <span class='ocrx_word' id='word_1_216' title='bbox 984 3151 1116 3197; x_wconf 75' lang='lat' dir='ltr'>suavitate</span> <span class='ocrx_word' id='word_1_217' title='bbox 1127 3152 1152 3198; x_wconf 84' lang='lat' dir='ltr'>et</span> <span class='ocrx_word' id='word_1_218' title='bbox 1166 3139 1297 3219; x_wconf 75' lang='lat' dir='ltr'>elegantia</span> <span class='ocrx_word' id='word_1_219' title='bbox 1309 3141 1464 3200; x_wconf 83' lang='lat' dir='ltr'>verborum</span> <span class='ocrx_word' id='word_1_220' title='bbox 1480 3143 1549 3202; x_wconf 87' lang='lat' dir='ltr'>Cum</span> <span class='ocrx_word' id='word_1_221' title='bbox 1560 3143 1603 3203; x_wconf 88' lang='lat' dir='ltr'>his</span> <span class='ocrx_word' id='word_1_222' title='bbox 1617 3165 1728 3205; x_wconf 85' lang='lat' dir='ltr'>concer-</span> 
     </span>
     <span class='ocr_line' id='line_1_21' title="bbox 158 3230 1727 3316; baseline 0.001 -19"><span class='ocrx_word' id='word_1_223' title='bbox 158 3236 417 3316; x_wconf 82' lang='grc' dir='ltr'>Τοότοιςέράμιλλοι</span> <span class='ocrx_word' id='word_1_224' title='bbox 427 3257 473 3293; x_wconf 89' lang='grc' dir='ltr'>και</span> <span class='ocrx_word' id='word_1_225' title='bbox 462 3233 507 3293; x_wconf 85' lang='lat' dir='ltr'>ol</span> <span class='ocrx_word' id='word_1_226' title='bbox 517 3235 554 3299; x_wconf 83' lang='grc' dir='ltr'>ιές</span> <span class='ocrx_word' id='word_1_227' title='bbox 564 3232 625 3300; x_wconf 76' lang='grc' dir='ltr'>τοὺς</span> <span class='ocrx_word' id='word_1_228' title='bbox 639 3230 773 3309; x_wconf 78' lang='grc' dir='ltr'>Ψαλμοδς</span> <span class='ocrx_word' id='word_1_229' title='bbox 785 3256 831 3292; x_wconf 91' lang='grc' dir='ltr'>του</span> <span class='ocrx_word' id='word_1_230' title='bbox 814 3232 928 3292; x_wconf 78' lang='grc' dir='ltr'>Δανλδ</span> <span class='ocrx_word' id='word_1_231' title='bbox 984 3239 1043 3287; x_wconf 90' lang='lat' dir='ltr'>tant</span> <span class='ocrx_word' id='word_1_232' title='bbox 1056 3250 1189 3290; x_wconf 86' lang='lat' dir='ltr'>sermones</span> <span class='ocrx_word' id='word_1_233' title='bbox 1203 3231 1261 3310; x_wconf 85' lang='lat' dir='ltr'>ejus</span> <span class='ocrx_word' id='word_1_234' title='bbox 1277 3232 1305 3290; x_wconf 95' lang='lat' dir='ltr'>in</span> <span class='ocrx_word' id='word_1_235' title='bbox 1320 3232 1435 3292; x_wconf 85' lang='lat' dir='ltr'>Davidis</span> <span class='ocrx_word' id='word_1_236' title='bbox 1449 3234 1581 3311; x_wconf 89' lang='lat' dir='ltr'>Psalmos,</span> <span class='ocrx_word' id='word_1_237' title='bbox 1601 3250 1628 3295; x_wconf 87' lang='lat' dir='ltr'>et</span> <span class='ocrx_word' id='word_1_238' title='bbox 1640 3259 1727 3298; x_wconf 91' lang='lat' dir='ltr'>anno·</span> 
     </span>
     <span class='ocr_line' id='line_1_22' title="bbox 155 3321 1725 3409; baseline 0.002 -22"><span class='ocrx_word' id='word_1_239' title='bbox 155 3329 291 3409; x_wconf 79' lang='grc' dir='ltr'>λόγοι,καλ</span> <span class='ocrx_word' id='word_1_240' title='bbox 304 3335 321 3402; x_wconf 85' lang='grc' dir='ltr'>ἠ</span> <span class='ocrx_word' id='word_1_241' title='bbox 336 3334 382 3387; x_wconf 82' lang='grc' dir='ltr'>τοῦ</span> <span class='ocrx_word' id='word_1_242' title='bbox 395 3326 465 3387; x_wconf 82' lang='grc' dir='ltr'>κατδ</span> <span class='ocrx_word' id='word_1_243' title='bbox 475 3325 602 3397; x_wconf 82' lang='grc' dir='ltr'>Ἰωάννην</span> <span class='ocrx_word' id='word_1_244' title='bbox 616 3323 779 3403; x_wconf 84' lang='grc' dir='ltr'>Εὐαγγελέον</span> <span class='ocrx_word' id='word_1_245' title='bbox 793 3325 925 3403; x_wconf 81' lang='grc' dir='ltr'>σημασέο,</span> <span class='ocrx_word' id='word_1_246' title='bbox 983 3321 1098 3380; x_wconf 84' lang='lat' dir='ltr'>tationes</span> <span class='ocrx_word' id='word_1_247' title='bbox 1108 3322 1135 3381; x_wconf 94' lang='lat' dir='ltr'>in</span> <span class='ocrx_word' id='word_1_248' title='bbox 1145 3323 1258 3384; x_wconf 80' lang='lat' dir='ltr'>loannis</span> <span class='ocrx_word' id='word_1_249' title='bbox 1272 3323 1462 3404; x_wconf 79' lang='lat' dir='ltr'>Evangelium,</span> <span class='ocrx_word' id='word_1_250' title='bbox 1473 3339 1499 3384; x_wconf 91' lang='lat' dir='ltr'>et</span> <span class='ocrx_word' id='word_1_251' title='bbox 1515 3326 1544 3386; x_wconf 94' lang='lat' dir='ltr'>in</span> <span class='ocrx_word' id='word_1_252' title='bbox 1554 3328 1725 3406; x_wconf 83' lang='lat' dir='ltr'>Mattbaeum,</span> 
     </span>
     <span class='ocr_line' id='line_1_23' title="bbox 154 3413 1727 3496; baseline 0 -14"><span class='ocrx_word' id='word_1_253' title='bbox 154 3422 200 3482; x_wconf 81' lang='grc' dir='ltr'>καὶ</span> <span class='ocrx_word' id='word_1_254' title='bbox 214 3422 248 3482; x_wconf 76' lang='grc' dir='ltr'>τὰ</span> <span class='ocrx_word' id='word_1_255' title='bbox 270 3426 305 3490; x_wconf 86' lang='grc' dir='ltr'>εές</span> <span class='ocrx_word' id='word_1_256' title='bbox 327 3421 371 3481; x_wconf 80' lang='grc' dir='ltr'>τὸν</span> <span class='ocrx_word' id='word_1_257' title='bbox 392 3423 530 3479; x_wconf 86' lang='grc' dir='ltr'>Ματθαῑον</span> <span class='ocrx_word' id='word_1_258' title='bbox 551 3418 597 3476; x_wconf 85' lang='grc' dir='ltr'>καὶ</span> <span class='ocrx_word' id='word_1_259' title='bbox 622 3416 733 3496; x_wconf 81' lang='grc' dir='ltr'>Μάρκον</span> <span class='ocrx_word' id='word_1_260' title='bbox 756 3417 802 3478; x_wconf 73' lang='grc' dir='ltr'>καὶ</span> <span class='ocrx_word' id='word_1_261' title='bbox 818 3421 925 3478; x_wconf 80' lang='grc' dir='ltr'>Δουκᾶν</span> <span class='ocrx_word' id='word_1_262' title='bbox 983 3413 1109 3471; x_wconf 77' lang='lat' dir='ltr'>Marcum</span> <span class='ocrx_word' id='word_1_263' title='bbox 1129 3428 1155 3473; x_wconf 90' lang='lat' dir='ltr'>et</span> <span class='ocrx_word' id='word_1_264' title='bbox 1181 3415 1284 3474; x_wconf 84' lang='lat' dir='ltr'>Lucam</span> <span class='ocrx_word' id='word_1_265' title='bbox 1307 3415 1509 3475; x_wconf 91' lang='lat' dir='ltr'>Commentarii</span> <span class='ocrx_word' id='word_1_266' title='bbox 1535 3422 1637 3480; x_wconf 74' lang='lat' dir='ltr'>Caetera</span> <span class='ocrx_word' id='word_1_267' title='bbox 1662 3443 1727 3483; x_wconf 84' lang='lat' dir='ltr'>vero</span> 
     </span>
     <span class='ocr_line' id='line_1_24' title="bbox 154 3502 1727 3611; baseline 0 -38"><span class='ocrx_word' id='word_1_268' title='bbox 154 3516 344 3593; x_wconf 83' lang='grc' dir='ltr'>νπομνηματα.</span> <span class='ocrx_word' id='word_1_269' title='bbox 370 3512 414 3573; x_wconf 83' lang='lat' dir='ltr'>Tt</span> <span class='ocrx_word' id='word_1_270' title='bbox 446 3511 474 3570; x_wconf 83' lang='grc' dir='ltr'>δέ</span> <span class='ocrx_word' id='word_1_271' title='bbox 507 3509 589 3570; x_wconf 74' lang='grc' dir='ltr'>λοιπὰ</span> <span class='ocrx_word' id='word_1_272' title='bbox 621 3510 701 3568; x_wconf 85' lang='grc' dir='ltr'>αὐτον</span> <span class='ocrx_word' id='word_1_273' title='bbox 729 3511 927 3593; x_wconf 73' lang='grc' dir='ltr'>συγγράμματα</span> <span class='ocrx_word' id='word_1_274' title='bbox 945 3564 963 3611; x_wconf 61' lang='grc' dir='ltr'><strong>Β</strong></span> <span class='ocrx_word' id='word_1_275' title='bbox 982 3502 1040 3583; x_wconf 64' lang='lat' dir='ltr'>ejus</span> <span class='ocrx_word' id='word_1_276' title='bbox 1053 3505 1153 3587; x_wconf 79' lang='lat' dir='ltr'>scripta</span> <span class='ocrx_word' id='word_1_277' title='bbox 1168 3526 1309 3566; x_wconf 82' lang='lat' dir='ltr'>numerum</span> <span class='ocrx_word' id='word_1_278' title='bbox 1324 3521 1459 3588; x_wconf 87' lang='lat' dir='ltr'>superant.</span> <span class='ocrx_word' id='word_1_279' title='bbox 1476 3511 1574 3569; x_wconf 88' lang='lat' dir='ltr'>Totam</span> <span class='ocrx_word' id='word_1_280' title='bbox 1587 3511 1659 3571; x_wconf 84' lang='lat' dir='ltr'>enim</span> <span class='ocrx_word' id='word_1_281' title='bbox 1676 3515 1727 3576; x_wconf 88' lang='lat' dir='ltr'>Ju-</span> 
     </span>
     <span class='ocr_line' id='line_1_25' title="bbox 153 3595 1726 3686; baseline 0.001 -20"><span class='ocrx_word' id='word_1_282' title='bbox 153 3609 290 3686; x_wconf 87' lang='grc' dir='ltr'>κρεέττονα</span> <span class='ocrx_word' id='word_1_283' title='bbox 311 3609 424 3686; x_wconf 83' lang='grc' dir='ltr'>ἀριθμου</span> <span class='ocrx_word' id='word_1_284' title='bbox 445 3602 579 3684; x_wconf 80' lang='grc' dir='ltr'>τυγχάνει.</span> <span class='ocrx_word' id='word_1_285' title='bbox 599 3600 722 3661; x_wconf 73' lang='lat' dir='ltr'>&#39;Arocas</span> <span class='ocrx_word' id='word_1_286' title='bbox 741 3600 793 3682; x_wconf 70' lang='grc' dir='ltr'>γὰρ</span> <span class='ocrx_word' id='word_1_287' title='bbox 813 3603 927 3662; x_wconf 75' lang='grc' dir='ltr'>Ἰρυδαῖ-</span> <span class='ocrx_word' id='word_1_288' title='bbox 982 3595 1089 3657; x_wconf 78' lang='lat' dir='ltr'>dorcam</span> <span class='ocrx_word' id='word_1_289' title='bbox 1099 3610 1125 3657; x_wconf 88' lang='lat' dir='ltr'>et</span> <span class='ocrx_word' id='word_1_290' title='bbox 1139 3597 1321 3658; x_wconf 88' lang='lat' dir='ltr'>Christianam</span> <span class='ocrx_word' id='word_1_291' title='bbox 1336 3599 1506 3681; x_wconf 74' lang='lat' dir='ltr'>scripturam</span> <span class='ocrx_word' id='word_1_292' title='bbox 1517 3603 1726 3668; x_wconf 87' lang='lat' dir='ltr'>Commentariis</span> 
     </span>
     <span class='ocr_line' id='line_1_26' title="bbox 150 3680 1724 3779; baseline 0.003 -23.047"><span class='ocrx_word' id='word_1_293' title='bbox 150 3699 201 3771; x_wconf 75' lang='grc' dir='ltr'>κῆν</span> <span class='ocrx_word' id='word_1_294' title='bbox 229 3697 338 3779; x_wconf 75' lang='grc' dir='ltr'>Γραρὴν</span> <span class='ocrx_word' id='word_1_295' title='bbox 362 3694 407 3756; x_wconf 74' lang='grc' dir='ltr'>καὶ</span> <span class='ocrx_word' id='word_1_296' title='bbox 432 3697 455 3756; x_wconf 87' lang='grc' dir='ltr'>Χ</span> <span class='ocrx_word' id='word_1_297' title='bbox 459 3693 622 3776; x_wconf 81' lang='grc' dir='ltr'>ριστιανικὴν</span> <span class='ocrx_word' id='word_1_298' title='bbox 646 3693 864 3772; x_wconf 77' lang='grc' dir='ltr'>όπιμνημέσισεν</span> <span class='ocrx_word' id='word_1_299' title='bbox 889 3697 929 3764; x_wconf 79' lang='grc' dir='ltr'>ὡς</span> <span class='ocrx_word' id='word_1_300' title='bbox 981 3680 1143 3767; x_wconf 84' lang='lat' dir='ltr'>illustravit,</span> <span class='ocrx_word' id='word_1_301' title='bbox 1155 3692 1369 3754; x_wconf 90' lang='lat' dir='ltr'>utaliusnemo.</span> <span class='ocrx_word' id='word_1_302' title='bbox 1384 3695 1724 3762; x_wconf 87' lang='lat' dir='ltr'>Plurimasetiaminlan-</span> 
     </span>
     <span class='ocr_line' id='line_1_27' title="bbox 152 3779 1726 3869; baseline 0.002 -19"><span class='ocrx_word' id='word_1_303' title='bbox 152 3793 230 3860; x_wconf 73' lang='grc' dir='ltr'>ἄλλος</span> <span class='ocrx_word' id='word_1_304' title='bbox 255 3789 349 3858; x_wconf 77' lang='grc' dir='ltr'>οὐδείς.</span> <span class='ocrx_word' id='word_1_305' title='bbox 379 3788 437 3856; x_wconf 85' lang='grc' dir='ltr'>Τδις</span> <span class='ocrx_word' id='word_1_306' title='bbox 465 3789 518 3846; x_wconf 85' lang='grc' dir='ltr'>τῶν</span> <span class='ocrx_word' id='word_1_307' title='bbox 545 3784 686 3868; x_wconf 80' lang='grc' dir='ltr'>μαρτύρων</span> <span class='ocrx_word' id='word_1_308' title='bbox 714 3784 742 3845; x_wconf 82' lang='grc' dir='ltr'>δέ</span> <span class='ocrx_word' id='word_1_309' title='bbox 766 3787 927 3869; x_wconf 68' lang='grc' dir='ltr'>πανηγύρεις</span> <span class='ocrx_word' id='word_1_310' title='bbox 981 3779 1043 3841; x_wconf 91' lang='lat' dir='ltr'>dem</span> <span class='ocrx_word' id='word_1_311' title='bbox 1056 3796 1208 3866; x_wconf 76' lang='lat' dir='ltr'>martyrum</span> <span class='ocrx_word' id='word_1_312' title='bbox 1221 3805 1292 3864; x_wconf 82' lang='lat' dir='ltr'>sape</span> <span class='ocrx_word' id='word_1_313' title='bbox 1306 3805 1342 3844; x_wconf 85' lang='lat' dir='ltr'>ex</span> <span class='ocrx_word' id='word_1_314' title='bbox 1353 3799 1475 3867; x_wconf 88' lang='lat' dir='ltr'>tempore</span> <span class='ocrx_word' id='word_1_315' title='bbox 1490 3786 1585 3848; x_wconf 91' lang='lat' dir='ltr'>babuit</span> <span class='ocrx_word' id='word_1_316' title='bbox 1601 3790 1659 3863; x_wconf 85' lang='lat' dir='ltr'>illc,</span> <span class='ocrx_word' id='word_1_317' title='bbox 1675 3813 1726 3853; x_wconf 88' lang='lat' dir='ltr'>ou</span> 
     </span>
     <span class='ocr_line' id='line_1_28' title="bbox 151 3872 1725 3996; baseline 0.001 -52"><span class='ocrx_word' id='word_1_318' title='bbox 151 3883 297 3958; x_wconf 79' lang='grc' dir='ltr'>ἐπηύξησεν</span> <span class='ocrx_word' id='word_1_319' title='bbox 312 3883 395 3946; x_wconf 73' lang='grc' dir='ltr'>δι”</span> <span class='ocrx_word' id='word_1_320' title='bbox 359 3905 398 3962; x_wconf 85' lang='grc' dir='ltr'>τιρ</span> <span class='ocrx_word' id='word_1_321' title='bbox 418 3879 567 3961; x_wconf 76' lang='grc' dir='ltr'>σχεδιάζειν</span> <span class='ocrx_word' id='word_1_322' title='bbox 582 3876 798 3996; x_wconf 82' lang='grc' dir='ltr'>ἀνιμπρδέστως,</span> <span class='ocrx_word' id='word_1_323' title='bbox 811 3878 858 3938; x_wconf 81' lang='grc' dir='ltr'>καλ</span> <span class='ocrx_word' id='word_1_324' title='bbox 875 3878 925 3951; x_wconf 69' lang='grc' dir='ltr'>τὴν</span> <span class='ocrx_word' id='word_1_325' title='bbox 977 3872 1024 3954; x_wconf 86' lang='lat' dir='ltr'>jus</span> <span class='ocrx_word' id='word_1_326' title='bbox 1045 3874 1144 3955; x_wconf 80' lang='lat' dir='ltr'>linguae</span> <span class='ocrx_word' id='word_1_327' title='bbox 1162 3875 1352 3955; x_wconf 83' lang='lat' dir='ltr'>profluvium&#39;</span> <span class='ocrx_word' id='word_1_328' title='bbox 1344 3898 1416 3959; x_wconf 76' lang='lat' dir='ltr'>ipsas</span> <span class='ocrx_word' id='word_1_329' title='bbox 1435 3879 1492 3940; x_wconf 89' lang='lat' dir='ltr'>Nili</span> <span class='ocrx_word' id='word_1_330' title='bbox 1511 3894 1658 3956; x_wconf 82' lang='lat' dir='ltr'>cataractas</span> <span class='ocrx_word' id='word_1_331' title='bbox 1676 3906 1725 3945; x_wconf 89' lang='lat' dir='ltr'>su-</span> 
     </span>
     <span class='ocr_line' id='line_1_29' title="bbox 152 3961 1724 4059; baseline 0.002 -24"><span class='ocrx_word' id='word_1_332' title='bbox 152 3979 276 4057; x_wconf 85' lang='grc' dir='ltr'>γλῶσσαν</span> <span class='ocrx_word' id='word_1_333' title='bbox 300 3978 378 4035; x_wconf 84' lang='grc' dir='ltr'>ανιου</span> <span class='ocrx_word' id='word_1_334' title='bbox 400 3976 540 4054; x_wconf 78' lang='grc' dir='ltr'>καταῤῥιῖν</span> <span class='ocrx_word' id='word_1_335' title='bbox 553 3969 678 4050; x_wconf 80' lang='grc' dir='ltr'>όπδρ</span> <span class='ocrx_word' id='word_1_336' title='bbox 638 3995 698 4037; x_wconf 88' lang='grc' dir='ltr'>τους</span> <span class='ocrx_word' id='word_1_337' title='bbox 710 3971 852 4052; x_wconf 78' lang='grc' dir='ltr'>Νιιλῴονς</span> <span class='ocrx_word' id='word_1_338' title='bbox 871 3995 925 4033; x_wconf 85' lang='grc' dir='ltr'>κα·</span> <span class='ocrx_word' id='word_1_339' title='bbox 980 3965 1100 4048; x_wconf 85' lang='lat' dir='ltr'>perabat.</span> <span class='ocrx_word' id='word_1_340' title='bbox 1116 3967 1218 4028; x_wconf 85' lang='lat' dir='ltr'>Nullus</span> <span class='ocrx_word' id='word_1_341' title='bbox 1227 3968 1263 4028; x_wconf 87' lang='lat' dir='ltr'>ab</span> <span class='ocrx_word' id='word_1_342' title='bbox 1278 3969 1352 4029; x_wconf 91' lang='lat' dir='ltr'>omni</span> <span class='ocrx_word' id='word_1_343' title='bbox 1366 3990 1424 4041; x_wconf 70' lang='lat' dir='ltr'>aem</span> <span class='ocrx_word' id='word_1_344' title='bbox 1437 3983 1513 4032; x_wconf 89' lang='lat' dir='ltr'>tanta</span> <span class='ocrx_word' id='word_1_345' title='bbox 1526 3961 1635 4035; x_wconf 86' lang='lat' dir='ltr'>dicendi</span> <span class='ocrx_word' id='word_1_346' title='bbox 1646 3977 1724 4059; x_wconf 89' lang='lat' dir='ltr'>copia</span> 
     </span>
     <span class='ocr_line' id='line_1_30' title="bbox 152 4054 1723 4150; baseline 0 -21"><span class='ocrx_word' id='word_1_347' title='bbox 152 4069 313 4150; x_wconf 79' lang='grc' dir='ltr'>τοιῤῥόκτας.</span> <span class='ocrx_word' id='word_1_348' title='bbox 327 4069 371 4126; x_wconf 83' lang='grc' dir='ltr'>Οὐ</span> <span class='ocrx_word' id='word_1_349' title='bbox 375 4065 427 4132; x_wconf 75' lang='grc' dir='ltr'>δελς</span> <span class='ocrx_word' id='word_1_350' title='bbox 375 4054 539 4125; x_wconf 75' lang='grc' dir='ltr'>δοόν</span> <span class='ocrx_word' id='word_1_351' title='bbox 504 4088 556 4124; x_wconf 89' lang='grc' dir='ltr'>των</span> <span class='ocrx_word' id='word_1_352' title='bbox 575 4065 621 4123; x_wconf 81' lang='grc' dir='ltr'>ἐπ’</span> <span class='ocrx_word' id='word_1_353' title='bbox 637 4063 730 4131; x_wconf 67' lang='grc' dir='ltr'>αἰῶνος</span> <span class='ocrx_word' id='word_1_354' title='bbox 742 4065 867 4135; x_wconf 78' lang='grc' dir='ltr'>τοιαύτην</span> <span class='ocrx_word' id='word_1_355' title='bbox 881 4064 925 4127; x_wconf 76' lang='grc' dir='ltr'>λό-</span> <span class='ocrx_word' id='word_1_356' title='bbox 980 4059 1140 4137; x_wconf 84' lang='lat' dir='ltr'>abundavit,</span> <span class='ocrx_word' id='word_1_357' title='bbox 1154 4074 1255 4148; x_wconf 87' lang='lat' dir='ltr'>quanta</span> <span class='ocrx_word' id='word_1_358' title='bbox 1268 4060 1315 4121; x_wconf 91' lang='lat' dir='ltr'>ille</span> <span class='ocrx_word' id='word_1_359' title='bbox 1327 4061 1476 4144; x_wconf 68' lang='lat' dir='ltr'>praeditus</span> <span class='ocrx_word' id='word_1_360' title='bbox 1468 4064 1541 4125; x_wconf 86' lang='lat' dir='ltr'>luit.</span> <span class='ocrx_word' id='word_1_361' title='bbox 1533 4065 1626 4128; x_wconf 85' lang='lat' dir='ltr'>·adro</span> <span class='ocrx_word' id='word_1_362' title='bbox 1638 4084 1667 4129; x_wconf 90' lang='lat' dir='ltr'>ut</span> <span class='ocrx_word' id='word_1_363' title='bbox 1680 4091 1723 4132; x_wconf 89' lang='lat' dir='ltr'>so·</span> 
     </span>
     <span class='ocr_line' id='line_1_31' title="bbox 151 4150 1724 4241; baseline 0.003 -26"><span class='ocrx_word' id='word_1_364' title='bbox 151 4184 206 4241; x_wconf 84' lang='grc' dir='ltr'>γων</span> <span class='ocrx_word' id='word_1_365' title='bbox 228 4155 424 4239; x_wconf 81' lang='grc' dir='ltr'>ηὐπόρησεν</span> <span class='ocrx_word' id='word_1_366' title='bbox 398 4181 425 4214; x_wconf 86' lang='grc' dir='ltr'>εν</span> <span class='ocrx_word' id='word_1_367' title='bbox 428 4179 511 4236; x_wconf 90' lang='grc' dir='ltr'>ρ,οιαν</span> <span class='ocrx_word' id='word_1_368' title='bbox 524 4155 655 4233; x_wconf 75' lang='grc' dir='ltr'>ἡνμόνος</span> <span class='ocrx_word' id='word_1_369' title='bbox 673 4155 753 4223; x_wconf 67' lang='lat' dir='ltr'>sort&lt;</span> <span class='ocrx_word' id='word_1_370' title='bbox 767 4155 924 4231; x_wconf 78' lang='grc' dir='ltr'>ἐπλούτησε,</span> <span class='ocrx_word' id='word_1_371' title='bbox 981 4150 1024 4213; x_wconf 87' lang='lat' dir='ltr'>lus</span> <span class='ocrx_word' id='word_1_372' title='bbox 1038 4151 1134 4211; x_wconf 89' lang='lat' dir='ltr'>merito</span> <span class='ocrx_word' id='word_1_373' title='bbox 1146 4173 1259 4212; x_wconf 90' lang='lat' dir='ltr'>aureum</span> <span class='ocrx_word' id='word_1_374' title='bbox 1273 4152 1343 4212; x_wconf 91' lang='lat' dir='ltr'>illud</span> <span class='ocrx_word' id='word_1_375' title='bbox 1360 4168 1387 4214; x_wconf 92' lang='lat' dir='ltr'>et</span> <span class='ocrx_word' id='word_1_376' title='bbox 1401 4154 1528 4216; x_wconf 81' lang='lat' dir='ltr'>divinum</span> <span class='ocrx_word' id='word_1_377' title='bbox 1544 4179 1641 4219; x_wconf 91' lang='lat' dir='ltr'>nomen</span> <span class='ocrx_word' id='word_1_378' title='bbox 1661 4182 1724 4222; x_wconf 84' lang='lat' dir='ltr'>con-</span> 
     </span>
     <span class='ocr_line' id='line_1_32' title="bbox 152 4242 1725 4328; baseline -0.004 -17"><span class='ocrx_word' id='word_1_379' title='bbox 152 4252 199 4311; x_wconf 80' lang='grc' dir='ltr'>καὶ</span> <span class='ocrx_word' id='word_1_380' title='bbox 219 4251 294 4328; x_wconf 83' lang='grc' dir='ltr'>μόνος</span> <span class='ocrx_word' id='word_1_381' title='bbox 310 4247 462 4320; x_wconf 80' lang='grc' dir='ltr'>ἀκιὸδήλως</span> <span class='ocrx_word' id='word_1_382' title='bbox 475 4247 506 4306; x_wconf 80' lang='lat' dir='ltr'>rb</span> <span class='ocrx_word' id='word_1_383' title='bbox 524 4251 638 4327; x_wconf 83' lang='grc' dir='ltr'>χρυσοῦν</span> <span class='ocrx_word' id='word_1_384' title='bbox 652 4269 680 4305; x_wconf 89' lang='grc' dir='ltr'>τι</span> <span class='ocrx_word' id='word_1_385' title='bbox 694 4246 741 4308; x_wconf 77' lang='grc' dir='ltr'>καὶ</span> <span class='ocrx_word' id='word_1_386' title='bbox 758 4252 837 4307; x_wconf 76' lang='grc' dir='ltr'>θεῖον</span> <span class='ocrx_word' id='word_1_387' title='bbox 834 4250 925 4321; x_wconf 88' lang='grc' dir='ltr'>·-ἐκλη</span> <span class='ocrx_word' id='word_1_388' title='bbox 980 4257 1110 4322; x_wconf 84' lang='lat' dir='ltr'>sequutus</span> <span class='ocrx_word' id='word_1_389' title='bbox 1120 4243 1163 4304; x_wconf 87' lang='lat' dir='ltr'>sit.</span> <span class='ocrx_word' id='word_1_390' title='bbox 1178 4242 1385 4325; x_wconf 85' lang='lat' dir='ltr'>Scriptorum</span> <span class='ocrx_word' id='word_1_391' title='bbox 1362 4266 1420 4325; x_wconf 68' lang='lat' dir='ltr'>ejus</span> <span class='ocrx_word' id='word_1_392' title='bbox 1434 4267 1575 4307; x_wconf 88' lang='lat' dir='ltr'>numerum</span> <span class='ocrx_word' id='word_1_393' title='bbox 1589 4272 1725 4313; x_wconf 72' lang='lat' dir='ltr'>recensere</span> 
     </span>
     <span class='ocr_line' id='line_1_33' title="bbox 153 4334 1723 4426; baseline 0.002 -26"><span class='ocrx_word' id='word_1_394' title='bbox 153 4345 297 4426; x_wconf 78' lang='grc' dir='ltr'>ρυνόμησεν</span> <span class='ocrx_word' id='word_1_395' title='bbox 311 4341 403 4419; x_wconf 75' lang='grc' dir='ltr'>ὄνομα.</span> <span class='ocrx_word' id='word_1_396' title='bbox 418 4342 481 4400; x_wconf 91' lang='grc' dir='ltr'>Των</span> <span class='ocrx_word' id='word_1_397' title='bbox 495 4338 758 4419; x_wconf 79' lang='grc' dir='ltr'>δὲσνγγραμμάτων</span> <span class='ocrx_word' id='word_1_398' title='bbox 779 4343 859 4400; x_wconf 79' lang='grc' dir='ltr'>αὐτοῦ</span> <span class='ocrx_word' id='word_1_399' title='bbox 880 4365 924 4401; x_wconf 75' lang='grc' dir='ltr'>κα.</span> <span class='ocrx_word' id='word_1_400' title='bbox 980 4356 1032 4395; x_wconf 92' lang='lat' dir='ltr'>non</span> <span class='ocrx_word' id='word_1_401' title='bbox 1047 4334 1166 4394; x_wconf 89' lang='lat' dir='ltr'>bominis</span> <span class='ocrx_word' id='word_1_402' title='bbox 1180 4349 1256 4407; x_wconf 85' lang='lat' dir='ltr'>essct,</span> <span class='ocrx_word' id='word_1_403' title='bbox 1270 4334 1317 4395; x_wconf 93' lang='lat' dir='ltr'>sed</span> <span class='ocrx_word' id='word_1_404' title='bbox 1331 4338 1381 4395; x_wconf 90' lang='lat' dir='ltr'>Dei</span> <span class='ocrx_word' id='word_1_405' title='bbox 1394 4339 1495 4418; x_wconf 88' lang='lat' dir='ltr'>potius,</span> <span class='ocrx_word' id='word_1_406' title='bbox 1512 4340 1560 4418; x_wconf 91' lang='lat' dir='ltr'>qui</span> <span class='ocrx_word' id='word_1_407' title='bbox 1573 4342 1663 4401; x_wconf 90' lang='lat' dir='ltr'>omnia</span> <span class='ocrx_word' id='word_1_408' title='bbox 1678 4367 1723 4404; x_wconf 91' lang='lat' dir='ltr'>co·</span> 
     </span>
    </p>
   </div>
   <div class='ocr_carea' id='block_1_8' title="bbox 151 4395 1873 4518">
    <p class='ocr_par' dir='ltr' id='par_1_9' title="bbox 151 4395 1873 4518">
     <span class='ocr_line' id='line_1_34' title="bbox 151 4395 1873 4518; baseline 0.001 -22"><span class='ocrx_word' id='word_1_409' title='bbox 151 4438 245 4518; x_wconf 83' lang='grc' dir='ltr'>ποιλέγε</span> <span class='ocrx_word' id='word_1_410' title='bbox 250 4462 271 4496; x_wconf 92' lang='grc' dir='ltr'>ιν</span> <span class='ocrx_word' id='word_1_411' title='bbox 286 4435 361 4495; x_wconf 81' lang='grc' dir='ltr'>τδνά</span> <span class='ocrx_word' id='word_1_412' title='bbox 364 4434 496 4515; x_wconf 84' lang='grc' dir='ltr'>ριθμδν’</span> <span class='ocrx_word' id='word_1_413' title='bbox 470 4456 517 4493; x_wconf 90' lang='grc' dir='ltr'>ουκ</span> <span class='ocrx_word' id='word_1_414' title='bbox 532 4431 681 4512; x_wconf 83' lang='grc' dir='ltr'>ἀνθρώπου,</span> <span class='ocrx_word' id='word_1_415' title='bbox 693 4434 764 4493; x_wconf 80' lang='grc' dir='ltr'>Θεοῦ</span> <span class='ocrx_word' id='word_1_416' title='bbox 779 4432 806 4491; x_wconf 78' lang='grc' dir='ltr'>δέ</span> <span class='ocrx_word' id='word_1_417' title='bbox 822 4435 922 4510; x_wconf 75' lang='grc' dir='ltr'>μᾶλλον</span> <span class='ocrx_word' id='word_1_418' title='bbox 979 4428 1093 4508; x_wconf 81' lang='lat' dir='ltr'>gnoscit.</span> <span class='ocrx_word' id='word_1_419' title='bbox 1105 4429 1198 4490; x_wconf 77' lang='lat' dir='ltr'>flios.</span> <span class='ocrx_word' id='word_1_420' title='bbox 1213 4431 1331 4489; x_wconf 85' lang='lat' dir='ltr'>Joannes</span> <span class='ocrx_word' id='word_1_421' title='bbox 1346 4429 1555 4510; x_wconf 82' lang='lat' dir='ltr'>Cbrysostomus</span> <span class='ocrx_word' id='word_1_422' title='bbox 1569 4449 1655 4494; x_wconf 80' lang='lat' dir='ltr'>assem</span> <span class='ocrx_word' id='word_1_423' title='bbox 1670 4437 1722 4498; x_wconf 88' lang='lat' dir='ltr'>luit</span> <span class='ocrx_word' id='word_1_424' title='bbox 1826 4511 1828 4515; x_wconf 14' lang='grc' dir='ltr'><em>Α</em></span> <span class='ocrx_word' id='word_1_425' title='bbox 1870 4395 1873 4406; x_wconf 28' lang='lat' dir='ltr'>i</span> 
     </span>
    </p>
   </div>
   <div class='ocr_carea' id='block_1_9' title="bbox 148 4515 1722 5442">
    <p class='ocr_par' dir='ltr' id='par_1_10' title="bbox 149 4515 1722 5442">
     <span class='ocr_line' id='line_1_35' title="bbox 150 4515 1721 4609; baseline 0.001 -21"><span class='ocrx_word' id='word_1_426' title='bbox 150 4536 197 4588; x_wconf 79' lang='grc' dir='ltr'>τοῦ</span> <span class='ocrx_word' id='word_1_427' title='bbox 216 4529 250 4589; x_wconf 75' lang='grc' dir='ltr'>τὰ</span> <span class='ocrx_word' id='word_1_428' title='bbox 268 4528 355 4589; x_wconf 83' lang='grc' dir='ltr'>πάντα</span> <span class='ocrx_word' id='word_1_429' title='bbox 368 4526 550 4602; x_wconf 88' lang='grc' dir='ltr'>γινωσκοντος.</span> <span class='ocrx_word' id='word_1_430' title='bbox 563 4515 648 4593; x_wconf 70' lang='grc' dir='ltr'>Οὗτος</span> <span class='ocrx_word' id='word_1_431' title='bbox 660 4529 674 4584; x_wconf 80' lang='grc' dir='ltr'>ό</span> <span class='ocrx_word' id='word_1_432' title='bbox 688 4525 762 4605; x_wconf 78' lang='grc' dir='ltr'>ἅγιος</span> <span class='ocrx_word' id='word_1_433' title='bbox 772 4526 923 4600; x_wconf 81' lang='grc' dir='ltr'>Ἰωόννηςὸ</span> <span class='ocrx_word' id='word_1_434' title='bbox 941 4560 960 4609; x_wconf 72' lang='lat' dir='ltr'>c</span> <span class='ocrx_word' id='word_1_435' title='bbox 979 4543 1113 4595; x_wconf 84' lang='lat' dir='ltr'>summus,</span> <span class='ocrx_word' id='word_1_436' title='bbox 1137 4522 1310 4599; x_wconf 88' lang='lat' dir='ltr'>multumque</span> <span class='ocrx_word' id='word_1_437' title='bbox 1331 4521 1472 4602; x_wconf 79' lang='lat' dir='ltr'>vigilabat,</span> <span class='ocrx_word' id='word_1_438' title='bbox 1496 4538 1522 4584; x_wconf 92' lang='lat' dir='ltr'>et</span> <span class='ocrx_word' id='word_1_439' title='bbox 1542 4526 1642 4604; x_wconf 89' lang='lat' dir='ltr'>quietis</span> <span class='ocrx_word' id='word_1_440' title='bbox 1662 4542 1721 4590; x_wconf 87' lang='lat' dir='ltr'>erat</span> 
     </span>
     <span class='ocr_line' id='line_1_36' title="bbox 150 4608 1720 4736; baseline 0.002 -56"><span class='ocrx_word' id='word_1_441' title='bbox 150 4621 337 4736; x_wconf 78' lang='grc' dir='ltr'>Χρυσόστομος</span> <span class='ocrx_word' id='word_1_442' title='bbox 359 4608 529 4691; x_wconf 71' lang='grc' dir='ltr'>ἄσκητὴςῆν</span> <span class='ocrx_word' id='word_1_443' title='bbox 552 4617 632 4698; x_wconf 80' lang='grc' dir='ltr'>όιιρος</span> <span class='ocrx_word' id='word_1_444' title='bbox 653 4615 699 4677; x_wconf 77' lang='grc' dir='ltr'>καὶ</span> <span class='ocrx_word' id='word_1_445' title='bbox 723 4617 923 4735; x_wconf 82' lang='grc' dir='ltr'>πολνόγρνπνρς</span> <span class='ocrx_word' id='word_1_446' title='bbox 977 4614 1277 4692; x_wconf 85' lang='lat' dir='ltr'>amantissimus,otob</span> <span class='ocrx_word' id='word_1_447' title='bbox 1290 4635 1427 4674; x_wconf 88' lang='lat' dir='ltr'>summum</span> <span class='ocrx_word' id='word_1_448' title='bbox 1441 4619 1621 4698; x_wconf 76' lang='lat' dir='ltr'>temperantia</span> <span class='ocrx_word' id='word_1_449' title='bbox 1632 4623 1720 4687; x_wconf 77' lang='lat' dir='ltr'>telum</span> 
     </span>
     <span class='ocr_line' id='line_1_37' title="bbox 151 4706 1717 4794; baseline 0.003 -22"><span class='ocrx_word' id='word_1_450' title='bbox 151 4738 197 4773; x_wconf 86' lang='grc' dir='ltr'>και</span> <span class='ocrx_word' id='word_1_451' title='bbox 187 4714 355 4794; x_wconf 73' lang='grc' dir='ltr'>φιλήσυχος</span> <span class='ocrx_word' id='word_1_452' title='bbox 373 4711 450 4783; x_wconf 79' lang='grc' dir='ltr'>λίαν,</span> <span class='ocrx_word' id='word_1_453' title='bbox 466 4710 511 4770; x_wconf 79' lang='grc' dir='ltr'>καὶ</span> <span class='ocrx_word' id='word_1_454' title='bbox 530 4709 573 4769; x_wconf 79' lang='grc' dir='ltr'>διδ</span> <span class='ocrx_word' id='word_1_455' title='bbox 592 4713 670 4781; x_wconf 84' lang='grc' dir='ltr'>ζῆλον</span> <span class='ocrx_word' id='word_1_456' title='bbox 690 4709 862 4791; x_wconf 83' lang='grc' dir='ltr'>σωρροσυνης</span> <span class='ocrx_word' id='word_1_457' title='bbox 881 4714 922 4772; x_wconf 76' lang='grc' dir='ltr'>εὖ·</span> <span class='ocrx_word' id='word_1_458' title='bbox 979 4709 1007 4769; x_wconf 94' lang='lat' dir='ltr'>in</span> <span class='ocrx_word' id='word_1_459' title='bbox 1021 4707 1135 4769; x_wconf 89' lang='lat' dir='ltr'>dicendo</span> <span class='ocrx_word' id='word_1_460' title='bbox 1148 4706 1303 4766; x_wconf 89' lang='lat' dir='ltr'>liberrimus</span> <span class='ocrx_word' id='word_1_461' title='bbox 1322 4720 1378 4766; x_wconf 88' lang='lat' dir='ltr'>erat</span> <span class='ocrx_word' id='word_1_462' title='bbox 1396 4720 1423 4767; x_wconf 91' lang='lat' dir='ltr'>et</span> <span class='ocrx_word' id='word_1_463' title='bbox 1435 4706 1493 4766; x_wconf 92' lang='lat' dir='ltr'>ad</span> <span class='ocrx_word' id='word_1_464' title='bbox 1484 4730 1553 4769; x_wconf 88' lang='lat' dir='ltr'>rram</span> <span class='ocrx_word' id='word_1_465' title='bbox 1566 4713 1717 4792; x_wconf 82' lang='lat' dir='ltr'>proclivis:</span> 
     </span>
     <span class='ocr_line' id='line_1_38' title="bbox 149 4797 1719 4888; baseline -0.002 -21"><span class='ocrx_word' id='word_1_466' title='bbox 149 4805 347 4888; x_wconf 78' lang='grc' dir='ltr'>παρρησέαστος</span> <span class='ocrx_word' id='word_1_467' title='bbox 365 4805 410 4863; x_wconf 77' lang='grc' dir='ltr'>κοιλ</span> <span class='ocrx_word' id='word_1_468' title='bbox 429 4802 587 4884; x_wconf 77' lang='grc' dir='ltr'>ἀκρόχολος·</span> <span class='ocrx_word' id='word_1_469' title='bbox 601 4806 678 4883; x_wconf 78' lang='grc' dir='ltr'>θυμῷ</span> <span class='ocrx_word' id='word_1_470' title='bbox 699 4801 751 4884; x_wconf 80' lang='grc' dir='ltr'>γδρ</span> <span class='ocrx_word' id='word_1_471' title='bbox 772 4805 890 4881; x_wconf 70' lang='grc' dir='ltr'>μᾶλλον,</span> <span class='ocrx_word' id='word_1_472' title='bbox 901 4802 920 4877; x_wconf 77' lang='grc' dir='ltr'>ἢ</span> <span class='ocrx_word' id='word_1_473' title='bbox 977 4801 1025 4862; x_wconf 78' lang='lat' dir='ltr'>irre</span> <span class='ocrx_word' id='word_1_474' title='bbox 1042 4801 1118 4861; x_wconf 86' lang='lat' dir='ltr'>enim</span> <span class='ocrx_word' id='word_1_475' title='bbox 1140 4799 1235 4879; x_wconf 79' lang='lat' dir='ltr'>magis,</span> <span class='ocrx_word' id='word_1_476' title='bbox 1249 4820 1331 4878; x_wconf 89' lang='lat' dir='ltr'>qnam</span> <span class='ocrx_word' id='word_1_477' title='bbox 1349 4797 1447 4879; x_wconf 91' lang='lat' dir='ltr'>pudori</span> <span class='ocrx_word' id='word_1_478' title='bbox 1462 4801 1670 4882; x_wconf 84' lang='lat' dir='ltr'>obsequebatur,</span> <span class='ocrx_word' id='word_1_479' title='bbox 1692 4822 1719 4868; x_wconf 83' lang='lat' dir='ltr'>et</span> 
     </span>
     <span class='ocr_line' id='line_1_39' title="bbox 150 4892 1718 4978; baseline 0.003 -22"><span class='ocrx_word' id='word_1_480' title='bbox 150 4900 219 4957; x_wconf 86' lang='grc' dir='ltr'>αἰδοῖ</span> <span class='ocrx_word' id='word_1_481' title='bbox 241 4900 319 4977; x_wconf 81' lang='grc' dir='ltr'>ἐχαρι</span> <span class='ocrx_word' id='word_1_482' title='bbox 311 4897 394 4968; x_wconf 84' lang='grc' dir='ltr'>ίζ,ετο</span> <span class='ocrx_word' id='word_1_483' title='bbox 408 4895 453 4954; x_wconf 75' lang='grc' dir='ltr'>καὶ</span> <span class='ocrx_word' id='word_1_484' title='bbox 475 4895 692 4976; x_wconf 80' lang='grc' dir='ltr'>ἐλευθεροστομέοι</span> <span class='ocrx_word' id='word_1_485' title='bbox 714 4895 780 4978; x_wconf 84' lang='grc' dir='ltr'>πρὸς</span> <span class='ocrx_word' id='word_1_486' title='bbox 802 4894 863 4963; x_wconf 71' lang='grc' dir='ltr'>τοὺς</span> <span class='ocrx_word' id='word_1_487' title='bbox 884 4900 921 4956; x_wconf 80' lang='grc' dir='ltr'>ἐν·</span> <span class='ocrx_word' id='word_1_488' title='bbox 976 4894 1120 4956; x_wconf 86' lang='lat' dir='ltr'>immodica</span> <span class='ocrx_word' id='word_1_489' title='bbox 1151 4893 1259 4953; x_wconf 81' lang='lat' dir='ltr'>dicendi</span> <span class='ocrx_word' id='word_1_490' title='bbox 1281 4892 1404 4953; x_wconf 86' lang='lat' dir='ltr'>libertate</span> <span class='ocrx_word' id='word_1_491' title='bbox 1428 4895 1558 4956; x_wconf 87' lang='lat' dir='ltr'>adversus</span> <span class='ocrx_word' id='word_1_492' title='bbox 1568 4899 1718 4961; x_wconf 75' lang='lat' dir='ltr'>‘auditores</span> 
     </span>
     <span class='ocr_line' id='line_1_40' title="bbox 149 4984 1716 5074; baseline 0.001 -24"><span class='ocrx_word' id='word_1_493' title='bbox 149 4990 326 5071; x_wconf 84' lang='grc' dir='ltr'>τυγχάνοντας</span> <span class='ocrx_word' id='word_1_494' title='bbox 340 4988 460 5068; x_wconf 84' lang='grc' dir='ltr'>ἀμέτρως</span> <span class='ocrx_word' id='word_1_495' title='bbox 480 4988 618 5070; x_wconf 87' lang='grc' dir='ltr'>ἐκέχρητο.</span> <span class='ocrx_word' id='word_1_496' title='bbox 637 4988 739 5049; x_wconf 74' lang='lat' dir='ltr'>licien</span> <span class='ocrx_word' id='word_1_497' title='bbox 755 4985 862 5074; x_wconf 57' lang='lat' dir='ltr'>placeb</span> <span class='ocrx_word' id='word_1_498' title='bbox 885 4990 921 5048; x_wconf 91' lang='grc' dir='ltr'>δ·ι</span> <span class='ocrx_word' id='word_1_499' title='bbox 976 4990 1114 5049; x_wconf 87' lang='lat' dir='ltr'>utebatur.</span> <span class='ocrx_word' id='word_1_500' title='bbox 1137 4984 1307 5046; x_wconf 88' lang='lat' dir='ltr'>inducendo</span> <span class='ocrx_word' id='word_1_501' title='bbox 1327 4985 1716 5070; x_wconf 78' lang='lat' dir='ltr'>utilissimus,&#39;rncongressi·</span> 
     </span>
     <span class='ocr_line' id='line_1_41' title="bbox 149 5078 1717 5163; baseline 0.002 -22"><span class='ocrx_word' id='word_1_502' title='bbox 149 5082 255 5141; x_wconf 83' lang='grc' dir='ltr'>δάσκειν</span> <span class='ocrx_word' id='word_1_503' title='bbox 270 5079 351 5147; x_wconf 81' lang='grc' dir='ltr'>πολδς</span> <span class='ocrx_word' id='word_1_504' title='bbox 368 5087 400 5152; x_wconf 81' lang='grc' dir='ltr'>ἠν</span> <span class='ocrx_word' id='word_1_505' title='bbox 422 5081 487 5157; x_wconf 82' lang='grc' dir='ltr'>πρὸς</span> <span class='ocrx_word' id='word_1_506' title='bbox 506 5079 649 5160; x_wconf 81' lang='grc' dir='ltr'>ὠρέλιιαν,</span> <span class='ocrx_word' id='word_1_507' title='bbox 668 5083 695 5141; x_wconf 86' lang='grc' dir='ltr'>έν</span> <span class='ocrx_word' id='word_1_508' title='bbox 710 5080 738 5142; x_wconf 77' lang='grc' dir='ltr'>δέ</span> <span class='ocrx_word' id='word_1_509' title='bbox 751 5088 811 5150; x_wconf 83' lang='grc' dir='ltr'>ταῖς</span> <span class='ocrx_word' id='word_1_510' title='bbox 824 5106 920 5142; x_wconf 88' lang='grc' dir='ltr'>συντυ-</span> <span class='ocrx_word' id='word_1_511' title='bbox 975 5083 1027 5143; x_wconf 91' lang='lat' dir='ltr'>bus</span> <span class='ocrx_word' id='word_1_512' title='bbox 1038 5094 1218 5160; x_wconf 76' lang='lat' dir='ltr'>arrogantiae</span> <span class='ocrx_word' id='word_1_513' title='bbox 1234 5080 1312 5140; x_wconf 84' lang='lat' dir='ltr'>tsastu</span> <span class='ocrx_word' id='word_1_514' title='bbox 1327 5078 1458 5160; x_wconf 70' lang='lat' dir='ltr'>praeditus</span> <span class='ocrx_word' id='word_1_515' title='bbox 1468 5080 1640 5141; x_wconf 76' lang='lat' dir='ltr'>videbatur</span> <span class='ocrx_word' id='word_1_516' title='bbox 1621 5104 1655 5142; x_wconf 88' lang='lat' dir='ltr'>us</span> <span class='ocrx_word' id='word_1_517' title='bbox 1669 5087 1717 5163; x_wconf 91' lang='lat' dir='ltr'>qui</span> 
     </span>
     <span class='ocr_line' id='line_1_42' title="bbox 148 5171 1720 5256; baseline 0.005 -27.005"><span class='ocrx_word' id='word_1_518' title='bbox 148 5174 221 5253; x_wconf 85' lang='grc' dir='ltr'>χέαις</span> <span class='ocrx_word' id='word_1_519' title='bbox 240 5174 393 5243; x_wconf 83' lang='grc' dir='ltr'>ἀλαζονικός</span> <span class='ocrx_word' id='word_1_520' title='bbox 413 5197 453 5239; x_wconf 87' lang='grc' dir='ltr'>τις</span> <span class='ocrx_word' id='word_1_521' title='bbox 471 5172 516 5231; x_wconf 76' lang='grc' dir='ltr'>καὶ</span> <span class='ocrx_word' id='word_1_522' title='bbox 535 5172 685 5252; x_wconf 77' lang='grc' dir='ltr'>ὑπερόπτης</span> <span class='ocrx_word' id='word_1_523' title='bbox 709 5174 842 5253; x_wconf 80' lang='grc' dir='ltr'>ἐνομίζετο</span> <span class='ocrx_word' id='word_1_524' title='bbox 865 5184 920 5244; x_wconf 88' lang='grc' dir='ltr'>τοῖς</span> <span class='ocrx_word' id='word_1_525' title='bbox 975 5196 1038 5235; x_wconf 87' lang='lat' dir='ltr'>eum</span> <span class='ocrx_word' id='word_1_526' title='bbox 1044 5195 1101 5252; x_wconf 85' lang='lat' dir='ltr'>non</span> <span class='ocrx_word' id='word_1_527' title='bbox 1114 5186 1218 5235; x_wconf 78' lang='lat' dir='ltr'>notant.</span> <span class='ocrx_word' id='word_1_528' title='bbox 1234 5172 1417 5246; x_wconf 83' lang='lat' dir='ltr'>Quamobrem</span> <span class='ocrx_word' id='word_1_529' title='bbox 1428 5171 1508 5231; x_wconf 85' lang='lat' dir='ltr'>etiam</span> <span class='ocrx_word' id='word_1_530' title='bbox 1522 5173 1720 5256; x_wconf 82' lang='lat' dir='ltr'>episcopusde·</span> 
     </span>
     <span class='ocr_line' id='line_1_43' title="bbox 149 5263 1719 5348; baseline 0.004 -26"><span class='ocrx_word' id='word_1_531' title='bbox 149 5267 226 5326; x_wconf 79' lang='grc' dir='ltr'>αὐτὸν</span> <span class='ocrx_word' id='word_1_532' title='bbox 246 5270 376 5345; x_wconf 79' lang='grc' dir='ltr'>ἀγνοοῦσι.</span> <span class='ocrx_word' id='word_1_533' title='bbox 389 5265 439 5325; x_wconf 87' lang='grc' dir='ltr'>Διδ</span> <span class='ocrx_word' id='word_1_534' title='bbox 455 5264 501 5324; x_wconf 80' lang='grc' dir='ltr'>κοιλ</span> <span class='ocrx_word' id='word_1_535' title='bbox 517 5265 561 5324; x_wconf 73' lang='grc' dir='ltr'>ἐπὶ</span> <span class='ocrx_word' id='word_1_536' title='bbox 574 5264 624 5339; x_wconf 70' lang='grc' dir='ltr'>τὴν</span> <span class='ocrx_word' id='word_1_537' title='bbox 637 5268 785 5340; x_wconf 72' lang='grc' dir='ltr'>ἐπισκοπὴν</span> <span class='ocrx_word' id='word_1_538' title='bbox 797 5269 920 5348; x_wconf 74' lang='grc' dir='ltr'>προόλη-</span> <span class='ocrx_word' id='word_1_539' title='bbox 978 5269 1098 5348; x_wconf 74' lang='lat' dir='ltr'>signatus</span> <span class='ocrx_word' id='word_1_540' title='bbox 1112 5266 1215 5347; x_wconf 84' lang='lat' dir='ltr'>majore</span> <span class='ocrx_word' id='word_1_541' title='bbox 1232 5264 1377 5346; x_wconf 86' lang='lat' dir='ltr'>supercilio</span> <span class='ocrx_word' id='word_1_542' title='bbox 1398 5263 1564 5326; x_wconf 83' lang='lat' dir='ltr'>insubditos</span> <span class='ocrx_word' id='word_1_543' title='bbox 1581 5268 1719 5345; x_wconf 86' lang='lat' dir='ltr'>utebatur,</span> 
     </span>
     <span class='ocr_line' id='line_1_44' title="bbox 150 5354 1722 5442; baseline 0.003 -26"><span class='ocrx_word' id='word_1_544' title='bbox 150 5359 213 5434; x_wconf 83' lang='grc' dir='ltr'>θεὶς,</span> <span class='ocrx_word' id='word_1_545' title='bbox 221 5359 320 5437; x_wconf 75' lang='grc' dir='ltr'>μείζονι</span> <span class='ocrx_word' id='word_1_546' title='bbox 333 5358 410 5440; x_wconf 80' lang='grc' dir='ltr'>δρρόι</span> <span class='ocrx_word' id='word_1_547' title='bbox 420 5357 490 5418; x_wconf 77' lang='grc' dir='ltr'>κατὰ</span> <span class='ocrx_word' id='word_1_548' title='bbox 503 5362 557 5419; x_wconf 84' lang='grc' dir='ltr'>τῶν</span> <span class='ocrx_word' id='word_1_549' title='bbox 569 5357 692 5432; x_wconf 78' lang='grc' dir='ltr'>ὑπηκόων</span> <span class='ocrx_word' id='word_1_550' title='bbox 706 5357 845 5440; x_wconf 79' lang='grc' dir='ltr'>ἐκέχρητο,</span> <span class='ocrx_word' id='word_1_551' title='bbox 854 5360 919 5440; x_wconf 85' lang='grc' dir='ltr'>πρδς</span> <span class='ocrx_word' id='word_1_552' title='bbox 976 5361 1010 5421; x_wconf 90' lang='lat' dir='ltr'>ad</span> <span class='ocrx_word' id='word_1_553' title='bbox 1018 5359 1190 5442; x_wconf 74' lang='lat' dir='ltr'>singulorum</span> <span class='ocrx_word' id='word_1_554' title='bbox 1204 5354 1416 5418; x_wconf 81' lang='lat' dir='ltr'>emendationem</span> <span class='ocrx_word' id='word_1_555' title='bbox 1429 5370 1454 5416; x_wconf 89' lang='lat' dir='ltr'>ct</span> <span class='ocrx_word' id='word_1_556' title='bbox 1468 5356 1620 5420; x_wconf 84' lang='lat' dir='ltr'>salutemet</span> <span class='ocrx_word' id='word_1_557' title='bbox 1632 5375 1722 5421; x_wconf 87' lang='lat' dir='ltr'>mores</span> 
     </span>
    </p>
   </div>
   <div class='ocr_carea' id='block_1_10' title="bbox 0 0 1880 6052">
    <p class='ocr_par' dir='ltr' id='par_1_11' title="bbox 0 0 1880 6052">
     <span class='ocr_line' id='line_1_45' title="bbox 0 0 1880 6052; baseline 0 4"><span class='ocrx_word' id='word_1_558' title='bbox 0 0 1880 6052; x_wconf 95' lang='lat' dir='ltr'> </span> 
     </span>
    </p>
   </div>
  </div>
 </body>
</html>
