3750 6052
277 668 345 757 ras

273 816 344 878 tium
355 811 632 890 hdei,anxiliumDei
645 830 702 871 esse
715 809 1019 874 meinuvercus
1072 807 1213 890 presbyter
1227 818 1297 869 eset
1312 830 1321 867 a
1336 804 1509 887 nequeenim
1523 805 1553 867 iu
1565 804 1716 867 mones
1725 804 1831 867 distri·

273 905 345 965 alius
359 904 394 965 ad
408 904 466 966 hec
476 903 602 985 pluribus
616 900 756 963 tractanda
772 903 851 963 nohis
861 915 901 962 est
916 901 1019 963 consti-
1071 902 1137 963 buta
1150 916 1207 979 est,
1221 916 1253 963 ut
1266 900 1392 961 Homiliae
1408 900 1436 960 in
1454 898 1584 961 Genesim
1601 912 1630 961 et
1645 899 1676 961 in
1689 900 1831 961 Psalmus.

272 1009 348 1056 tutus
361 997 444 1056 loeus.
455 995 542 1055 Aliam
553 994 699 1056 dubitandi
713 1015 821 1055 eausam
831 995 909 1055 ellert
921 994 943 1055 is
953 995 1020 1075 ipse,
1070 996 1149 1055 Circa
1168 1008 1274 1076 tempus
1287 1008 1313 1053 et
1326 993 1430 1066 locum,
1449 992 1526 1072 queis
1538 992 1594 1053 bec
1609 1014 1685 1075 opus
1696 992 1830 1074 chryso·

274 1088 320 1165 qui
332 1088 449 1168 priorem
463 1086 577 1168 protulit
591 1109 598 1144 a
614 1086 666 1146 sub
680 1085 788 1146 initium
802 1085 922 1145 homiliae
934 1084 1020 1144 tertie
1069 1102 1174 1149 stomus
1186 1108 1329 1167 aggressus
1346 1100 1401 1161 est,
1417 1100 1565 1167 ceteraque
1574 1084 1610 1145 ad
1624 1084 1757 1169 idipsum
1768 1105 1829 1167 spe·

272 1176 400 1237 dieitura
415 1177 494 1237 Pauli
507 1191 627 1258 tempere
643 1177 804 1257 quingentos
818 1197 902 1236 annos
914 1176 1020 1257 elapsos
1071 1179 1182 1254 centia,
1194 1179 1363 1239 Tillemontii
1378 1177 1537 1239 sententiam
1548 1176 1670 1239 libenter
1680 1176 1828 1261 amplecti·

272 1291 337 1346 erse,
349 1293 409 1350 quae
428 1271 507 1351 longe
522 1271 695 1331 recentiorem
707 1270 905 1350 chrysostomo
925 1282 1020 1329 aucto-
1071 1294 1143 1334 mur.
1168 1298 1182 1329 e
1202 1273 1261 1333 Hoc
1273 1294 1357 1351 opus,
1376 1296 1391 1328 a
1410 1272 1498 1350 inquit
1511 1270 1574 1347 ille,
1592 1296 1608 1328 e
1628 1270 1829 1353 chrysostomi
1838 1262 1858 1305 t·

272 1385 331 1424 mm
352 1378 478 1444 arguant.
493 1364 564 1423 Hinc
579 1382 643 1424 vero
663 1361 765 1422 nullam
781 1362 872 1422 afferri
890 1362 1029 1443 dubitang
1070 1387 1127 1426 esse
1145 1387 1224 1426 nemo
1244 1386 1297 1425 non
1316 1364 1454 1425 existimet
1471 1386 1479 1422 a
1495 1363 1577 1445 idque
1594 1364 1748 1443 elegantia:
1761 1384 1828 1445 spe-

760 687 790 735 s.
817 684 960 735 sonuurs
985 682 1217 733 cnnusosrout
1243 680 1338 747 vrrs,

273 1456 304 1517 di
314 1478 422 1516 caumas
433 1456 524 1517 statim
534 1455 656 1516 advertet
667 1454 789 1534 quisquis
803 1454 913 1515 lectioni
926 1454 1020 1535 Chry-

274 1547 385 1607 sesturni
395 1561 518 1606 assuetus
530 1560 688 1628 perpetuam
700 1547 759 1626 ejus
776 1545 804 1604 in
817 1564 950 1605 annorum
962 1544 1021 1605 eal-

274 1638 542 1719 culisnegligentiam
553 1637 745 1699 observaverit.
757 1637 804 1696 Sic
817 1658 869 1697 non
884 1637 964 1697 semel
974 1635 1022 1697 ille

274 1753 360 1791 annos
368 1732 531 1813 ¹quingentos
545 1744 684 1790 enumerat
695 1752 710 1789 a
722 1743 857 1810 postrema
871 1728 965 1810 templi
974 1730 1022 1791 Je-

130 1872 133 1877 .
227 1846 266 1887 aas
276 1824 462 1906 rosolymitaui
471 1822 660 1897 destructione,
671 1842 732 1901 que
746 1821 851 1900 aliquot
861 1820 1022 1880 annismor-

274 1932 330 1979 tem
343 1917 421 1978 Pauli
433 1916 596 1992 subsequuta
605 1929 657 1976 est.
671 1915 717 1974 Sic
728 1928 755 1974 et
765 1914 831 1973 alibi
843 1913 946 1996 passim
954 1918 1023 1973 ἀνα-

275 2034 339 2093 χρον
344 2010 425 2089 capel,
436 2009 464 2068 in
478 2008 609 2089 scriptore
617 2027 713 2087 nempe
726 2020 879 2089 temporum
890 2004 1022 2065 rationem

274 2123 375 2184 parum
389 2115 500 2161 curante
515 2099 765 2182 deprehenduntur.

124 2205 265 2270 T.t.p.337.
322 2194 558 2276 Elegantissimam
568 2192 722 2254 concionem
735 2194 773 2254 de
782 2191 1024 2252 Futurorumde·

279 2290 372 2364 liciis,
386 2304 453 2367 etc.,
469 2287 565 2347 habuit
581 2286 791 2367 Chrysostomus
812 2283 979 2359 Antiochia,
993 2297 1023 2344 ut

275 2383 400 2462 arguitur
411 2400 448 2441 ex
461 2380 507 2459 iis,
528 2400 588 2460 quae
600 2380 652 2438 suh
667 2379 776 2438 initium
788 2376 929 2449 dicuntur,
945 2397 1023 2437 nem·

275 2496 311 2557 pe
321 2474 358 2535 ad
368 2475 442 2535 bunc
453 2487 605 2553 martyrum
620 2471 710 2530 locum
724 2469 856 2552 populum
868 2470 1022 2529 ventitasse.

276 2570 364 2629 Extra
378 2567 473 2626 urbem
486 2585 583 2645 nempe
595 2577 652 2622 erat
663 2563 776 2623 ecclesia
790 2575 899 2642 propter
911 2576 1021 2642 marty·

277 2676 340 2716 rum
352 2654 494 2732 Reliquias
502 2653 681 2731 frequentata,
698 2672 752 2730 quo
765 2652 912 2732 pergebant
928 2650 1021 2732 populi

277 2749 386 2832 pietatis
400 2770 497 2824 causa,
509 2762 535 2808 et
550 2747 598 2808 ubi
615 2750 769 2826 frequenter
782 2746 923 2806 conciones
934 2746 1021 2806 habe·

278 2841 392 2919 bantur,
413 2855 445 2900 ut
459 2842 519 2922 jam
540 2860 592 2899 non
609 2839 691 2897 semel
706 2837 835 2897 vidimus.
853 2837 917 2911 Quo
931 2852 1022 2898 autern

278 2954 350 2994 anno
367 2931 441 2992 dicta
466 2933 500 2992 sit
519 2952 554 2991 ex
569 2931 646 2991 nulla
668 2943 728 2988 nota
742 2930 847 3007 assequi
864 2950 1019 3011 posumus.

186 3071 192 3084 .
317 3024 548 3086 Commentarium
571 3021 753 3101 homiliasque
774 3022 802 3080 in
824 3020 945 3081 Psalmos
966 3024 1023 3080 An·

275 3119 384 3181 tiochiae
399 3117 520 3179 emisisse
536 3116 760 3196 Chrysostomum
775 3128 877 3173 certum
891 3112 1020 3173 videtur:

276 3230 345 3293 opus
370 3210 507 3291 egregium
527 3222 552 3268 et
568 3208 638 3267 inter
650 3206 868 3288 prestantissima
882 3207 940 3286 ejus
953 3227 1021 3287 ope·

275 3325 306 3363 ra
326 3301 548 3384 computandum,
575 3314 606 3359 ut
627 3298 715 3360 cuivis
731 3297 829 3377 legenti
849 3297 940 3380 palam
957 3297 1017 3358 erit.

276 3397 414 3479 Opinatur
426 3393 628 3470 Tillementius,
642 3391 695 3451 hos
709 3392 737 3450 in
752 3389 873 3451 Psalmos
886 3410 1022 3451 sermones

275 3490 414 3570 scripsisse
435 3489 672 3570 chrysostomum,
698 3505 746 3544 nec
770 3485 971 3544 concionantem
991 3484 1020 3544 in

276 3595 345 3643 coetu
362 3582 456 3665 pupuli
473 3579 625 3662 protulisse]
640 3577 671 3638 ld
686 3598 763 3649 uero,
780 3590 810 3636 ut
823 3590 864 3637 est
878 3575 1021 3657 injudicio

275 3674 384 3734 ferendo
407 3687 520 3746 cantius,
550 3669 731 3730 subdubitans
756 3683 861 3729 tantum
890 3670 1021 3731 enuntiat.

275 3767 347 3826 Mihi
367 3789 431 3827 vero
447 3786 523 3826 secus
538 3763 628 3823 risum
640 3776 691 3822 est.
703 3762 734 3820 ln
750 3760 793 3820 his
803 3761 875 3820 enim
888 3763 1021 3820 sermoni-

274 3858 327 3918 bus
345 3859 446 3938 passim
467 3856 599 3937 populum
617 3853 779 3932 alloquitur,
800 3853 920 3929 taliaque
937 3872 1022 3910 enun-

275 3951 341 4024 tiat,
354 3971 416 4027 quae
430 3946 598 4007 concinnanti
613 3958 717 4004 tantum
737 3957 887 4023 competere
907 3942 1021 4021 possint,

276 4039 414 4100 strideas
429 4040 456 4097 in
471 4038 629 4097 Praefatiune
641 4035 676 4095 ad
688 4036 807 4093 Temnum
822 4034 958 4113 quintum.
980 4032 1023 4092 Ad

277 4156 386 4196 morum
408 4133 581 4215 disciplinam
606 4131 635 4190 hi
662 4130 846 4190 commentarii
873 4128 1021 4192 admodum

276 4226 425 4308 opportuni
442 4238 504 4285 sunt
523 4248 530 4281 τ
551 4222 657 4282 nullum
672 4222 772 4282 ethices
790 4235 956 4303 praeceptum
975 4222 1022 4283 hic

277 4342 330 4381 non
352 4319 483 4380 offendas.
506 4316 653 4378 Occasione
677 4330 765 4375 sumta
793 4337 826 4375 ex
852 4315 1020 4376 Psalmorum

277 4414 454 4497 argumentis,
474 4433 554 4473 omne
569 4413 702 4470 virtutum
723 4430 807 4489 genus
827 4409 873 4468 hic
887 4430 1020 4470 commen·

276 4508 370 4584 datur,
392 4507 458 4570 vitia
481 4503 573 4565 omnia
593 4503 766 4583 exagitantur
784 4502 939 4583 :exemplis
961 4502 1020 4562 fre·

1071 1459 1170 1518 cimina
1183 1480 1240 1541 prae
1254 1480 1281 1517 se
1295 1458 1346 1518 lert
1360 1478 1412 1517 non
1423 1455 1559 1537 vulgaria.
1572 1458 1616 1517 Ile
1628 1456 1754 1537 imperio
1769 1458 1829 1519 tto-

1071 1572 1152 1610 mano
1161 1550 1284 1630 quaedam
1295 1550 1340 1609 hic
1351 1550 1486 1610 habentur
1496 1572 1526 1631 p.
1538 1550 1580 1609 il
1589 1548 1683 1630 (qnod
1696 1549 1828 1611 videlieet

1070 1662 1176 1702 summa
1191 1664 1257 1724 pace
1270 1654 1335 1700 tunc
1349 1641 1514 1717 frueretur),
1528 1640 1588 1722 ejus
1599 1640 1688 1700 statui
1705 1653 1828 1723 tempore

1072 1734 1259 1815 chrysostomi
1272 1732 1458 1813 congruentia,
1469 1733 1590 1793 maxime
1598 1753 1676 1808 vero,
1687 1732 1713 1793 si
1724 1748 1826 1815 spectes

1071 1846 1101 1885 es
1117 1846 1178 1905 que
1190 1846 1290 1885 annum
1303 1828 1361 1887 stt
1372 1837 1576 1906 precesserunt.
1590 1822 1666 1885 lllud
1681 1844 1753 1885 vero
1763 1846 1826 1907 ope·

1071 1920 1110 1979 ris
1132 1920 1174 1979 sel
1197 1919 1225 1978 in
1244 1918 1409 1994 solitudine,
1428 1918 1474 1979 vel
1495 1940 1557 1978 cum
1576 1916 1717 1979 diaeonus
1738 1932 1823 1989 esset,

1071 2012 1183 2072 sortasse
1196 2011 1324 2072 emiserit.
1341 2012 1412 2071 Num
1426 2031 1460 2069 ex
1471 2031 1526 2089 quo
1540 2024 1663 2093 tempore
1676 2010 1826 2095 presbyter

1073 2102 1135 2180 tuit,
1158 2123 1211 2161 non
1232 2100 1341 2162 uidetur
1356 2115 1398 2161 sat
1414 2101 1464 2162 otii
1484 2114 1512 2161 et
1528 2102 1609 2183 spatii
1631 2100 1784 2181 habuisse,
1797 2116 1826 2163 ut

1073 2209 1149 2255 tanto
1162 2193 1267 2255 mendo
1277 2195 1352 2277 operi
1367 2216 1477 2254 mantum
1489 2193 1657 2255 admoveret.
1674 2218 1693 2251 s

1115 2288 1350 2370 Elegantissimam
1362 2286 1505 2348 homiliam
1517 2285 1615 2345 habuit
1627 2285 1787 2348 Antiochiae
1798 2286 1864 2348 int*

1075 2400 1172 2461 magna
1191 2380 1303 2441 ecclesia
1321 2381 1396 2460 [imo
1415 2377 1651 2459 Constantinopoli
1672 2380 1748 2455 (ele.
1767 2400 1826 2461 qu:

1074 2473 1195 2534 diximus
1214 2474 1240 2532 in
1259 2472 1364 2533 hionito
1381 2470 1416 2531 ad
1429 2491 1529 2531 nonam
1543 2469 1692 2531 homiliam
1711 2472 1827 2533 Vatica-

1074 2581 1168 2626 namt.
1186 2570 1251 2641 ta),
1272 2578 1414 2646 postquam
1436 2563 1507 2623 alius
1527 2562 1673 2645 episcopus
1698 2562 1827 2639 incertus,

1074 2681 1128 2721 non
1147 2659 1311 2733 flavianus,
1334 2657 1413 2717 titulo
1431 2657 1531 2715 serente
1550 2656 1751 2737 repesrpqxdeee
1772 2660 1829 2717 ltn-

1075 2750 1189 2825 σιόπω,
1208 2765 1285 2810 autea
1305 2749 1477 2809 concionatus
1496 2761 1562 2807 erat.
1573 2746 1632 2808 Tu.
1644 2748 1754 2829 Fax.],
1767 2770 1828 2811 cnm

1074 2864 1158 2924 paura
1181 2844 1309 2924 praelatus
1332 2856 1401 2901 esset
1427 2842 1569 2924 episeopus
1596 2840 1774 2921 flavianus,
1800 2844 1828 2906 in

1074 2935 1143 2995 illud
1163 2935 1322 3015 Evangelii,
1345 2935 1442 2995 Ft'lr'us
1462 2956 1499 2992 ex
1518 2938 1615 3013 seipso
1637 2936 1827 3019 nihilfecit,

1075 3030 1132 3086 nisi
1152 3029 1233 3108 quod
1256 3028 1365 3085 uiderit
1391 3028 1512 3085 Patrem
1526 3028 1717 3106 sacietatem.
1745 3030 1830 3113 liujus

1073 3133 1162 3177 autem
1178 3118 1328 3189 concionis,
1347 3139 1394 3177 seu
1411 3118 1502 3198 [tutius
1522 3116 1738 3201 disceptationis
1750 3128 1828 3199 (nam

1074 3224 1128 3270 tuta
1152 3209 1179 3270 in
1202 3231 1299 3290 genere
1318 3212 1458 3290 πολεμικῷ
1478 3214 1618 3287 uersatur)
1641 3215 1759 3279 oemio
1780 3218 1830 3279 fuir

1074 3306 1265 3363 Auomoeorum
1278 3303 1402 3382 quadarn
1417 3303 1541 3384 objectio.
1554 3304 1628 3365 cum
1643 3308 1727 3369 enim
1741 3310 1830 3395 Chry.

1073 3409 1207 3455 sostomus
1226 3395 1253 3455 in
1270 3394 1431 3477 praecedenti
1451 3395 1577 3457 concione
1595 3398 1684 3478 [qua
1700 3416 1746 3465 est
1763 3426 1828 3467 nona

1073 3489 1223 3570 Vaticana]
1237 3489 1289 3548 lroc
1304 3488 1379 3549 dicto
1397 3489 1553 3570 evangelico
1573 3490 1602 3550 in
1623 3492 1759 3559 medium
1778 3498 1828 3561 «1.

1072 3579 1167 3654 ducto,
1192 3583 1286 3643 Pater
1307 3602 1387 3643 meus
1407 3602 1499 3663 rusque
1515 3584 1603 3643 modo
1623 3606 1787 3667 operm,
1802 3608 1829 3655 et

1073 3693 1127 3750 ego
1138 3694 1250 3754 operor,
1265 3671 1421 3734 ostendisset
1433 3674 1497 3733 Filii
1510 3696 1572 3735 eum
1586 3676 1675 3739 Patre
1687 3684 1829 3763 aeqmlfiu.

1073 3779 1138 3839 tem,
1153 3787 1234 3844 quum
1247 3764 1341 3837 etiam,
1357 3765 1457 3846 inquit,
1466 3765 1585 3827 declarat
1596 3772 1828 3853 evangelistshis

1075 3856 1175 3927 ver-his,
1192 3860 1352 3935 Propterea
1371 3866 1466 3939 magis
1478 3864 1827 3943 persequebanturm,

1076 3965 1136 4003 uon
1150 3945 1244 4004 solum
1255 3952 1327 4027 quia
1339 3949 1471 4009 solvebat
1481 3952 1654 4031 sabbatum,
1666 3958 1766 4020 sedet
1775 3962 1829 4021 Pe·

1074 4050 1147 4098 trem
1158 4060 1242 4098 suem
1253 4042 1368 4101 dicebat
1381 4042 1475 4101 Deum
1487 4084 1496 4115 ,
1512 4044 1662 4124 aequatem
1670 4068 1709 4109 se
1713 4052 1828 4132 [aenens

1074 4134 1140 4194 Deo
1146 4158 1158 4203 ,·
1170 4132 1205 4192 ita
1217 4153 1366 4193 sermonem
1381 4136 1487 4195 clausit.
1500 4135 1628 4197 lleretici
1639 4155 1743 4205 autem
1757 4148 1826 4205 lno-

1073 4228 1137 4288 moei
1162 4226 1227 4285 huic
1258 4242 1417 4306 argumento
1448 4249 1484 4287 ex
1515 4230 1623 4290 Joanue
1656 4236 1826 4319 evangelista

1071 4319 1210 4394 desumto,
1223 4319 1308 4378 alium
1323 4342 1470 4401 opposuere
1481 4320 1595 4384 loannis
1606 4320 1723 4405 locum,
1735 4348 1826 4413 nempe

1070 4414 1141 4476 illud
1156 4413 1266 4476 loannis
1277 4415 1305 4488 5,
1319 4416 1378 4475 192
1391 4414 1478 4474 Nihil
1489 4417 1711 4501 potestsacere
1719 4424 1824 4496 stem,

1072 4511 1129 4568 nisi
1148 4508 1259 4566 viderit
1279 4508 1400 4565 Patrem
1408 4508 1587 4589 facientem.
1613 4510 1753 4595 cumque
1768 4514 1825 4575 talis

276 4601 436 4681 quentihus,
464 4597 546 4659 modo
573 4596 735 4679 fugiendum
758 4608 912 4675 peceatum,
937 4595 1020 4658 modo
1070 4613 1139 4661 esset
1155 4599 1269 4679 objectio
1288 4619 1348 4678 quae
1362 4614 1451 4679 posset
1466 4598 1603 4660 auditores
1617 4604 1741 4669 turbare
1751 4622 1825 4689 atque

277 4691 489 4774 amplectendam
504 4691 633 4751 virtutem
646 4692 703 4749 esse
718 4685 856 4746 suadetur.
1071 4691 1227 4775 percellere,
1241 4712 1309 4772 opus
1326 4704 1383 4750 erat
1400 4691 1479 4751 hasce
1493 4697 1695 4758 Anomoeurnm
1708 4700 1824 4783 argutias

126 4809 267 4871 rs„.,525‚
318 4784 469 4847 Antiochiae
481 4784 581 4844 dictam
596 4781 774 4863 probabiliter
784 4794 911 4862 putamus
924 4781 1019 4842 homi·
1070 4786 1217 4846 confutare.
1228 4784 1412 4860 Quamobrem
1423 4784 1823 4877 flavianusepisoopuspsnes

277 4880 342 4941 liam
361 4878 405 4938 cui
420 4877 519 4936 titulus
535 4899 542 4933 :
563 4876 698 4935 Homilia
714 4877 820 4935 hahita
834 4881 866 4934 in
880 4897 1020 4957 maguam
1071 4878 1214 4959 praelatus,
1228 4898 1290 4937 cum
1304 4876 1384 4937 sciret
1400 4876 1533 4959 populum
1547 4876 1685 4943 audiendi
1701 4906 1737 4947 ea
1753 4884 1824 4947 clere

275 4972 519 5044 Hebdomadam,
534 4972 567 5028 in
582 4989 641 5049 qua
655 4971 778 5029 docetur
788 4990 842 5028 cur
856 4990 892 5028 ec
911 4990 1021 5052 mugrta
1072 4971 1259 5052 chrysostomi
1283 4970 1414 5051 cupidum
1434 4992 1508 5047 esse,
1529 4972 1583 5031 cito
1605 4972 1699 5038 finem
1720 4976 1822 5041 dicundi

276 5064 473 5129 Hebdomada
486 5063 660 5142 appelletur,
671 5075 699 5121 et
708 5068 741 5121 in
751 5062 844 5136 illud,
855 5061 948 5121 Lauda
959 5061 1020 5122 ani·
1069 5064 1145 5143 iecit,
1158 5078 1183 5123 et
1198 5063 1391 5146 chrysostomo
1401 5064 1540 5124 haereticos
1554 5066 1726 5133 muletandi
1737 5090 1822 5135 mm

275 5183 319 5220 ma
337 5179 397 5219 mea
415 5154 581 5231 Dominum,
597 5173 633 5214 ac
651 5155 687 5218 de
705 5155 824 5214 custode
842 5158 968 5216 carceris
986 5158 1019 5215 in
1071 5157 1245 5218 demandavit
1265 5181 1272 5212 ε
1293 5171 1402 5216 noverat
1417 5157 1488 5216 enim
1505 5156 1641 5219 neminem
1664 5184 1755 5245 poene
1774 5178 1822 5225 nn

276 5254 373 5312 Actis.
1070 5249 1178 5310 iunitrr
1193 5248 1325 5328 lucifugas
1344 5249 1405 5307 illos
1423 5248 1578 5330 prodigere,
1599 5271 1693 5330 quam
1713 5260 1823 5323 Jmnm

124 5381 265 5430 mum,
315 5342 566 5425 interpretationem
588 5341 614 5402 in
630 5341 746 5417 lsaiam,
762 5355 876 5423 coeptam
893 5355 918 5403 et
932 5363 1020 5422 usque
1069 5342 1125 5416 hic,
1147 5343 1225 5422 cujus
1246 5341 1439 5419 eloquentiam,
1461 5362 1573 5401 acumen
1595 5342 1729 5425 ingenii,
1748 5364 1822 5431 suque

276 5436 312 5495 ad
332 5433 479 5495 dimidium
498 5433 595 5516 capitis
618 5434 707 5495 octavi
728 5431 873 5493 deductam
897 5434 1019 5494 creditur
1072 5433 1241 5506 διαλεκτικὴν
1260 5433 1363 5514 experti
1382 5455 1453 5514 saepe
1465 5434 1580 5494 sueram.
1607 5437 1821 5523 chrysostomus

277 5528 484 5608 chrysostomus
501 5525 675 5588 adomarisse
693 5524 854 5600 Antiochiae,
873 5541 1017 5607 autequam
1072 5547 1147 5604 reru,
1163 5541 1192 5586 ut
1203 5540 1259 5585 erat
1274 5525 1436 5603 moderatus,
1451 5525 1529 5586 initio
1543 5529 1674 5609 queritur
1688 5532 1822 5601 sibidds-
