3750 6052
229 443 301 514 320
803 462 1012 515 rusnuourl
1038 463 1213 514 venerunt.

225 587 424 646 Domr‘nttseet
433 584 525 645 statim
532 583 690 647 divisumet
700 585 968 662 dinumeratum,
990 591 1011 640 Ι)
1029 586 1156 668 δισλίῃ,
1166 586 1239 663 Ναί,
1249 584 1344 668 φησίν
1356 582 1448 661 luridi
1462 584 1540 647 λίὰαε
1558 584 1821 667 ἁναισθητάτεροεὰ

225 693 251 739 et
261 678 360 739 effudit
370 677 497 738 hostiam.
513 676 603 738 Homo
616 692 705 738 autem
722 699 774 739 non
786 678 907 753 audirit3
922 678 970 738 sed
1028 680 1162 760 βασιλεύς.
1175 678 1318 754 Ἄκουσον,
1338 678 1527 760 Θυσιαστιίριον
1538 724 1548 753 ,
1561 677 1635 739 τάδε
1659 676 1739 756 λέγει
1768 678 1821 738 Κύ-

225 769 346 831 extendit
366 791 414 829 rex
430 791 553 840 manum,
565 770 726 851 prophetam
746 771 970 853 comprehendere
1028 796 1092 854 ριος.
1107 773 1160 832 Καί
1175 772 1268 841 εὗθίοις
1280 771 1390 853 ίσρίσίη
1412 772 1445 831 τί
1457 768 1663 853 ίυσιιιστήρεον
1682 769 1734 829 καί
1747 771 1820 850 ἐρρί-

225 863 344 942 cupiens.
358 863 432 920 Deus
447 861 592 939 veroquid
608 861 689 919 lecit?
712 864 825 921 llannm
840 864 897 942 ejus
909 873 969 922 are·
1026 888 1061 945 γη
1076 862 1121 922 καί
1136 862 1221 944 ἐξίχεε
1237 863 1285 937 τὴν
1305 862 1408 927 θυσίαν.
1419 861 1455 922 ‘0
1469 862 1497 923 δί
1511 862 1666 942 ἄνθρωπος
1679 862 1731 921 ούκ
1746 860 1820 932 ἤκου-

225 955 297 1014 t‘ecit.
320 955 380 1013 Non
397 955 506 1013 arefecit
522 968 611 1014 autern
623 977 732 1014 inanum
746 978 761 1014 a
776 958 921 1039 principio,
940 972 971 1018 ut
1026 977 1086 1027 σιν,
1098 957 1157 1013 ἀλλ’
1169 955 1279 1015 ίκτείνει
1296 954 1345 1028 τὴν
1363 959 1468 1035 χεῖραὰ
1482 952 1629 1033 βασιλεὺς,
1648 952 1699 1013 τὸν
1717 954 1821 1033 προοί-

225 1046 273 1105 ille
290 1068 305 1106 e
320 1060 435 1126 ruptura
454 1046 553 1127 lapidis
568 1047 726 1127 prudentior
746 1048 831 1108 fieret.
853 1049 971 1110 Volebat
1025 1071 1074 1121 ιην
1088 1048 1208 1129 ἁρπάσει
1223 1047 1390 1127 βουλόμενος.
1403 1046 1439 1107 Ὁ
1452 1045 1481 1106 δὲ
1494 1045 1568 1113 Θεὸς
1582 1044 1616 1105 τί
1630 1055 1732 1119 ποιεῖς
1745 1045 1820 1120 Ἐξή-

225 1138 367 1199 enimeum
378 1138 786 1219 sinccastigationesapere3sod
796 1141 970 1221 quia‚inquit‚
1028 1161 1104 1220 ρσνεν
1117 1141 1198 1199 αὐτοῦ
1211 1139 1260 1211 τὴν
1278 1147 1366 1221 χεῖρα.
1379 1141 1421 1200 Οὔ
1434 1137 1556 1221 ξηραίνει
1573 1136 1606 1199 dl
1623 1140 1713 1199 αὐτοῦ·
1728 1138 1758 1209 ἐξ
1776 1144 1822 1219 ἁρ-

225 1229 295 1312 lupis
305 1231 433 1290 discissus
444 1243 494 1304 est,
508 1245 534 1289 et
548 1245 577 1291 tu
590 1253 643 1292 nou
653 1231 814 1306 emendaris,
828 1236 930 1314 justam
942 1236 970 1294 in
1025 1236 1077 1312 χῆς
1090 1231 1138 1304 τὴν
1148 1242 1237 1312 χεῖρε,
1246 1231 1290 1291 ίνα
1303 1235 1342 1310 τῷ
1354 1238 1402 1292 τοῦ
1410 1230 1485 1292 λίθου
1498 1230 1585 1291 πάθει
1599 1226 1822 1313 σωφρονέστερος

226 1337 253 1383 te
267 1326 335 1383 iram
352 1336 544 1383 convertam.»
1025 1322 1144 1404 γίνηται.
1156 1322 1300 1387 Ἐύούλετο
1312 1321 1367 1407 γὰρ
1381 1320 1536 1395 turbidum
1546 1326 1601 1394 τῆς
1616 1326 1660 1391 είς
1680 1323 1764 1383 αι’πὸν
1778 1348 1821 1383 κο·

768 1423 771 1427 ’
1025 1413 1128 1481 λὰσεοις
1148 1418 1374 1495 σωφρονισθῆναι·
1387 1412 1448 1475 ἁλλ’
1464 1410 1581 1487 laedit.
1598 1414 1711 1495 φησίν,
1724 1419 1741 1475 ἁ
1755 1415 1822 1483 λίθος

1027 1505 1148 1586 logicum
1164 1505 1211 1567 καί
1230 1504 1263 1569 σὺ
1280 1506 1312 1567 ού
1330 1502 1489 1587 tumtur,
1504 1504 1555 1569 hl
1572 1502 1612 1569 Ιὰ
1639 1504 1696 1579 τὴν
1719 1508 1821 1567 δικαίαν

1027 1597 1109 1678 tertv
1123 1596 1284 1681 ‘tuteliu

120 1817 198 1874 [rior.
229 1796 280 1856 Ex
304 1801 438 1858 oratione
460 1799 492 1855 r'n
512 1794 686 1878 prodigum,
706 1803 737 1856 ιἰι
749 1801 975 1878 penitentiam,
991 1794 1011 1843 Ε
1029 1797 1080 1856 Ἐκ
1093 1801 1140 1856 τοῦ
1151 1796 1187 1862 είς
1199 1795 1245 1856 τὸν
1258 1792 1435 1871 ἁσιιτον,καλ
1446 1795 1483 1862 είς
1495 1793 1670 1869 μετάνοιαν,
1681 1794 1734 1856 καλ
1748 1798 1822 1864 sieri

77 1882 187 2002 2:2³3?
270 1895 302 1949 in
316 1890 567 1970 lignumseienttoe
579 1892 688 1950 boniet
701 1890 821 1967 mali,et
835 1892 867 1949 in
880 1890 974 1951 latro·
1065 1885 1279 2039 prospecto
1302 1886 1386 1947 ἱὼῧ
1407 1884 1455 1946 καὶ
1473 1891 1621 1969 πονηρῶν
1641 1886 1694 1947 ”l
1720 1891 1760 1958 tlt
1781 1890 1821 1948 tlt

271 2002 349 2042 nem·
1083 2003 1181 2060 ῃσῖηνν

269 2161 285 2196 ε
304 2139 445 2200 Justorum
459 2157 555 2217 agmen
569 2156 622 2196 non
632 2136 693 2197 vult
703 2135 830 2198 Christus
842 2137 870 2197 in
883 2158 912 2197 se
925 2159 973 2198 ra·
1067 2137 1132 2200 Ὀτι
1144 2137 1175 2198 τί
1189 2137 1280 2215 τάγμα
1291 2140 1350 2198 τῶν
1364 2136 1473 2198 δικαίων
1484 2139 1515 2197 οὗ
1532 2136 1672 2217 βούλεται
1690 2141 1732 2209 είς
1747 2142 1820 2202 tarn

225 2251 289 2312 pere
313 2244 470 2311 potestatem
494 2244 694 2300 creaturarum,
716 2228 762 2289 sed
786 2251 834 2304 ea,
849 2251 909 2308 quae
936 2228 973 2290 ad
1027 2233 1146 2312 ἁρπάσαι
1159 2230 1208 2304 τὴν
1222 2229 1340 2298 timolus
1355 2234 1409 2290 τῶν
1427 2230 1606 2309 κτισμάτων,
1624 2235 1691 2293 ἀλλ’
1702 2233 1758 2292 ὑπὸ
1773 2233 1818 2306 vlt

225 2324 401 2382 ‹economiam
415 2336 557 2403 spectant,
573 2321 662 2380 Patris
683 2320 860 2396 providentiae
883 2322 973 2402 subje·
1026 2330 1073 2384 τοῦ
1093 2322 1199 2402 [ἰατρὸς
1220 2320 1346 2400 πρόνοιαν
1370 2320 1440 2381 otta
1456 2331 1561 2383 κεῖσθαι
1585 2322 1625 2383 τὰ
1646 2328 1702 2397 τῆς
1725 2328 1819 2386 οίκσιο-

76 2441 214 2493 Μυκη,
225 2429 267 2476 cta
281 2435 345 2475 esse.
360 2412 423 2474 ldeo
437 2413 563 2493 parabola
574 2413 711 2493 juniorem
726 2412 832 2471 inducit
845 2458 854 2488 ‚
867 2413 914 2493 qui
928 2435 973 2474 ac·
1027 2414 1101 2492 μίας.
1116 2414 1166 2473 Διὸ
1181 2413 1227 2472 καί
1240 2416 1258 2484 ἡ
1272 2412 1414 2492 παραύολὴ
1427 2413 1473 2474 τὸν
1485 2412 1623 2495 νεώτερον
1645 2416 1759 2496 είσάγει
1774 2420 1819 2477 λιε-

225 2519 333 2587 ceperat
345 2517 486 2587 paternam
508 2504 704 2572 hereditatem,
718 2503 929 2585 proficiscentem
944 2507 972 2567 in
993 2504 1010 2551 F
1026 2505 1108 2567 ύίντα
1127 2503 1175 2577 τὴν
1190 2503 1322 2585 πατρικὴν
1344 2503 1451 2576 οὐσίαν,
1465 2506 1502 2573 είς
1514 2503 1615 2586 χώραν
1640 2508 1818 2587 ἀποδημῆσαι

228 2598 367 2677 regionem
379 2595 563 2676 longinquam.
578 2595 734 2675 Longitudo
747 2611 837 2656 autem
852 2618 905 2657 non
918 2611 972 2658 sta·
1026 2595 1143 2673 μακράν.
1165 2595 1206 2654 Τὸ
1221 2593 1249 2653 δί
1272 2598 1357 2672 μῆκος
1377 2597 1407 2654 οὗ
1428 2596 1545 2664 σταδίοις
1568 2597 1743 2673 διετείνετο,
1756 2601 1819 2659 ἀλλὰ

228 2689 283 2750 diis
296 2688 506 2759 determinatur,
518 2687 566 2747 sed
581 2686 702 2746 moribus
715 2687 969 2749 circumscribitur:
1025 2687 1133 2769 τρίτοις
1153 2685 1331 2756 ίίετοπίζετο·
1351 2686 1396 2745 καί
1415 2686 1495 2766 γὰρί
1516 2688 1695 2769 ἁμαρτάνων
1716 2691 1818 2771 μιαρὰν

232 2780 354 2860 namqui
369 2793 475 2861 peccat,
488 2779 567 2858 longe
577 2791 756 2838 removetura
771 2780 846 2854 Deo,
857 2791 912 2841 non
927 2782 972 2842 lo·
983 2809 1019 2849 m
1026 2778 1128 2860 γίνεται
1146 2782 1232 2852 Θεοῦ,
1246 2779 1275 2837 οὔ
1293 2777 1387 2859 τόπερ,
1402 2777 1471 2838 ἀλλὰ
1484 2778 1590 2860 τρόπῳ.
1608 2780 1722 2842 Λαύὰιν
1733 2782 1762 2843 δὲ
1773 2782 1817 2855 τὴν

232 2894 280 2950 co,
293 2871 339 2932 sed
353 2871 486 2934 moribus.
503 2874 618 2951 Accepta
628 2884 718 2929 autem
728 2883 837 2951 paterna
851 2872 973 2932 substan·
990 2866 1011 2911 A
1026 2870 1115 2931 οὐσίαν
1130 2869 1179 2940 τὴν
1193 2867 1339 2951 πατρικὴν,
1355 2867 1490 2929 ἀπώλεσεν
1508 2868 1597 2942 αὐτὴν
1619 2869 1743 2941 deditus
1760 2877 1816 2942 ζίιι.

232 2966 289 3042 tia,
306 2965 427 3047 perdidit
440 2983 499 3023 eam
524 2962 637 3043 prodige
657 2961 784 3023 vivendo.
800 2965 911 3045 Accepit
926 2986 971 3025 so·
1024 2960 1142 3024 Ἐλαύιν
1155 2963 1230 3048 ἥλιον
1246 2965 1282 3028 εἰς
1296 2960 1462 3036 ἁτύλαυσιν,
1478 2961 1525 3020 καλ
1537 2960 1570 3021 τὸ
1587 2963 1682 3046 δῶρον
1695 2969 1736 3033 ὣς
1749 2967 1813 3026 Θεὸν

226 3060 298 3135 lem,
308 3071 339 3117 ut
353 3057 400 3116 illo
412 3057 554 3130 frueretur,
567 3069 593 3114 et
607 3053 710 3114 donum
723 3069 753 3114 ut
773 3057 861 3115 Deum
872 3056 973 3116 adora·
1025 3053 1230 3135 προσεκύνησεν·
1242 3051 1324 3121 (luds
1338 3053 1427 3132 πηγὰς
1438 3056 1474 3120 εἰς
1486 3051 1611 3133 τρυφὴν,
1623 3056 1675 3116 καί
1688 3055 1725 3117 τὸ
1736 3058 1814 3139 δῶρον

226 3151 268 3213 vit
280 3175 286 3210 ι
300 3150 404 3232 accepit
418 3150 501 3209 fontes
514 3149 550 3208 ad
563 3146 675 3207 delicias
687 3192 695 3221 ,
706 3160 732 3206 et
741 3146 844 3207 donum
853 3148 881 3207 in
891 3147 973 3208 deum
1025 3146 1208 3218 ίθεοποίησεν·
1231 3143 1346 3226 ἠγνόησε
1359 3147 1405 3206 τὀν
1419 3147 1624 3226 χαρισάμενον,
1640 3151 1694 3212 καλ
1713 3153 1748 3214 τὸ
1769 3154 1815 3234 χά·

226 3243 383 3304 convertit:
405 3242 541 3323 ignoravit
554 3239 719 3315 donantem,
734 3253 761 3299 et
774 3239 877 3300 donum
891 3262 972 3323 supra
1028 3263 1110 3322 ρισμα
1129 3236 1378 3319 ύπερεδόξασεν.Ἧ
1393 3239 1460 3312 edel
1481 3239 1590 3315 κτίσις,
1606 3245 1676 3303 ἁλλ’
1690 3247 1724 3306 ὠ
1737 3255 1814 3307 πᾶσιν

225 3335 335 3397 modum
365 3334 458 3395 coluit.
489 3332 593 3396 Eadem
618 3345 657 3391 est
680 3345 823 3404 creatura,
848 3331 896 3392 sed
919 3354 972 3393 non
1025 3332 1265 3413 ίμοίωςίρυιμίνη.
1282 3331 1647 3414 depelletur-etro
1664 3337 1814 3416 μίνκελῦς

224 3428 350 3488 omuibus
370 3427 464 3487 eodem
488 3425 569 3485 modo
593 3424 748 3506 conspicua.
769 3414 882 3486 Paterna
906 3427 974 3486 sub-
1027 3429 1104 3507 αὐτῇ,
1117 3431 1132 3485 ί
1145 3425 1173 3486 δὲ
1186 3429 1275 3493 κακῶς
1290 3424 1811 3506 ἄπεχρήσατο.Τάγματο’ῦτοκὰκείνο,

225 3522 322 3580 stantia
342 3520 388 3579 ille
407 3519 517 3598 quidem
538 3531 608 3576 recte
622 3538 701 3594 usus,
723 3517 767 3577 hic
788 3539 852 3577 vero
872 3517 973 3578 abusus
1027 3523 1051 3580 ri
1066 3520 1112 3579 καί
1126 3518 1265 3599 διάρορον·
1280 3517 1417 3591 ἁεύσεύὴς
1435 3518 1467 3578 τί
1487 3518 1589 3587 κάλλος
1602 3526 1657 3604 ὁρᾷ
1671 3532 1724 3584 τσῦ
1738 3527 1809 3607 αὔρα·

224 3624 272 3671 est.
287 3610 364 3672 Ordo
382 3611 427 3669 hic
441 3624 467 3669 et
485 3611 552 3668 ordo
571 3609 616 3667 ille
630 3622 689 3684 est,
708 3610 815 3668 tametsi
835 3610 968 3672 diversus.
1025 3619 1085 3687 νοῦ,
1100 3611 1146 3672 καί
1164 3611 1218 3671 άπὸ
1230 3615 1276 3671 τοῦ
1297 3611 1411 3679 κάλλους
1431 3609 1476 3687 τὸν
1499 3611 1672 3695 δημιουργὸν
1694 3621 1810 3696 mpori·

223 3705 290 3763 Pius
311 3705 356 3763 vir
379 3703 438 3762 caeli
463 3698 700 3783 pulchritudinem
726 3700 818 3775 videt,
837 3716 917 3780 atque
942 3705 1008 3763 exB
1025 3701 1148 3784 ’θύομαι
1162 3701 1224 3782 γάρ,
1238 3701 1313 3782 ρησί,
1326 3701 1386 3769 cele
1405 3699 1623 3783 οὐρενοίνς,ίργα
1638 3711 1701 3769 τῶν
1723 3708 1810 3769 δοιώ.

77 3818 144 3862 Psat.
157 3815 181 3864 3,
191 3814 215 3878 4,
226 3795 432 3878 pulchritudine
456 3796 609 3854 Creatorem
629 3790 745 3850 laudat:
762 3792 791 3851 V
789 3795 872 3853 idebo
896 3796 973 3854 enim
1024 3800 1078 3857 λιυν
1090 3819 1147 3857 σου.
1164 3787 1241 3854 Εἶδεν
1254 3800 1268 3854 ὁ
1283 3794 1395 3866 detdic,
1409 3793 1454 3854 καί
1468 3792 1534 3876 πρὸς
1553 3794 1607 3872 μίν
1625 3798 1678 3859 τὸν
1702 3801 1808 3872 κτίστην

227 3889 313 3951 crelos
328 3908 416 3968 opera
431 3888 592 3967 digitorum
607 3897 731 3942 tuorum.
754 3882 834 3945 Vidit
849 3886 971 3967 impius,
1025 3887 1073 3961 τὴν
1084 3888 1198 3948 διάνοιαν
1210 3889 1241 3946 οὔ
1253 3886 1413 3960 διεύίύασιν,
1432 3886 1650 3965 ίναπομιίναςὸἁ
1666 3894 1709 3972 τῷ
1722 3893 1808 3952 κάλλει

227 3979 303 4041 etad
317 3981 470 4038 Creatorem
485 3990 601 4036 mentem
617 3996 671 4035 non
686 3976 835 4051 convertit,
849 3978 894 4037 sed
908 3979 973 4059 pul·
1025 3985 1071 4040 τοῦ
1095 3984 1222 4060 οὐρανοῦ,
1242 3979 1299 4038 θεὸν
1320 3977 1471 4058 ίραντάσθη
1496 3977 1527 4037 τὸ
1549 3979 1761 4063 δημιούργημα
1778 3983 1808 4044 Ὁ

228 4072 409 4134 chritudinem
425 4070 483 4130 raeli
497 4067 700 4149 contemplans,
717 4082 868 4129 creaturam
880 4071 974 4151 imagi·
1026 4071 1135 4142 εύσεύὴς
1147 4069 1363 4150 οὖχῦύρίζειτλν
1377 4069 1475 4144 κτίσιν,
1485 4069 1554 4130 titt
1564 4075 1608 4151 τῷ
1619 4076 1754 4157 Δεσπίτη
1764 4075 1809 4148 τὴν

227 4178 360 4226 natusest
375 4185 431 4223 esse
447 4163 538 4222 deum.
557 4161 623 4220 Pius
642 4181 694 4219 non
709 4161 872 4220 contumelia
888 4163 973 4222 allicit
1025 4161 1204 4243 προσκύνησιν
1225 4160 1398 4239 ταμιεύεται·
1413 4171 1481 4243 τιμᾷ
1500 4162 1549 4235 τὴν
1573 4162 1686 4241 κτίσιν,
1703 4171 1764 4228 ἀλλ’
1776 4172 1808 4234 ὣς

227 4269 397 4332 ereaturam,
413 4255 458 4315 sed
483 4253 601 4314 Domino
624 4252 806 4312 adorationem
831 4267 970 4315 reservat:
1024 4255 1249 4332 ίμόδουλον,ούκ
1264 4257 1383 4333 άραιρῶν
1399 4252 1426 4314 dl
1440 4255 1471 4313 τὸ
1487 4254 1570 4322 uider
1586 4261 1633 4317 τῶ
1651 4258 1807 4331 κτίσαντος,

226 4351 341 4410 honorat
354 4363 502 4409 creaturam
516 4394 525 4422 ,
540 4344 587 4405 sed
602 4359 632 4404 ut
646 4366 823 4407 conservam:
845 4367 898 4406 non
919 4368 973 4406 au·
1025 4347 1167 4428 περιάπτει
1178 4350 1217 4427 τῷ
1228 4345 1364 4424 κτίσματι·
1379 4349 1482 4405 ἐπαινεῖ
1491 4345 1522 4404 τὸ
1533 4347 1739 4430 φιλοτέχνημα,
1750 4355 1806 4413 ἀλλ’

226 4444 313 4501 ferens
327 4441 430 4501 cultum
450 4439 564 4499 creatori
584 4451 733 4497 creaturam
755 4438 972 4519 contemplatur:
1024 4438 1083 4519 οὐχί
1097 4437 1146 4511 τὴν
1157 4444 1203 4497 τοῦ
1214 4438 1334 4519 τεχνίτου
1349 4437 1424 4506 δόξαν
1436 4441 1472 4505 τίς
1482 4440 1566 4498 ίκεῑνο
1578 4441 1766 4522 περιίστησιν.
1775 4444 1808 4504 ‘0

227 4531 320 4592 laudat
342 4532 487 4607 artificium
496 4576 505 4608 ,
520 4530 567 4589 sed
588 4529 700 4590 artificis
717 4528 833 4608 gloriam
855 4531 896 4590 illi
919 4553 972 4591 non
1025 4529 1053 4591 δί
1073 4529 1201 4601 δυσσεύὴς
1217 4533 1305 4596 καλῶς
1321 4528 1370 4607 μὲν
1383 4521 1450 4604 εἶδε,
1462 4532 1552 4597 κακῶς
1565 4530 1595 4591 dt
1610 4535 1807 4614 προσεκύνησε,

226 4623 360 4686 attribuit.
383 4623 488 4704 Impius
510 4644 575 4684 vero
593 4623 661 4683 bene
680 4623 791 4701 quidem
816 4624 905 4703 vidit,
924 4625 972 4685 sed
1025 4623 1070 4682 καί
1084 4632 1172 4680 πᾶσαν
1185 4620 1234 4693 elo
1244 4620 1317 4689 τάξιν
1332 4620 1484 4702 ἀνέτρεψεν.

226 4717 297 4778 male
320 4715 463 4792 adoravit,
478 4731 504 4776 et
528 4737 633 4775 omnem
650 4717 773 4775 ordinem
795 4717 970 4778 subvertit.»

266 4834 282 4866 ιι
296 4810 372 4893 Saepe
385 4809 526 4890 Scriptura
535 4808 676 4867 diabolum
687 4823 764 4868 vocat
784 4809 927 4870 draconem
947 4825 973 4871 et
988 4821 1007 4869 c
1063 4809 1129 4870 Ὅτι
1144 4808 1272 4892 δράκοντα
1287 4806 1415 4876 πολλάκις
1426 4811 1444 4879 ἡ
1457 4805 1552 4888 Γραρὴ
1561 4810 1642 4868 καλεῖ
1656 4810 1705 4873 τὸν
1723 4814 1809 4875 διόθεν

73 4940 216 5005 gwodg
226 4921 375 4987 serpentem
388 4918 549 4965 tortuosum.
569 4902 633 4962 Ideo
649 4904 777 4963 Servatur
792 4904 878 4964 dicit:
897 4908 973 4966 Eece
1024 4909 1069 4966 λον
1083 4904 1129 4962 καὶ
1148 4902 1206 4982 ὄριν
1229 4901 1344 4961 σκολιόν.
1361 4901 1410 4960 Διὸ
1427 4901 1473 4959 καὶ
1483 4904 1498 4958 ὁ
1508 4899 1609 4979 Σωτήρ
1623 4925 1728 4982 φησιν,
1740 4906 1807 4967 Ἰδοὺ

226 4997 292 5057 dedi
302 5003 384 5059 uobr's
396 5010 570 5079 potestatem
583 4997 721 5058 calcandi
729 5018 819 5076 supra
831 5013 973 5079 serpentes
1024 4997 1126 5057 δίδωκα
1141 5001 1202 5072 ὑμῖν
1215 4993 1331 5062 ἐξουσίαν
1349 4996 1442 5052 πατεῖν
1457 4991 1547 5051 ἐπάνω
1562 4991 1651 5072 ὄρεσιν
1666 4999 1716 5058 καί
1730 5022 1808 5082 resp.

225 5103 254 5152 et
272 5099 451 5172 scorpiones:
462 5104 488 5150 et
506 5111 540 5149 ne
560 5089 667 5169 reptilia
689 5089 841 5169 intelligas,
855 5090 972 5171 adjecit,
1024 5090 1108 5150 πίων·
1124 5087 1170 5148 καί
1184 5087 1226 5146 ίνα
1252 5086 1289 5165 μὴ
1307 5085 1341 5145 τί
1363 5086 1478 5166 ἕρποντα
1495 5083 1655 5165 ύπολάύης,
1671 5092 1808 5172 ἐπήγαγε·

228 5192 269 5248 Et
289 5207 379 5266 supra
402 5206 516 5248 omnem
531 5188 673 5244 uirtutem
694 5186 820 5243 inimici.
839 5188 927 5245 Draco
947 5199 973 5244 et
1024 5183 1079 5246 Καί
1094 5183 1138 5241 ἐπὶ
1156 5191 1245 5241 πᾶσαν
1257 5178 1306 5252 τὴν
1320 5178 1432 5258 δύναμιν
1446 5185 1492 5237 τοῦ
1510 5177 1616 5255 tgtpoo.
1629 5181 1750 5262 Δράκων
1764 5185 1810 5243 καὶ

227 5301 338 5360 serpeus
362 5294 402 5340 est
423 5279 548 5340 diabolus
557 5323 566 5360 ‚
581 5297 634 5339 non
648 5291 679 5337 ut
695 5276 805 5338 malitiae
821 5276 919 5356 radix,
942 5293 973 5338 ut
1026 5276 1107 5355 ίφιςὰ
1122 5272 1250 5350 διοίύολος,
1262 5272 1312 5350 οὐχ
1325 5275 1362 5340 ὡς
1376 5270 1434 5350 ῥίζα
1445 5263 1601 5352 satagos
1612 5292 1698 5351 φασιν
1710 5279 1736 5336 οί
1747 5281 1809 5339 Μα-
