3714 5970
936 466 1120 519 venemo.

537 943 659 1072 DE
721 933 961 1078 VITA
1020 937 1083 1074 S.
1131 932 1561 1078 JOANNIS

766 1265 1313 1391 onstsosromt,

973 1551 1014 1596 ΕΤ
1029 1550 1125 1597 estun

416 1785 479 1857 DE
503 1781 835 1873 SCRIPTORIBUS
862 1784 992 1860 VI'I'AE
1018 1783 1235 1858 EIUSDEM
1261 1782 1433 1858 SANCTI
1457 1781 1687 1863 DOCTORIS

743 2051 832 2117 onos
849 2027 1148 2106 nemnemmnin
1165 2052 1271 2106 vtstttt
1287 2052 1360 2107 ιιι.

893 2298 1196 2331 ψ

115 2599 184 2642 Μ,
199 2607 217 2644 „
234 2595 258 2644 g,
307 2563 362 2638 Qui
373 2562 478 2646 primus
488 2561 524 2623 ab
533 2562 651 2625 Henrico
663 2561 767 2625 savilio
780 2560 869 2624 editus
879 2561 931 2623 tuit
941 2561 1015 2625 Vitae
1024 2559 1055 2623 S.
1072 2558 1115 2625 Jo.
1128 2557 1320 2645 chrysostomi
1332 2561 1456 2644 scriptor,
1469 2575 1509 2623 est
1518 2561 1653 2643 Georgius
1662 2560 1833 2623 Alexandria

118 2675 142 2719 ι’·
159 2660 213 2720 ¹⁵7·
268 2658 497 2740 archiepiscopus,
510 2676 590 2735 quem
599 2657 710 2736 quidam
722 2670 817 2738 putant
827 2656 940 2720 Joannis
948 2657 1162 2740 Eleemosynarii
1174 2679 1353 2719 successorem
1369 2658 1462 2719 fuisse.
1476 2657 1529 2717 Hic
1538 2657 1636 2718 humili
1648 2669 1674 2717 et
1687 2657 1832 2738 ineleganti

268 2752 342 2837 st'ylo
354 2754 497 2814 innumera
510 2753 592 2812 refert
603 2752 746 2827 fabulosa,
760 2752 797 2813 iis
806 2753 942 2835 exceptio,
956 2773 1017 2832 quae
1031 2774 1067 2814 ex
1079 2752 1202 2814 Palladio
1212 2767 1239 2814 et
1248 2756 1357 2815 δοιιιῑο
1371 2767 1512 2813 mutuatus
1520 2765 1569 2813 est.
1595 2754 1693 2813 Narrat
1699 2753 1832 2813 loannem

264 2852 415 2930 juvenem,
428 2848 486 2930 jam
499 2847 587 2908 literis
610 2846 768 2923 eruditum,
785 2848 903 2908 Athenas
911 2849 1063 2929 proiectum
1076 2869 1132 2908 esse
1140 2871 1149 2925 ς
1163 2848 1257 2928 ibique
1269 2869 1331 2908 cum
1343 2862 1405 2930 post
1419 2847 1559 2908 modicum
1572 2847 1701 2928 temporis
1711 2848 1832 2928 spatium

268 2944 445 3008 Athenienses
454 2964 547 3003 omnes
557 2941 765 3026 disciplinarum
779 2943 874 3004 notitia
886 2956 913 3004 et
925 2943 1052 3005 hcuudia
1066 2958 1220 3026 superaret,
1234 2946 1335 3006 multos
1353 2947 1382 3004 iu
1400 2943 1442 3005 sui
1459 2943 1667 3004 admirationem
1686 2944 1829 3026 rapuisse,
1847 2941 1851 2949 '

131 3114 135 3119 ι
157 3042 162 3053 “
266 3039 383 3100 aliorum
399 3058 465 3100 vero
479 3036 615 3098 invidiam
634 3036 812 3097 ooneimvisse
820 3081 830 3110 ,
853 3037 1024 3118 maximeque
1040 3038 1179 3099 Anthemii
1198 3037 1341 3120 cujusdam
1361 3039 1417 3098 viri
1433 3037 1508 3099 docti
1525 3052 1551 3098 et
1572 3038 1701 3120 superbi,
1719 3040 1831 3118 quicum

263 3131 517 3213 etiamtupmavit.
529 3129 595 3190 Haec
603 3129 753 3211 disputatio
763 3129 892 3211 pluribus
901 3145 1077 3204 memoratur.
1093 3132 1158 3192 Post
1168 3131 1329 3212 hujusmodi
1338 3131 1460 3191 fabulam
1469 3132 1570 3191 fusiore
1581 3132 1651 3212 stylo
1659 3147 1831 3194 recensentur

264 3227 397 3295 miracula
412 3225 481 3289 hae
494 3225 581 3286 multa
596 3246 611 3285 a
625 3227 729 3288 Ioanne
741 3239 834 3288 nostro
854 3238 976 3308 patrata:
995 3247 1059 3286 eram
1074 3241 1163 3287 tamen
1181 3227 1391 3308 chrysostomus
1405 3246 1458 3286 non
1478 3227 1562 3286 semel
1579 3225 1674 3303 dicat,
1699 3227 1828 3303 miracula

264 3320 340 3381 nulla
354 3339 404 3380 suo
418 3333 539 3400 tempore
549 3319 631 3393 lieri,
648 3340 697 3379 neo
706 3339 763 3379 esse
775 3319 934 3379 necessaria.
949 3322 1094 3380 Innumero
1109 3321 1211 3402 profert
1222 3320 1325 3381 similia
1333 3366 1342 3396 ,
1357 3341 1407 3381 nee
1421 3320 1530 3400 majoris
1544 3321 1635 3402 pretii.
1656 3322 1830 3402 Quapropter

113 3455 184 3502 gn„
203 3463 220 3499 ι,
233 3417 324 3501 gjure
334 3415 455 3477 SesiIius
472 3416 553 3475 talem
566 3414 602 3474 de
614 3414 734 3495 Georgio
744 3415 796 3475 fert
808 3416 986 3476 sententiam:
1005 3418 1148 3478 Omnibus
1160 3433 1236 3478 certe
1253 3421 1314 3478 suis
1327 3416 1511 3496 equalibus,
1532 3420 1622 3476 etiarn
1634 3422 1760 3497 posteris
1776 3417 1788 3496 ξ
1796 3430 1828 3476 ut

117 3518 210 3578 1³·9l1·
266 3513 305 3573 ele
315 3513 526 3572 uetustioribus
540 3509 671 3588 taceam)
685 3511 825 3590 infantie
843 3514 876 3569 in
893 3512 1015 3573 dicendo
1026 3514 1159 3594 palmam
1171 3516 1357 3595 praeripuisse
1371 3515 1473 3573 merito
1490 3513 1649 3593 judicetur.
1671 3513 1722 3572 Er
1740 3513 1829 3592 liujus

264 3604 499 3682 tumensoeeilus
513 3604 673 3661 hauseram
685 3603 745 3663 Leo
759 3605 944 3682 Imperator,
965 3615 1069 3664 auctor
1083 3611 1222 3675 incertus,
1236 3615 1266 3663 et
1280 3603 1396 3663 Simeon
1413 3604 1649 3684 Metaplsrastes,
1671 3622 1746 3684 quos
1768 3623 1830 3663 una

264 3700 380 3758 dumus.

115 3823 183 3868 „gg
201 3817 255 3868 ,g
305 3791 369 3850 Post
389 3789 459 3848 hanc
480 3785 575 3848 Vitam
598 3806 614 3844 a
635 3785 754 3867 Georgio
772 3787 957 3849 Alexandrino
979 3788 1109 3872 scriptam
1132 3790 1208 3871 apud
1231 3789 1369 3853 Sanitium
1389 3788 1512 3870 sequitur
1533 3789 1630 3852 Leonis
1653 3788 1830 3869 Imperatoris

116 3902 142 3946 r·
153 3887 209 3948 ²⁶7·
266 3879 630 3964 1γιιωμιαστικὸιλόγος,εοιι
641 3879 806 3941 menmium
818 3883 849 3945 S.
862 3883 906 3944 lo.
919 3880 1117 3964 chrysostomi.
1131 3885 1186 3944 Leo
1197 3904 1295 3964 nempe
1308 3882 1355 3942 ille
1363 3897 1414 3956 est,
1424 3883 1472 3963 qui
1481 3883 1595 3964 Sapiens
1607 3896 1634 3941 et
1646 3880 1829 3962 Philosophus

265 3975 375 4052 dictus,
389 3972 528 4035 Orientale
538 3972 688 4054 Imperium
700 3974 788 4034 tenuit
800 3975 836 4035 ab
847 3996 916 4035 anno
929 3975 991 4039 886
1006 3975 1042 4036 ad
1054 3998 1155 4037 annum
1166 3978 1237 4038 910.
1249 3976 1301 4036 Ille
1313 3988 1403 4037 tamen
1415 3975 1522 4056 sapiens
1536 3977 1687 4058 Imperator
1706 3995 1740 4035 ex
1753 3975 1829 4036 fori-

268 4069 382 4133 dissimo
396 4067 446 4129 illo
456 4067 568 4148 Georgii
578 4068 652 4128 fonte
661 4069 753 4129 omnia
765 4084 922 4148 mutuatur,
935 4092 984 4132 nec
995 4072 1092 4155 majori
1104 4094 1186 4153 quam
1197 4072 1244 4132 ille
1253 4070 1307 4132 fide
1319 4071 1420 4152 dignus
1433 4085 1481 4132 est.

116 4201 185 4248 Μ,
200 4209 218 4245 ι,
233 4198 259 4250 8,
305 4166 425 4227 Inonem
442 4163 636 4245 imperatorem
652 4164 754 4246 exeipit
776 4166 852 4247 apud
865 4167 1001 4229 Samiium
1014 4188 1166 4250 anonymus
1186 4169 1303 4249 scriptor
1326 4168 1401 4230 Vitae
1415 4167 1445 4228 S.
1464 4165 1759 4248 Ioan.ChrysostornI,
1780 4164 1829 4244 qtti

117 4281 141 4325 ι’-
156 4265 211 4324 ²9¹·
267 4262 346 4324 initio
359 4262 461 4343 profert
475 4258 584 4319 nomina
597 4260 745 4340 eorumqui
755 4260 791 4322 de
800 4262 856 4324 vita
870 4264 1060 4345 Chrysostomi
1075 4264 1261 4346 seripserunt,
1274 4264 1326 4324 hoc
1339 4263 1439 4323 titulos
1462 4265 1591 4342 Quinam
1606 4263 1643 4321 de
1653 4266 1719 4322 uita
1730 4262 1829 4336 Chry·

267 4358 583 4436 sostomiseripserunt.
607 4355 712 4415 Horum
725 4355 995 4420 nomioahaecsnnt:
1014 4360 1139 4422 Socrates
1153 4359 1349 4419 ecclesiasticus
1359 4356 1610 4438 historiographus
1622 4354 1762 4417 Palladius
1774 4357 1830 4417 He·

267 4450 422 4532 lenopoloos
434 4449 542 4532 episc,
560 4446 673 4513 Procles
686 4449 1017 4534 Constantinopolitanns,
1031 4454 1151 4536 Cyrillus
1163 4452 1376 4529 Alexandrinus,
1387 4452 1422 4512 de
1431 4453 1508 4533 cujus
1522 4451 1627 4512 rhisus
1643 4450 1827 4530 infrangitur,

187 4542 438 4629 Sophronias
454 4539 607 4621 patriarcha
625 4542 884 4623 ierosolymitanus,
893 4547 1011 4607 loannes
1026 4547 1220 4620 Damascenus,
1235 4545 1386 4627 Martyrios
1400 4541 1582 4602 Antiochenus
1599 4538 1830 4623 patriarchati>-

156 4674 160 4679 ·
240 4686 242 4691 -
266 4658 341 4703 ernas
347 4635 539 4717 Chrysostorni
553 4636 812 4717 temporediaconus
826 4644 1019 4717 immolastis,
1027 4641 1213 4702 Theodoretus
1223 4640 1288 4722 Cyri
1299 4640 1399 4723 episc,
1407 4638 1487 4699 Nilus
1499 4640 1628 4717 Magnus,
1640 4635 1762 4697 Isidorus
1776 4640 1829 4697 Pe-

226 4762 230 4767 ·
265 4730 387 4807 leima,
395 4731 537 4811 Euagrius
556 4737 669 4810 Asoeta,
689 4734 801 4795 Cosmm
815 4736 951 4812 Vestitor,
965 4740 1021 4799 Leo
1039 4739 1199 4818 Imperator,
1218 4736 1326 4798 Nicetes
1345 4733 1526 4815 σκευοφύλαξ,
1544 4733 1652 4793 Nicetes
1670 4733 1829 4814 Paphlago,

187 4894 193 4903 ,
206 4902 210 4909 Ι
224 4884 227 4893 ,
267 4823 430 4889 Entathius
443 4826 552 4900 Primi,
565 4777 682 4885 Basiliis
695 4828 911 4910 inpono'hposoc,
927 4830 1118 4891 Constantinus
1130 4828 1381 4910 Porphyrogenitus
1391 4828 1549 4908 Imperator.
1564 4827 1614 4886 Ex
1625 4827 1672 4885 tis
1683 4829 1828 4897 omnibus,

227 4924 231 4931 '
268 4918 358 5001 pergit
371 4917 433 4993 ille,
443 4916 650 4997 opportuniora
661 4932 689 4978 et
698 4921 870 4999 pulchriore
880 4923 1061 5004 colligentes,
1072 4942 1196 5002 quorum
1209 4922 1345 5001 quedam
1359 4921 1429 4979 aliis
1438 4941 1475 4978 er
1484 4920 1588 4977 norun
1597 4920 1771 4998 scriptorum
1781 4939 1830 4975 nu-

268 5033 349 5074 mero
360 5007 521 5086 notn,'nliis
534 5014 636 5092 ignota
646 5027 751 5087 erant,
768 5017 848 5075 hune
859 5017 966 5076 librum
980 5022 1012 5077 in
1031 5021 1159 5098 gratiam
1175 5019 1292 5097 piorum
1306 5017 1457 5076 homimem
1474 5013 1687 5072 adornavimus
1708 5013 1750 5071 ad
1764 5012 1830 5091 glo-

269 5111 346 5168 riam
362 5109 441 5184 Dei,
458 5121 487 5167 et
501 5107 543 5167 ad
556 5115 724 5168 memoriam
736 5113 834 5170 sancti
845 5115 914 5171 uiri.

310 5200 361 5262 Hic
372 5222 436 5261 vero
448 5203 607 5282 Anonymus
621 5203 723 5262 caeteris
736 5203 882 5285 elegantior
895 5221 951 5285 est,
968 5206 1015 5268 sed
1031 5206 1101 5266 nihil
1113 5204 1200 5285 magis
1218 5204 1319 5266 confert
1329 5203 1365 5263 ad
1383 5203 1468 5264 vitam
1483 5204 1514 5265 S.
1530 5203 1608 5264 loen.
1622 5199 1809 5280 Chrysostomi
1817 5243 1827 5271 ,

268 5314 349 5374 quam
362 5293 514 5374 Georgius,
530 5297 649 5375 exrrrjus
664 5296 774 5358 Iuribus
788 5299 879 5360 omnia
895 5300 999 5373 hausit,
1018 5314 1047 5362 ut
1062 5313 1087 5360 ct
1102 5297 1305 5380 Metaphrastes.
1320 5297 1469 5380 Scriptores
1478 5317 1542 5360 vero
1554 5295 1594 5355 illi
1605 5296 1642 5355 de
1654 5301 1719 5354 uita
1732 5296 1830 5370 Chry-
