3714 5970
813 538 857 613 n,

78 656 172 720 ricinis
185 670 302 722 attento
317 658 420 724 lectori
437 662 522 727 facile
536 662 724 745 supplendo,
743 685 806 745 quo
823 664 1007 744 repetitionis
1021 682 1128 741 genere
1139 660 1233 723 altera
1250 663 1382 724 recensio
1400 661 1558 743 abundat,
1575 678 1607 728 ct

84 752 125 813 rel
135 752 187 815 hoc
199 754 265 817 solo
279 758 427 845 posterior
437 778 501 820 csse
513 758 759 839 deprehenditur.
771 761 808 819 ln
821 759 928 840 primis
936 758 997 820 [ere
1019 769 1049 819 et
1068 758 1225 835 postremis
1236 756 1376 820 llomiliis
1386 758 1476 838 plura
1491 759 1609 823 divam

10 909 15 919 ,
91 862 233 912 canantur
247 870 342 931 quam
353 854 386 912 iu
398 852 499 915 medio
514 873 614 935 opere.
627 851 692 916 Nos
701 855 820 934 cognita
832 853 914 915 illius
928 851 1036 915 codicis
1045 853 1220 913 auctoritate
1240 865 1270 913 et
1279 856 1462 933 prestantia,
1476 855 1610 937 plurima

96 964 160 1006 exeo
169 946 196 1033 ia
206 958 291 1007 textu
296 944 577 1029 redintegravimus,
583 948 686 1030 aliqua
694 951 785 1010 etiam
798 970 835 1011 ex
843 949 948 1011 ceteris
955 946 1066 1021 trihus,
1080 947 1177 1026 quiin
1192 967 1300 1028 magna
1317 949 1549 1029 interpolatione
1558 964 1605 1013 ta·

101 1061 153 1102 usca
163 1041 285 1121 gmuina
302 1043 444 1123 quedem
453 1043 510 1106 soli
522 1043 682 1105 servabant
692 1067 701 1104 ε
716 1043 767 1106 sed
777 1065 840 1125 quo
849 1045 952 1104 minus
961 1044 1064 1103 omnis
1082 1062 1120 1104 ex
1130 1055 1231 1103 nostra
1244 1056 1345 1105 mente
1358 1058 1388 1106 et
1404 1066 1481 1106 verae
1497 1047 1609 1108 critices

104 1135 432 1217 legccdmiuistraremus,
440 1139 557 1201 obstitit
572 1140 671 1220 operis
678 1138 772 1219 hujus
791 1140 979 1207 institutum,
993 1137 1078 1215 qnod
1090 1137 1129 1197 ah
1151 1138 1360 1201 illontiauconi
1372 1139 1504 1204 editione
1513 1143 1608 1205 disce·

109 1228 160 1293 dere
169 1231 276 1293 vetabat
291 1234 351 1297 uisi
362 1235 447 1315 gravi
457 1234 631 1316 impellente
642 1259 742 1300 caum.
763 1236 864 1315 Quare
874 1236 971 1299 multa
983 1239 1016 1297 in
1030 1238 1093 1298 imo
1105 1237 1242 1318 margine
1254 1240 1343 1301 uncia
1354 1252 1470 1302 retenta
1482 1241 1609 1316 herent,

13 1410 20 1423 =
109 1329 363 1411 qmsiresimegra
375 1330 488 1410 iniust,
501 1332 533 1392 in
553 1334 697 1397 orationis
708 1335 784 1398 serie
793 1332 896 1396 locum
909 1332 1021 1395 hebere
1030 1332 1189 1395 debebant.

139 1514 248 1597 benique
261 1528 325 1577 tam
334 1516 546 1596 praclaronrm
558 1517 764 1581 subsidiorum
777 1538 835 1599 ope
843 1538 881 1579 eo
893 1528 1075 1597 perventum
1085 1528 1140 1591 est,
1152 1527 1187 1576 ut
1195 1536 1249 1596 per
1258 1527 1373 1577 nostras
1382 1515 1607 1581 emendationes

113 1610 180 1675 celin
192 1625 266 1675 textu
283 1614 395 1694 positas
415 1612 463 1675 vel
478 1612 623 1675 indicatas
632 1615 664 1674 in
677 1614 872 1675 adnotatione
882 1610 930 1673 he
939 1611 1078 1673 llomiliae
1090 1614 1154 1691 jam
1165 1612 1264 1673 multo
1275 1612 1401 1693 propius
1412 1613 1557 1677 accedant
1565 1615 1605 1677 ad

10 1714 14 1749 ''
113 1709 231 1789 mairem
239 1709 448 1790 integritatem,
457 1728 553 1789 quam
564 1708 599 1769 in
611 1708 672 1771 alia
681 1708 813 1770 editione
828 1706 901 1769 ulla.

142 1882 216 1947 ttae
227 1906 295 1967 pars
306 1884 402 1968 hujus
419 1885 585 1950 voluminis
596 1885 808 1967 complectitur
832 1882 981 1945 Hamillus
993 1883 1025 1942 in
1041 1880 1209 1964 Epistolam
1222 1882 1262 1943 ad
1279 1880 1444 1958 Romanos,
1464 1880 1505 1943 ah
1516 1881 1606 1947 nobis

10 2022 15 2031 -
111 1998 218 2043 canuno
228 1980 328 2043 codice
344 1982 481 2053 collatm3
498 1985 585 2062 cujus
597 1982 712 2045 auxilio
725 1994 755 2042 et
769 1980 917 2042 varietatis
926 1977 1083 2058 diligenter
1093 1977 1132 2038 ab
1145 1975 1257 2039 Savilio
1268 1989 1415 2057 excerptoe
1436 1997 1498 2038 non
1510 1998 1608 2059 pauca

115 2075 191 2152 nnn
200 2076 302 2140 melius
312 2080 475 2140 constituta
485 2091 566 2141 suat
578 2076 616 2138 In
637 2076 777 2139 Homiliis
790 2078 831 2139 25
843 2089 874 2136 et
892 2076 929 2135 st
952 2074 1066 2135 fontem
1084 2072 1345 2153 deprehendimus,
1360 2092 1397 2134 ex
1410 2093 1473 2153 quo
1490 2094 1608 2156 anony-

10 2168 15 2183 '
46 2184 49 2189 '
114 2172 426 2255 nurniptorllomiiioe
445 2176 479 2232 in
495 2171 617 2232 Domini
633 2172 792 2233 adventum
819 2168 1024 2251 (spuriorum
1037 2167 1202 2231 voluminis
1225 2171 1256 2245 8,
1269 2187 1337 2247 pag.
1356 2168 1424 2240 194,
1446 2168 1481 2233 B.
1496 2174 1607 2250 seqq.)

114 2266 209 2343 prolsdt'

139 2422 383 2507 tmmspura
391 2427 503 2509 partim
516 2424 620 2491 Savilii
633 2428 822 2509 conjecturis,
831 2445 908 2510 quas
924 2423 1105 2508 plerumque
1116 2421 1309 2505 neglexerant
1322 2422 1518 2496 benedictini,
1532 2443 1606 2505 pcr-

19 2550 23 2555 ·
114 2518 249 2585 inmens
263 2523 507 2587 mendavimus.

136 2700 250 2769 haten
258 2705 384 2787 modum
393 2708 547 2769 tenuimus
557 2708 590 2767 in
600 2704 1001 2787 Spuriisvoluminedecimo
1011 2703 1249 2785 comprehensim
1261 2702 1313 2764 sed
1321 2702 1359 2764 de
1366 2702 1505 2782 genuinis
1513 2700 1611 2783 chry-

111 2801 401 2879 munideliomiliis
411 2805 443 2864 in
453 2800 755 2884 primamEpistolam
765 2800 806 2861 ad
814 2799 1165 2873 Corinthios‚abSavilio
1173 2813 1204 2862 et
1213 2798 1432 2861 Montlcucono
1454 2797 1493 2858 ad
1504 2818 1603 2859 unum

10 2932 15 2937 -
109 2894 172 2959 autc
181 2896 306 2961 codiosru
315 2918 449 2980 eumque
461 2898 617 2979 aliquoties
629 2896 817 2959 deiicientem
829 2895 951 2965 exactis,
967 2917 1022 2957 nos
1039 2895 1249 2957 consuluimus
1262 2892 1378 2956 codices
1390 2893 1500 2974 Regios
1514 2891 1602 2955 dnos.

56 2990 59 2995 ’
108 2984 220 3068 &cum
227 2991 450 3077 plerumquein
463 2993 580 3057 diversa
599 2992 721 3069 abeant,
732 2992 865 3053 maxims
876 2994 1039 3054 auctoritas
1055 3005 1100 3055 est
1114 2990 1300 3071 ubicumque
1313 2992 1346 3050 in
1369 3011 1470 3051 unum
1482 2990 1605 3069 conspi·
1681 3005 1684 3009 ’

10 3112 20 3123 ·
63 3098 67 3103 ’
99 3098 169 3149 nm
181 3089 288 3170 quihus
299 3090 354 3167 its,
373 3087 615 3162 ntdebehamus,
629 3086 714 3148 idest
723 3085 929 3148 moderatione
942 3099 973 3147 et
983 3089 1121 3150 cautione
1133 3107 1255 3166 magna,
1269 3085 1309 3149 ad
1318 3084 1545 3147 emendandum
1559 3085 1606 3146 usi

10 3210 13 3219 ·
55 3200 59 3241 ῖ
104 3196 190 3261 uus,
200 3183 296 3247 multa
308 3185 342 3244 in
351 3185 544 3247 annotatione
552 3181 695 3245 indicasse
706 3182 849 3243 contenti.
866 3182 900 3240 ln
914 3181 962 3243 his
975 3182 1116 3244 llomiliis
1126 3182 1219 3263 paulo
1229 3182 1421 3263 frequentius
1429 3201 1523 3261 quum
1532 3179 1605 3242 alibi

104 3270 265 3343 emtam
276 3279 442 3343 verborum
453 3278 657 3361 Chryrostomi
669 3276 879 3341 dbsmendum
892 3291 968 3354 erat,
984 3292 1107 3360 cogente
1120 3300 1153 3339 re
1171 3279 1282 3340 critica.
1294 3277 1407 3338 Preter
1419 3274 1604 3338 Saviliauam

104 3368 242 3453 titium,
254 3387 291 3438 nt
307 3375 341 3437 in
354 3374 540 3455 prandente
552 3372 718 3449 volumine,
733 3375 774 3436 ita
787 3374 819 3433 in
832 3371 889 3433 hoc
908 3387 940 3435 et
962 3373 1157 3453 sequentibus
1174 3392 1252 3453 saepe
1264 3373 1448 3453 inspeximus
1461 3369 1606 3435 Comme·

10 3490 17 3505 ‘
55 3522 59 3527 .
104 3460 226 3550 lebam,
237 3492 311 3535 mm
320 3484 353 3535 et
363 3472 527 3535 saumae
538 3471 708 3535 Veronensi
721 3485 751 3533 et
763 3471 926 3552 posteriore
938 3467 1117 3531 Morelliam
1128 3488 1306 3531 careremus.

132 3650 300 3721 lailomiliis
312 3656 483 3721 institeram
494 3656 661 3739 Epistolam
671 3656 712 3718 ad
723 3655 895 3718 Corinthios
907 3653 1002 3716 codici
1015 3652 1209 3730 Goisliniano,
1227 3673 1292 3733 quo
1312 3655 1359 3716 usi
1380 3652 1499 3715 inerant
1511 3650 1606 3714 Bene·

102 3742 179 3813 dccci
189 3755 348 3832 ,comitari
357 3752 534 3817 addidimus
547 3752 679 3834 Regium
691 3775 762 3815 cum
774 3753 877 3815 fructu
887 3773 949 3814 non
964 3747 1197 3824 contemnendo,
1214 3747 1283 3810 licet
1296 3769 1405 3830 magna
1415 3770 1484 3831 pars
1496 3769 1605 3813 eorum

102 3844 198 3921 ruba
206 3848 291 3913 nobis
301 3846 443 3931 prebuit,
459 3850 493 3909 in
504 3847 607 3911 Servilii
617 3848 749 3911 editione
761 3861 815 3911 ant
825 3848 968 3910 varietate
981 3845 1023 3908 ihi
1034 3856 1178 3908 annotata
1189 3847 1253 3924 jam
1264 3857 1402 3907 exstaret.

128 4026 421 4093 tttnnmcnsarina
431 4032 465 4093 in
481 4030 647 4112 Epistolsm
668 4030 709 4092 ad
721 4029 843 4093 Galatas
864 4029 1101 4093 Montiauconus
1119 4029 1241 4092 scribitt
1257 4031 1391 4111 Huiusce
1403 4034 1603 4091 commentarii

97 4134 205 4185 *mas
214 4128 332 4207 quidem
344 4129 440 4207 reperi
451 4127 579 4187 codicem
592 4132 834 4209 manuscriptum.
845 4130 885 4190 At
895 4127 1067 4191 Colbertirm
1075 4127 1258 4190 bibliotheca
1267 4128 1501 4204 servabatduos,
1510 4130 1605 4211 Regia

88 4221 277 4283 nummuli
286 4234 351 4297 xil,
360 4241 454 4302 quern
464 4224 519 4283 abs
529 4233 627 4283 totum
637 4222 833 4299 contulimus,
844 4223 1036 4304 inpostrema
1045 4236 1130 4304 parte
1139 4224 1231 4285 etiam
1239 4222 1480 4284 colbertinorum
1491 4244 1604 4288 unum.

92 4302 374 4389 liscthdidnsis-his
389 4317 611 4378 commentariis
626 4338 722 4398 pauca
745 4317 965 4380 offenderemus
976 4317 1164 4380 obseuraaut
1174 4332 1326 4399 corrupta,
1341 4330 1443 4380 tamea
1464 4339 1527 4381 nou
1540 4320 1605 4383 sine

91 4386 291 4478 mhdenohn
302 4412 477 4481 institutam
487 4413 579 4477 luisse
592 4413 783 4477 collationem
791 4414 877 4476 illam
886 4435 923 4476 ex
935 4414 1048 4478 notulis
1060 4414 1169 4477 criticis
1180 4413 1343 4495 apparebit.

122 4596 169 4663 Per
177 4600 329 4683 integrum
339 4598 486 4663 volumen
498 4598 693 4660 undecimum
706 4598 863 4661 Savilianae
876 4599 1015 4661 editionis
1030 4610 1130 4660 textus
1139 4598 1325 4679 prestantior
1337 4611 1381 4659 est
1394 4597 1601 4665 Benedictino.

88 4686 156 4759 dm
166 4712 194 4761 et
203 4696 342 4779 pluribus
353 4694 576 4775 manuscriptis,
589 4706 620 4755 et
641 4696 807 4756 accuratius
827 4695 966 4776 inspectis
985 4707 1015 4756 et
1035 4692 1191 4756 subtiliore
1207 4691 1321 4774 judicio
1333 4696 1469 4775 expensis
1487 4696 1604 4778 bagms

88 4788 372 4877 ihldlmmdmus
384 4811 459 4854 usus
471 4803 525 4851 est.
550 4789 736 4853 Benedictini
756 4812 819 4853 non
843 4793 901 4853 nisi
916 4789 994 4852 levia
1006 4810 1043 4852 ex
1056 4791 1118 4851 suis
1130 4803 1329 4865 annotarunt;
1343 4804 1373 4852 et
1384 4790 1603 4856 Mosellianum

87 4894 188 4952 tuna
197 4911 234 4953 cx
245 4889 397 4953 Sardiano
409 4902 445 4951 ut
457 4887 627 4970 plurimum
639 4908 804 4960 correxere,
825 4887 878 4949 sed
901 4887 942 4947 ita
963 4896 1000 4947 ut
1018 4884 1152 4967 amplam
1165 4887 1281 4967 copiam
1303 4887 1549 4950 emendationum
1563 4888 1603 4951 ab

89 4982 292 5051 crimmum
303 4984 466 5068 petendam
478 4985 695 5048 successoribus
706 4986 920 5067 relinquerent.
936 4985 1081 5048 Preterea
1094 4986 1247 5048 codicibus
1266 4988 1357 5048 ctiam
1368 4989 1415 5049 usi
1426 5010 1550 5060 sumus,
1564 4988 1603 5051 de

93 5078 291 5163 fflpullo
303 5094 371 5165 post
379 5080 554 5164 singulatim
562 5082 819 5157 memorabimus,
835 5096 863 5146 et
875 5082 1044 5145 multorum
1053 5082 1273 5145 observationes
1287 5084 1318 5143 in
1332 5096 1437 5146 octavo
1446 5083 1603 5147 volumine

98 5166 215 5240 Sardiani
225 5180 320 5261 operis
330 5178 469 5242 collectas
480 5176 590 5241 abhoc
602 5179 674 5243 inde
687 5180 843 5245 volumine
853 5180 1123 5245 Montiauconiano
1131 5181 1325 5244 excussimus.
1341 5178 1496 5241 Nimirum
1510 5182 1602 5243 Bene·

102 5260 186 5333 distin
194 5272 347 5341 sditionem
359 5296 448 5339 sumn
457 5273 497 5337 ab
505 5274 593 5338 initio
601 5276 644 5339 ita
652 5276 857 5352 instituerant,
877 5289 914 5338 nt
934 5274 1087 5339 breviores
1096 5288 1184 5339 notas
1194 5296 1231 5338 ex
1240 5275 1301 5338 suis
1314 5272 1465 5337 codicibus
1479 5288 1514 5337 ut
1528 5273 1602 5354 plu-
