3750 6052
588 549 681 596 nuuc
704 547 837 597 nutanti
863 547 1063 599 tnonmra.
1532 531 1600 602 125

64 702 136 742 nnnc
149 694 223 756 sunt,
239 698 322 739 uuam
335 698 351 736 a
363 676 441 739 vultis
450 674 576 737 omuibus
589 687 678 755 petere
687 672 751 734 volo
763 693 801 732 re
896 674 1017 736 Homilia
1030 688 1139 756 quarta,
1152 697 1215 754 quaa
1225 675 1290 736 leria
1304 675 1495 758 smuudapost
1509 677 1600 753 Quin·

65 774 239 833 tributionem
252 792 303 852 pro
321 768 447 831 concione
464 767 516 829 hac
531 779 614 846 atque
628 785 760 838 sermone,
771 779 802 824 ut
857 767 1053 845 quagesimam,
1070 780 1101 826 ut
1114 766 1239 842 videtur,
1260 767 1354 829 habita
1371 769 1439 844 luit,
1456 792 1517 849 quae
1537 770 1600 853 dica
1615 806 1636 853 '.

63 867 92 924 io
120 865 232 924 civitate
259 862 476 943 blasphemantes
501 859 570 920 mihi
597 857 740 938 castigetis.
771 858 801 919 Si
856 870 914 916 erat
931 857 1020 937 prima
1034 857 1274 938 Quadragesimae3
1292 860 1340 919 illa
1358 860 1471 939 iuquam
1490 862 1595 933 concio,
1612 862 1620 901 ’-

62 979 226 1037 quemquam
247 957 275 1016 in
299 954 375 1017 bivio
394 967 420 1013 et
440 954 497 1012 loro
516 952 544 1011 in
568 952 656 1011 Deum
676 949 802 1030 blasphe·
856 954 929 1012 bona
941 974 974 1012 er
989 954 1141 1014 calamitate
1157 968 1233 1036 porta
1247 954 1386 1032 describit,
1401 971 1518 1018 mutatos
1529 957 1599 1017 dicit

63 1063 181 1109 mantem
196 1048 331 1125 audieris,
347 1044 459 1122 accede,
477 1049 601 1126 increpa,
617 1057 644 1103 et
656 1043 678 1103 si
692 1043 802 1103 verbera
856 1058 883 1104 et
898 1067 915 1104 a
928 1045 1050 1126 pristinis
1064 1047 1156 1126 pravis
1175 1047 1297 1107 moribus
1309 1047 1435 1110 reductos
1447 1050 1598 1111 Antioche-

63 1142 185 1222 inlligere
199 1153 331 1223 oporteat,
343 1161 377 1199 ne
386 1131 490 1198 recuses
495 1161 505 1216 ;
517 1137 604 1218 ipsius
618 1135 714 1195 faciem
723 1135 801 1215 alapa
857 1158 916 1199 nos.
932 1139 964 1197 ln
984 1138 1038 1199 fine
1051 1159 1115 1200 vern
1129 1160 1159 1199 ea
1175 1139 1234 1219 ipsa
1255 1140 1368 1214 monita,
1378 1163 1439 1219 quae
1451 1142 1478 1202 in
1493 1162 1597 1223 praere·

62 1251 186 1315 percute,
205 1248 309 1294 contere
329 1253 359 1291 os
382 1231 478 1312 ipsius,
497 1228 668 1311 percussione
691 1247 801 1287 manum
855 1228 930 1290 denti
940 1252 969 1290 se
980 1230 1088 1292 dedisse
1101 1248 1301 1307 commemorat,
1315 1235 1413 1296 iterum
1430 1238 1538 1317 repetit,
1554 1238 1598 1297 ni·

61 1341 138 1387 tuam
145 1328 290 1387 sanctifica.
303 1351 318 1382 ιι
330 1325 386 1400 Qui
399 1345 463 1384 saue
476 1321 629 1403 corrigendi
640 1321 737 1380 modus
747 1341 801 1380 nou
856 1323 960 1384 mirum
977 1324 1012 1384 de
1028 1324 1148 1386 vitandis
1160 1324 1384 1402 detractionibus,
1404 1328 1553 1389 inimicitiis
1571 1343 1598 1390 et

63 1435 132 1479 esset
143 1420 177 1480 ad
191 1441 270 1479 usum
282 1418 444 1478 hodiernum
457 1414 686 1477 accommodatus.
853 1418 1015 1498 juramentis
1027 1444 1034 1478 ε
1047 1439 1078 1478 ac
1091 1439 1121 1478 se
1130 1440 1178 1499 per
1190 1419 1260 1479 hanc
1270 1419 1467 1482 hebdomadam
1478 1421 1512 1482 de
1519 1423 1598 1503 jura·

101 1513 251 1574 Secundam
268 1510 410 1571 homiliam
426 1509 528 1570 confert
548 1506 740 1567 Tillemontius
756 1505 802 1565 vel
855 1509 1102 1571 mentisdictnrum
1114 1532 1170 1571 csse
1182 1513 1354 1586 praenuntiat.

69 1605 97 1664 in
108 1606 202 1665 leriam
215 1605 338 1685 quintam
352 1604 395 1666 rel
409 1602 438 1662 in
449 1601 592 1662 sabbatum
602 1614 663 1661 ante
675 1599 801 1673 Quadra·
895 1601 1017 1663 Humilia
1031 1603 1126 1681 quinta
1140 1602 1187 1664 die
1198 1605 1332 1682 sequenti,
1350 1619 1380 1665 nt
1391 1605 1450 1686 ipse
1462 1606 1518 1683 ait,
1532 1628 1596 1688 pro·

58 1699 209 1777 gesimam:
224 1697 309 1756 tutius
323 1716 388 1759 vero
405 1695 513 1756 dicatur
526 1693 570 1754 his
585 1693 692 1753 circiter
704 1691 801 1751 diebus
854 1695 978 1755 nuntiata
988 1697 1052 1768 luit,
1065 1717 1162 1776 nempe
1172 1695 1240 1756 lenia
1255 1697 1344 1758 tertia.
1356 1700 1388 1760 ln
1403 1698 1452 1758 illa
1462 1719 1600 1759 erumno-

58 1791 180 1851 habitam
187 1790 279 1862 luisse,
290 1803 393 1870 septem
405 1786 521 1863 exactis,
535 1799 566 1847 ut
575 1785 633 1866 ipse
641 1785 799 1865 Chrysnsto
853 1787 1094 1847 sos·llntiochenos
1109 1808 1161 1867 pro
1178 1807 1254 1847 more
1266 1787 1419 1850 consolatur
1432 1790 1594 1870 Chrysosto·

59 1905 121 1942 mus
139 1884 193 1956 ait,
208 1906 222 1942 a
238 1881 370 1941 seditione
388 1880 497 1952 diebus,
522 1878 623 1957 quibus
642 1899 670 1937 se
688 1876 801 1937 tacuisse
853 1899 916 1938 mus
926 1893 953 1939 et
962 1879 998 1939 ad
1011 1879 1106 1941 mortis
1115 1879 1201 1960 ipsius
1212 1893 1379 1941 contemtum
1387 1881 1552 1943 cohortatur.
1564 1886 1597 1944 In

57 1979 137 2055 dicit,
152 1979 224 2059 quod
241 1978 344 2058 ingenti
355 1977 519 2054 calamitate,
533 1989 561 2035 et
570 1974 685 2057 periculi
694 1972 800 2054 magni-
852 1973 909 2034 line
927 1988 1017 2035 antem
1038 1974 1073 2035 de
1084 1975 1245 2055 juramentis
1258 1974 1378 2037 vitandis
1395 1977 1452 2056 agit
1472 1999 1548 2038 num.
1563 1982 1595 2056 ⁷,

58 2072 155 2132 tudine
167 2069 326 2132 consternati
340 2069 511 2144 Antiocheui,
524 2089 577 2129 noo
593 2081 678 2127 essent
692 2065 801 2125 audien·
852 2088 885 2128 ac
897 2067 1107 2149 praecedentium
1119 2068 1340 2147 sequentiumque
1352 2069 1527 2130 homiliarum
1542 2072 1596 2130 ali·

58 2163 103 2223 dis
117 2163 289 2224 concionibus
306 2161 405 2222 idonei.
423 2161 468 2221 Ob
486 2160 633 2240 neglectam
651 2177 733 2239 porro
744 2157 800 2216 lra-
851 2180 933 2238 quem
947 2159 1053 2219 inducit
1065 2157 1190 2218 ordinem
1205 2157 1249 2217 his
1259 2159 1367 2219 verbis:
1382 2185 1397 2216 e
1410 2161 1534 2221 Primum
1546 2163 1597 2241 igi·

61 2271 135 2316 trum
154 2255 400 2335 blasphemantium
416 2251 630 2313 emendationem
650 2251 708 2309 hare
728 2248 799 2308 mala
853 2265 899 2311 tor
916 2251 1034 2312 auditori
1054 2249 1279 2332 persuadeamus,
1297 2264 1330 2310 ut
1347 2274 1364 2311 a
1379 2254 1596 2333 juramentorum

58 2347 192 2406 divinitus
207 2346 276 2405 dicit
291 2346 420 2406 immissa.
437 2348 560 2420 Quorum
574 2356 716 2424 postquam
729 2341 800 2402 ima·
851 2347 917 2426 luga
935 2345 1111 2405 mutationem
1130 2342 1244 2423 incipiat
1260 2368 1269 2402 r
1291 2345 1341 2406 etsi
1355 2346 1427 2406 enim
1440 2346 1597 2408 nudiuster-

58 2445 150 2518 ginem
166 2439 300 2518 eleganter
315 2438 474 2519 descripsit,
489 2436 525 2496 de
538 2435 655 2514 divitiis,
671 2433 706 2494 de
723 2433 799 2496 divi·
853 2438 908 2500 tius
921 2438 973 2497 hac
987 2436 1023 2497 de
1039 2458 1069 2496 re
1081 2437 1160 2496 vobis
1172 2435 1301 2514 loquutus
1317 2459 1392 2513 sum,
1405 2459 1493 2517 neque
1504 2453 1594 2500 tamen

10 2546 48 2586 ¹⁰⁷
60 2534 159 2592 tiarnm
175 2554 237 2606 usu,
254 2532 341 2610 deque
360 2531 528 2611 eleemosyna
546 2543 572 2589 et
592 2527 628 2588 de
643 2540 800 2608 paupertate
853 2531 936 2593 hodie
953 2530 1091 2602 desistam,
1111 2549 1196 2608 neque
1212 2548 1282 2606 cras,
1297 2550 1383 2609 neque
1394 2531 1533 2611 perendie,
1550 2553 1597 2592 ea·

58 2624 185 2705 pluribus
201 2623 384 2695 concionatus,
396 2622 545 2682 orationem
559 2618 670 2679 claudit.
852 2624 915 2685 dem
929 2644 1046 2683 monere.
1061 2648 1076 2680 a

100 2716 191 2776 Tertia
206 2715 319 2775 bomilia
333 2714 479 2775 secundam
496 2712 637 2792 evestigio
655 2711 799 2789 sequitur:
894 2719 1014 2780 Homilia
1031 2734 1115 2794 sexta,
1130 2720 1196 2780 seria
1215 2731 1312 2799 quarta
1333 2716 1428 2796 prima
1441 2715 1596 2777 hebdomo.

58 2807 134 2868 illam
144 2830 208 2868 vero
220 2808 340 2868 habitam
351 2820 477 2889 putamus
488 2826 550 2865 cum
561 2805 737 2865 Tillemoutio
745 2805 800 2865 Do·
852 2812 896 2872 dio
914 2812 1019 2887 habito,
1040 2812 1247 2872 consolationem
1265 2808 1374 2868 afflictio
1393 2808 1528 2889 imponit,
1545 2809 1597 2869 bo.

58 2900 159 2960 minica
171 2900 418 2980 Quinquagasimae,
433 2912 464 2958 ut
478 2897 609 2958 hodierno
620 2917 694 2956 more
704 2897 800 2975 loqua·
852 2924 916 2963 oom
925 2924 1016 2963 rernm
1027 2903 1202 2963 intonationem
1212 2921 1319 2983 sperare
1325 2900 1419 2980 jubet:
1429 2920 1519 2959 moras
1528 2920 1595 2960 nun·

58 3013 129 3052 rnur.
148 2992 244 3072 Agitur
260 2992 296 3052 de
314 2992 476 3073 profectione
494 2989 617 3050 Flaviani
637 2989 799 3049 Antiocheni
851 2997 908 3069 tiis,
921 2997 971 3076 qui
983 2995 1143 3057 seditionem
1158 2994 1354 3055 Antiochenam
1365 2992 1525 3073 imperatori
1535 3014 1596 3053 ooo.

56 3083 176 3163 episcopi
185 3082 437 3162 Constantinopolin
446 3082 481 3141 ad
492 3083 684 3162 Imperatorem
693 3081 800 3162 placao·
851 3089 939 3151 rorori
959 3102 1045 3165 orant,
1067 3108 1084 3147 a
1104 3090 1161 3147 Deo
1179 3087 1314 3147 immissas
1333 3085 1416 3157 dicit,
1435 3098 1516 3164 atque
1534 3083 1597 3144 inde

55 3175 124 3234 dum
141 3199 148 3232 ε
165 3189 191 3236 et
202 3177 241 3235 rei
252 3175 318 3236 bene
331 3173 453 3253 gerenda
470 3195 517 3255 spe
530 3173 665 3254 populum
677 3173 799 3234 consola·
852 3202 927 3263 spem
941 3181 1039 3241 honam
1050 3179 1224 3240 auditoribus
1236 3179 1324 3250 affert,
1334 3191 1359 3236 et
1370 3176 1406 3236 de
1418 3176 1523 3236 reuiaa
1535 3177 1595 3237 Fla·

56 3282 103 3327 tur
116 3267 336 3348 Chrysostomus.
353 3266 484 3326 Pluribus
496 3265 594 3326 deiude
606 3279 799 3326 commonstrat
850 3276 932 3336 viano
949 3274 1075 3355 episcopo
1092 3270 1262 3352 impetranda
1282 3269 1413 3330 fiduciam
1432 3268 1532 3329 habere
1546 3269 1595 3348 jo.

53 3359 163 3441 jejunii,
183 3359 235 3418 nisi
252 3381 268 3416 a
290 3358 357 3417 vitio
377 3357 561 3432 abstineatur,
582 3357 726 3418 utilitatem
743 3379 800 3419 csse
850 3369 906 3429 bet.
922 3369 1068 3443 Postquam
1081 3384 1146 3423 vero
1161 3362 1196 3423 de
1208 3375 1359 3423 mortemon
1372 3360 1491 3420 timenda
1503 3359 1593 3420 dissc-

56 3451 170 3510 nullam.
190 3452 336 3528 Postquam
355 3470 420 3510 vern
442 3447 477 3508 de
499 3447 665 3510 detractione
688 3449 799 3510 vitanda
851 3458 917 3529 ruit,
929 3454 1226 3534 adversusjurameuta
1238 3472 1289 3531 pro
1304 3450 1524 3527 moreloquitur.

56 3561 142 3622 pauca
156 3540 274 3616 dixerat,
293 3540 471 3600 calamitatem
490 3553 647 3621 presentem
663 3539 798 3621 deplorat,
892 3547 1011 3608 Homilia
1022 3546 1136 3626 septima
1151 3543 1198 3603 die
1208 3542 1338 3621 sequenti,
1354 3555 1385 3600 nt
1397 3540 1493 3599 multis
1504 3561 1540 3600 εχ
1553 3541 1595 3599 to.

55 3648 83 3696 et
94 3633 282 3695 intolerantius
290 3632 416 3721 savium
427 3653 483 3693 ese
491 3645 600 3691 norati
614 3632 799 3711 «mquidem
852 3642 891 3703 eis
910 3655 936 3701 er
948 3639 1020 3700 noris
1032 3637 1170 3716 liquidum
1187 3651 1237 3708 esi,
1252 3633 1362 3695 henin:
1379 3634 1595 3716 Eentmqmn-

55 3730 136 3805 lerro,
147 3727 245 3807 iuquit,
258 3726 300 3786 illi
311 3726 385 3806 igue,
398 3726 510 3805 quidam
520 3725 614 3787 bestiis
625 3725 721 3786 traditi
732 3748 799 3808 per·
851 3748 915 3797 tom
921 3734 1010 3803 dem,
1019 3728 1333 3810 iuquitChrysoatomus,
1341 3728 1455 3806 agimus
1461 3739 1594 3786 vernam
1644 3771 1647 3777 ,

55 3823 160 3893 ierunt,
176 3842 229 3881 non
242 3820 296 3880 viri
309 3832 432 3895 tantum,
444 3818 529 3880 sedet
546 3818 633 3901 pueri.
647 3820 703 3881 Nec
713 3823 800 3881 atatis
852 3827 1037 3887 consolantes
1051 3825 1215 3883 caritatem.
1236 3817 1339 3894 Quinta
1358 3838 1440 3899 porro
1457 3816 1517 3877 dias
1538 3817 1597 3876 haec

54 3914 247 3990 immaturitas,
263 3934 312 3973 nec
331 3912 426 3993 populi
441 3911 585 3988 tumultus,
599 3933 649 3972 nee
660 3913 735 3992 quod
753 3915 800 3974 lu·
852 3929 1009 3979 numeratur
1022 3911 1200 3995 incipiendoa
1215 3908 1369 3980 Dominiea,
1380 3909 1417 3968 ita
1428 3921 1459 3968 nt
1470 3908 1505 3969 de
1514 3910 1596 3989 quin·

55 4029 116 4068 rore
134 4006 270 4067 diabolico
287 4005 384 4087 perciti
401 4005 514 4084 quidam
535 4005 594 4066 haee
612 4007 735 4086 feceriut,
750 4029 800 4068 nee
850 4025 878 4072 ta
894 4008 1072 4071 hebdomadis
1081 4006 1127 4068 dic
1137 4007 1273 4086 loquatur.
1287 4003 1389 4084 Agitur
1397 4002 1444 4063 hie
1453 4002 1489 4063 de
1500 4003 1596 4083 primis

53 4099 129 4180 quod
149 4096 288 4177 vectigalis
309 4109 415 4158 exactio
438 4098 616 4159 intolerabilis
633 4114 717 4174 asset,
745 4123 799 4161 non
851 4108 986 4167 Geneseos
998 4102 1090 4164 verbis
1109 4126 1117 4162 a
1133 4105 1173 4163 In
1188 4104 1331 4180 principio
1341 4099 1415 4179 fecit
1431 4099 1512 4159 Deus
1533 4119 1592 4158 coe-

53 4205 209 4273 paupertas,
227 4210 281 4250 nou
295 4189 370 4268 quod
387 4211 529 4252 commune
546 4206 688 4274 peccatum
706 4185 797 4269 suerit,
851 4197 914 4256 lum
923 4210 951 4257 et
962 4211 1087 4265 terram3
1099 4192 1253 4272 diciturque
1262 4195 1361 4268 Deum,
1373 4211 1427 4250 non
1439 4191 1520 4250 modo
1530 4211 1594 4250 curn

53 4309 108 4348 non
118 4287 192 4366 quod
207 4285 380 4366 promiserint
393 4307 540 4366 numquam
558 4308 587 4347 se
599 4288 718 4367 amplius
733 4290 798 4350 talia
850 4288 991 4362 benefacit,
1002 4286 1050 4348 sed
1061 4288 1143 4347 etiam
1157 4305 1220 4345 curn
1233 4283 1356 4362 castigat,
1371 4282 1475 4342 bonum
1486 4302 1554 4354 esse,
1567 4295 1594 4341 et

52 4400 179 4457 uersuros,
198 4399 250 4438 non
269 4376 346 4437 aliud
365 4377 506 4458 quidpiam
528 4378 600 4458 ipsos
614 4378 733 4458 eripuit;
750 4378 796 4441 sed
846 4383 1000 4463 juramenta
1013 4379 1124 4442 vitanda
1138 4398 1196 4439 esse
1206 4397 1257 4458 pro
1270 4397 1345 4436 more
1355 4373 1432 4435 dicit.

52 4473 154 4551 absque
166 4471 246 4532 venia
263 4469 298 4531 ad
312 4470 473 4531 barathrum
488 4469 703 4548 adducebantur,
718 4473 795 4545 mili·
890 4473 1038 4533 Homiliam
1050 4485 1173 4531 octavam
1187 4480 1264 4549 putat
1277 4466 1469 4527 Tillemoutius
1481 4463 1528 4524 die
1547 4486 1592 4526 se·

53 4565 129 4625 tibus
146 4565 281 4643 utrimque
298 4563 371 4645 ipsos
393 4563 565 4642 urgentibus,
585 4576 612 4622 et
625 4564 797 4626 observanti·
848 4567 962 4648 ptimam
976 4564 1116 4625 homiliam
1130 4573 1265 4638 sequente,
1277 4559 1307 4618 id
1318 4572 1368 4628 est,
1381 4557 1448 4617 seria
1460 4572 1535 4617 serta
1548 4557 1594 4617 di-

52 4658 105 4716 bus
117 4679 150 4717 ne
160 4657 221 4735 quis
236 4679 280 4719 eos
292 4658 418 4739 eriperet.
434 4656 471 4717 Et
491 4656 674 4736 sequachantur
687 4674 794 4735 matres,
847 4672 917 4720 ctam
936 4656 1029 4716 luisse.
1042 4657 1147 4716 Verum
1162 4650 1291 4711 reclamat
1306 4649 1529 4730 Chrysostomus,
1545 4651 1592 4728 qui

52 4749 148 4830 procul
161 4749 270 4826 quidem
282 4751 354 4811 lilios
367 4750 559 4832 conspicientes
573 4751 732 4825 abstractos,
741 4756 794 4817 -sed
846 4751 1007 4813 testificatur
1016 4747 1093 4807 initio
1102 4744 1347 4824 senpdoamuper,
1358 4763 1411 4802 nnn
1420 4756 1511 4802 autem
1520 4743 1592 4824 χθές,

50 4844 87 4902 de
106 4840 258 4901 calamitate
276 4841 402 4920 conqueri
420 4863 474 4902 noo
494 4842 622 4903 audentes
640 4867 648 4900 ε
667 4845 796 4907 allectum
847 4846 921 4917 tert,
932 4842 959 4901 iu
970 4839 1050 4911 illud,
1063 4838 1333 4916 Inprincr'piosecit
1346 4837 1429 4896 Deus
1442 4836 1548 4895 celum
1565 4851 1592 4895 et

51 4935 124 4995 enirn
135 4931 259 4993 vincebat
271 4932 398 5005 formido,
411 4947 437 4993 ct
449 4947 577 4995 naturam
585 4936 730 5016 superabat
742 4959 795 4997 rue-
848 4953 969 5010 terram,
981 4935 1064 4996 verba
1076 4933 1180 5004 secisse,
1192 4930 1266 5010 quod
1277 4930 1351 4990 haud
1362 4931 1445 4990 dubie
1454 4931 1490 4989 ad
1502 4930 1591 4991 homi·

50 5043 104 5088 tus.
123 5055 137 5080 n
153 5025 217 5085 llaec
230 5025 320 5084 omnia
332 5024 407 5084 illata
422 5040 486 5087 sunt
501 5027 675 5089 antiochenis
692 5030 763 5090 mala
779 5055 795 5092 a
846 5033 911 5092 liam
926 5029 1069 5110 septimam
1087 5025 1211 5108 pertinet.
1231 5019 1282 5083 En
1302 5024 1388 5104 igitur
1404 5024 1431 5082 in
1448 5024 1590 5083 sabbatum

51 5118 249 5192 Prnseetis,seu
259 5116 471 5197 magistratibus,
476 5134 617 5200 antequam
625 5120 796 5187 Theodosius
848 5121 1025 5199 conserenda;
1037 5119 1111 5200 quod
1124 5118 1206 5179 etiam
1219 5117 1299 5177 nobis
1311 5115 1424 5177 suadent
1436 5116 1492 5175 haec
1505 5115 1589 5175 verba

48 5208 796 5296 deseditionequidqnamaudisset,utaitibidemGhry-
847 5218 939 5278 statim
953 5229 1013 5296 post
1033 5213 1153 5285 initium,
1171 5212 1213 5270 ad
1220 5212 1312 5291 finem
1335 5212 1417 5268 nobis
1430 5215 1513 5268 venit
1533 5210 1587 5266 he-

49 5318 191 5366 instemus.
202 5303 360 5364 Orationem
371 5321 452 5383 porro
460 5301 562 5362 claudit
570 5303 719 5367 monensnt
727 5328 743 5366 a
752 5307 796 5368 de·
848 5311 980 5370 bdomrs.
1000 5310 1200 5385 Argumentum
1213 5300 1331 5361 homiliae
1344 5312 1484 5359 mutuatur
1498 5299 1535 5359 ah
1546 5298 1592 5358 his

50 5397 189 5475 tractione,
197 5396 234 5456 ab
245 5395 397 5457 inimicitiis
408 5409 434 5454 et
446 5417 460 5453 n
467 5395 794 5474 juramentisahstineaut.
847 5401 956 5463 verbis:
971 5398 1192 5462 Deambnlubat
1204 5394 1284 5454 Deus
1296 5399 1327 5452 in
1335 5392 1477 5487 paradiso
1487 5395 1519 5451 in
1530 5412 1591 5452 me·
