3714 5970
209 500 275 577 158

201 671 255 713 non
269 652 297 713 in
308 654 405 735 majori
416 653 538 730 ecclesia,
553 651 601 712 ubi
613 671 730 733 synaxes
743 652 804 713 lieri
813 651 947 729 solebant,

199 744 248 806 sed
267 744 294 804 in
307 745 418 806 ecclesia
431 747 463 808 S.
478 745 625 805 Anastasia
643 745 862 807 concionabatur.

169 907 175 920 ‚
237 839 342 898 Octava
355 838 448 898 concio
459 860 517 898 rem
531 858 643 919 prorsus
654 829 793 898 insolitam
807 837 886 898 nobis
898 858 944 898 ex·

199 929 276 994 hibet
284 943 365 1008 atque
375 930 534 991 inauditam.
545 931 625 991 Tunc
635 925 802 990 Gotthcrum
813 951 876 1011 pars
888 950 945 989 ma·

198 1022 286 1093 xima,
300 1023 348 1102 qui
362 1023 406 1087 vel
417 1022 662 1104 Cantantinopoli,
677 1022 719 1082 vel
733 1008 942 1098 circumerant,

198 1115 384 1174 Arianismnm
397 1114 577 1176 sectabantur.
601 1115 687 1174 Erant
705 1127 793 1174 tamen
809 1113 944 1175 Catholici

198 1204 285 1285 gentis
297 1205 417 1286 ejusdcm
432 1227 485 1266 non
499 1206 589 1287 pauci.
603 1206 673 1264 Cum
687 1219 777 1264 autem
791 1204 819 1264 in
832 1204 943 1266 ecclesia

197 1295 228 1358 S.
245 1297 322 1358 Pauli
337 1299 536 1371 convenissent,
547 1297 630 1379 jussit
642 1296 851 1379 Chrysostomus
866 1300 944 1360 Got-

198 1389 327 1450 tbosloca
341 1390 467 1470 quedam
481 1391 695 1472 scripturarum,
709 1412 771 1469 qnae
785 1391 812 1450 in
828 1392 943 1453 Gotthi·

197 1503 257 1543 cam
270 1483 391 1564 linguam
406 1504 540 1545 conversae
556 1484 679 1555 luerunt,
696 1482 828 1543 Gotthice
843 1484 940 1566 legere,

195 1590 223 1636 et
232 1589 322 1659 postea
337 1577 472 1638 Gotthum
485 1582 673 1659 presbyterum
696 1575 822 1636 Gotthioe
836 1579 944 1639 tundo-

197 1668 271 1729 nari.
286 1671 342 1729 Cur
353 1683 444 1729 autem
453 1669 490 1729 ita
497 1669 622 1750 jusserit,
636 1668 701 1728 satis
710 1666 829 1728 declarat
840 1671 868 1729 in
878 1691 942 1731 con-

197 1761 274 1822 cione
291 1782 373 1841 quam
389 1763 447 1843 ipse
461 1761 626 1821 continenter
645 1773 706 1841 post
726 1760 860 1820 Gottbum
881 1785 942 1844 pre·

197 1852 339 1934 sbyterum
352 1853 446 1913 eadem
463 1854 491 1912 in
505 1853 616 1913 ecclesia
636 1852 747 1927 habuit;
770 1867 801 1913 ut
816 1854 942 1918 videlicet

197 1946 306 2007 Grecos
320 1945 514 2028 philosophos,
529 1966 675 2024 eorumque
690 1943 829 2025 religionis
842 1967 940 2026 sequa·

195 2057 255 2113 oss,
268 2054 294 2099 et
306 2038 414 2101 Judaeos
427 2037 653 2119 quoque'pudore
666 2036 834 2098 suffunderet
842 2062 852 2115 3
866 2040 941 2118 quod

195 2127 262 2200 dum
275 2129 318 2189 illi
332 2130 452 2191 veritatis
466 2129 555 2189 lucem
568 2129 742 2210 respuebant,
757 2129 880 2190 barbare
893 2153 941 2213 per

194 2234 282 2282 totum
300 2201 393 2282 crheni
406 2221 526 2281 nationes
539 2220 595 2281 sole
607 2220 782 2300 fulgidiorem
796 2223 940 2303 Evangelii

193 2315 282 2376 lucem
295 2315 528 2396 amplecterentur.
549 2312 635 2374 Addit
649 2315 730 2373 etiam
744 2335 825 2388 eum,
848 2318 896 2395 qui
911 2318 939 2377 in

193 2407 288 2468 Veteri
304 2408 477 2467 Testamento
495 2407 601 2488 priinus
621 2420 731 2475 uocatus
749 2407 821 2480 snit,
845 2429 940 2490 nempe

139 2535 143 2541 ·
193 2486 392 2580 Abrahamupa,
405 2497 554 2557 barbarum
564 2498 648 2558 luisse
661 2498 688 2557 in
701 2497 791 2559 medio
805 2498 939 2561 barbaro·

193 2610 255 2648 rum
273 2603 433 2652 versantem.
455 2589 590 2650 Barbaros
604 2590 686 2650 etiam
705 2590 788 2650 luisse
806 2612 869 2668 eos,
888 2594 938 2672 qui

193 2680 297 2740 Christi
308 2680 496 2762 crtum-primi
508 2681 718 2763 annuntiarunt,
734 2682 864 2744 nimirum
878 2707 937 2747 ma-

193 2795 256 2854 gos,
271 2775 319 2855 qui
337 2795 373 2833 ex
386 2774 496 2835 Oriente
509 2788 646 2833 venerant.
663 2773 728 2833 Hac
740 2789 831 2835 autem
845 2777 938 2839 concio

192 2867 285 2928 habita
299 2867 350 2927 l'nit
362 2867 389 2946 in
401 2866 512 2926 ecclesia
524 2867 553 2940 S.
567 2866 645 2925 Pauli
658 2865 729 2926 intra
739 2866 938 2930 hebdomadam

192 2960 330 3021 Paschatis
344 2961 440 3019 lesturn
454 2960 677 3037 subsequentem,
692 2973 718 3019 et
732 2981 781 3042 per
793 2975 938 3037 octavam,

193 3065 223 3110 ut
236 3073 271 3110 ex
282 3052 417 3130 sequentis
429 3050 549 3111 homilias
560 3050 652 3126 titulo,
668 3052 703 3110 ab
716 3072 748 3111 eo
760 3052 809 3132 qui
822 3052 865 3113 his
876 3074 939 3115 con·

192 3144 316 3205 clunibus
326 3144 420 3205 aderat
430 3145 578 3226 praeutisso,
590 3143 727 3222 liquidum
740 3158 780 3204 est
788 3168 795 3202 ε
804 3144 938 3225 etiamque

192 3238 368 3298 confirmatur
385 3259 419 3297 ex
441 3237 475 3295 iis
491 3258 551 3316 quae
567 3236 644 3296 initio
662 3236 798 3316 sequentis
817 3237 938 3297 homilia

192 3329 331 3407 dicuntur.

230 3421 338 3493 Etenim
364 3443 426 3483 cum
449 3420 759 3502 constantinopolitanos
782 3423 864 3499 illos,
888 3425 936 3505 qui

190 3514 364 3573 concionibus
378 3513 435 3573 suis
447 3513 541 3574 adesse
554 3513 687 3583 solebant,
708 3514 866 3593 gravissime
881 3539 936 3598 pu-

190 3607 324 3687 pugisset,
339 3606 458 3687 ipsisque
471 3605 620 3666 molestiam
635 3621 749 3666 creasset
763 3608 791 3666 in
806 3607 852 3666 illa
868 3630 935 3670 ecn-

191 3699 285 3774 cione‚
307 3720 388 3778 quam
402 3698 429 3756 in
447 3698 590 3757 Dominica
604 3697 818 3759 Resurrecticnis
833 3701 936 3761 Christi

190 3788 335 3862 habuerat,
358 3811 391 3849 co
403 3788 477 3868 quod
497 3789 524 3847 in
537 3788 583 3846 die
601 3792 761 3848 Parasceves
772 3790 807 3849 ad
829 3792 934 3853 circen·

192 3902 253 3953 ses,
273 3895 300 3940 et
314 3881 341 3940 in
355 3880 467 3940 sabbato
483 3894 576 3939 sancto
596 3879 632 3939 ad
647 3881 789 3941 theatrales
810 3882 889 3943 ludos
908 3906 936 3944 sc

682 526 713 575 s.
739 493 1137 576 tosums'csnrsosroun
1162 518 1265 587 tart,

999 651 1102 730 Magna
1112 646 1272 713 mutim
1287 649 1357 710 hauc
1367 647 1478 724 habuit,
1490 647 1539 711 ubi
1551 650 1645 712 statim
1659 647 1744 712 andi-

998 739 1105 799 tttribus
1116 740 1283 818 gratulatur,
1291 741 1365 820 quod
1375 742 1436 802 licet
1446 757 1500 802 tam
1510 744 1628 823 graviter
1638 747 1743 827 excepti

998 829 1026 889 in
1048 831 1176 890 concione
1198 830 1244 890 illa
1264 832 1413 893 Dominirae
1435 836 1661 909 Resurrecticnis,
1674 837 1743 896 adeo

996 924 1474 986 ferventerettantouumemiterum
1483 929 1743 1008 compa1·eant.Tum

996 1035 1054 1074 sese
1064 1028 1192 1087 excusat,
1206 1015 1281 1094 quod
1290 1018 1431 1079 Dominica
1444 1018 1603 1099 precedenti
1612 1020 1742 1101 episeopo

997 1105 1112 1167 Galatiae
1129 1105 1230 1166 seniori
1250 1109 1427 1169 concionandi
1445 1109 1537 1170 locum
1550 1109 1672 1187 dederit;
1688 1110 1742 1170 ite-

996 1218 1112 1277 rumque
1122 1212 1214 1258 contra
1224 1196 1355 1260 circensds
1370 1200 1468 1274 ludos,
1482 1202 1530 1261 scd
1543 1202 1637 1264 mitius
1648 1204 1743 1265 mode·

997 1291 1136 1370 satiusque
1150 1291 1290 1371 loquitur3
1306 1315 1416 1373 remque
1429 1294 1514 1375 tangit
1525 1294 1634 1355 omnino
1643 1295 1742 1379 deplo-

996 1383 1190 1464 tandemque·
1210 1386 1351 1466 superiore
1366 1387 1411 1446 dic
1429 1386 1570 1464 Ιιιειειιιι,
1589 1388 1696 1468 inquit,
1712 1391 1741 1449 in

996 1477 1178 1559 hippodromo
1198 1480 1363 1562 contigerat,
1384 1504 1497 1562 queque
1521 1485 1556 1543 ab
1580 1485 1742 1566 hujusmodi

996 1569 1068 1631 ludis
1087 1569 1156 1632 alios
1174 1589 1294 1633 auertere
1314 1574 1434 1635 deberet.
1459 1574 1578 1648 Quidam
1597 1577 1671 1636 cuim
1692 1577 1742 1656 qui

995 1663 1126 1744 postridie
1134 1686 1246 1727 uxorem
1260 1666 1393 1726 ducturus
1402 1681 1474 1741 erat,
1485 1689 1570 1746 quum
1582 1668 1610 1727 in
1620 1670 1742 1730 stadium

995 1753 1192 1832 descendisset,
1203 1758 1238 1817 ab
1247 1758 1413 1819 irruentibus
1422 1760 1548 1819 curribus
1557 1760 1723 1842 interceptus
1729 1807 1741 1838 ,

994 1847 1144 1909 miserabili
1169 1871 1233 1910 casu
1262 1851 1349 1935 capite
1374 1865 1511 1912 truncatus
1523 1897 1534 1929 ,
1560 1866 1587 1912 et
1611 1853 1741 1923 extremis

995 1939 1123 2001 membris
1136 1942 1277 2016 abscissis,
1293 1940 1332 2004 ibi
1346 1958 1489 2005 manserat.

1033 2031 1140 2094 Deinde
1152 2034 1272 2116 explicat
1283 2036 1355 2096 illud
1364 2037 1505 2118 Evangelii
1513 2035 1636 2110 dictum,
1648 2038 1742 2097 Pater

994 2145 1074 2201 meru
1095 2146 1188 2207 usque
1209 2130 1297 2188 modo
1318 2143 1470 2212 operatur,
1488 2144 1517 2190 et
1533 2150 1587 2211 ego
1604 2150 1738 2211 operor:

996 2217 1163 2298 Arianosque
1182 2233 1210 2280 et
1227 2224 1372 2283 Anomoeos
1382 2268 1392 2296 ,
1411 2222 1498 2282 tacitis
1516 2237 1603 2282 tamen
1618 2222 1740 2284 nomini·

994 2307 1062 2383 bus,
1075 2311 1204 2373 acerrime
1216 2311 1380 2387 insectatur,
1403 2314 1519 2395 probans
1536 2315 1641 2377 Filium
1663 2316 1740 2377 Patri

994 2402 1143 2480 aequalem,
1153 2425 1215 2464 cun
1230 2404 1280 2468 illo
1291 2408 1373 2467 semel
1384 2408 1488 2489 operari
1500 2434 1508 2482 ;
1522 2409 1588 2489 quia
1600 2429 1664 2469 sero
1672 2431 1741 2489 upe-

994 2492 1062 2552 ratiu
1076 2486 1293 2577 illapeemaneus
1303 2513 1357 2577 est,
1371 2515 1446 2581 putat
1458 2501 1681 2582 Chrysostornus,
1694 2501 1740 2562 hic

994 2585 1214 2668 providentiam,
1234 2591 1323 2653 Patris
1334 2606 1361 2653 et
1381 2592 1447 2652 Filii
1468 2593 1653 2674 operationem
1666 2591 1736 2654 dici.

993 2678 1085 2764 [Hunc
1097 2700 1246 2753 sermonem
1261 2684 1368 2766 excepit
1383 2683 1494 2744 homilia
1508 2685 1536 2744 in
1549 2685 1632 2756 illud,
1643 2688 1739 2749 rtttm

991 2790 1029 2830 ex
1052 2791 1083 2831 se
1107 2779 1170 2854 ipso
1196 2777 1378 2862 nihilfecit,
1394 2765 1474 2837 Toni.
1500 2782 1530 2856 6,
1552 2775 1682 2860 12:255,
1703 2780 1739 2843 de

991 2884 1045 2942 quo
1061 2865 1112 2925 cir.
1127 2867 1314 2949 supradicta,
1337 2891 1366 2951 p.
1384 2873 1454 2946 lat,
1465 2870 1519 2936 col.
1533 2874 1576 2950 a.]

1031 2957 1063 3016 ln
1077 2979 1152 3019 more
1168 2976 1227 3021 crat
1241 2976 1271 3021 ut
1284 2962 1342 3022 bini
1356 2963 1399 3022 vel
1414 2961 1482 3025 terni
1496 2963 1590 3023 codem
1608 2962 1655 3024 die
1671 2985 1740 3025 con-

992 3045 1108 3107 tinenter
1122 3048 1237 3110 uerbum
1251 3052 1302 3112 Dei
1315 3052 1503 3134 predicarent.
1526 3054 1651 3137 idipsum
1664 3055 1739 3117 vidc-

992 3160 1053 3201 mus
1064 3142 1091 3201 in
1104 3142 1217 3205 homilia
1230 3142 1354 3224 decima,
1366 3166 1428 3226 qnae
1440 3146 1531 3208 habita
1549 3148 1601 3209 luit
1614 3150 1641 3208 in
1651 3150 1736 3211 eccle·

991 3236 1032 3299 sin
1058 3240 1202 3322 Apostoli,
1231 3255 1373 3323 postquam
1395 3263 1477 3304 senex
1504 3244 1648 3326 episcopus
1673 3259 1735 3306 ante

992 3332 1218 3414 Chryscstcmum
1236 3338 1409 3398 concionatus
1422 3340 1528 3400 suerat:
1544 3339 1734 3421 quodqueob-

990 3424 1155 3486 servandum
1166 3428 1306 3505 est,illum
1315 3451 1405 3491 senem
1414 3477 1422 3506 ,
1432 3447 1457 3491 et
1466 3454 1495 3492 se
1500 3433 1630 3512 juvenem
1640 3449 1735 3508 vocat,

990 3517 1040 3576 etsi
1058 3538 1093 3577 ex
1114 3520 1224 3601 vulgata
1243 3520 1369 3603 opinione
1387 3544 1487 3583 annum
1512 3526 1599 3586 aetads
1619 3526 1659 3586 52
1676 3528 1734 3607 jam

990 3630 1115 3671 emensus
1125 3626 1192 3674 erat.
1208 3614 1279 3691 [lum
1290 3616 1446 3697 episcopum
1461 3616 1540 3677 illum
1549 3619 1632 3678 simul
1643 3640 1733 3680 senem

991 3722 1048 3763 esee
1061 3719 1086 3763 ct
1096 3704 1225 3784 juvenem
1238 3705 1321 3784 dicit;
1335 3729 1424 3767 senem
1435 3709 1543 3788 quidem
1554 3711 1734 3792 annis,jute·

991 3813 1052 3853 nem
1065 3816 1129 3856 uero
1140 3797 1223 3856 animi
1234 3798 1328 3878 vigore
1341 3822 1348 3856 ε
1359 3800 1428 3859 nihil
1438 3799 1474 3861 de
1486 3821 1515 3860 se
1526 3801 1587 3882 ipso
1599 3802 1734 3881 loquens]

992 3891 1189 3969 Argumentum
1209 3891 1345 3953 concionis
1363 3893 1447 3952 sumit
1465 3914 1500 3953 ex
1522 3894 1574 3954 hoc
1587 3894 1734 3976 Evangelii

190 3973 382 4046 eontulissent3
410 3973 761 4033 imoexcotnmunicationis
775 3976 936 4036 sententiam
990 3979 1078 4055 dicto,
1108 3984 1210 4042 Messio
1228 3985 1346 4063 quidem
1366 3987 1476 4061 multa,
1496 3992 1623 4067 operarii
1635 4003 1734 4048 autem

97 4082 101 4092 ‘
145 4116 182 4155 ¹³5
192 4068 287 4127 sallom
302 4065 536 4125 comminatoriam
547 4063 574 4123 in
586 4064 647 4124 iilos
659 4065 813 4146 protulisset
818 4091 827 4146 5
843 4067 883 4127 illi
896 4082 935 4128 ta·
987 4081 1086 4152 pauci.
1099 4075 1200 4135 Probat
1209 4091 1298 4136 autem
1310 4092 1336 4137 et
1346 4100 1420 4139 senes
1430 4094 1456 4139 et
1468 4081 1583 4160 juvenes
1596 4083 1733 4162 operarios

192 4181 253 4221 men
276 4157 382 4241 postea,
400 4180 428 4216 re
447 4179 539 4217 secum
559 4157 628 4217 serio
650 4178 862 4239 perpensa,non
878 4159 936 4221 sine
990 4167 1118 4230 Ecclesiae
1129 4169 1279 4231 admodum
1290 4173 1370 4232 utiles
1383 4195 1450 4238 csse.
1470 4175 1622 4254 blessisquc
1636 4176 1735 4258 hujus-

191 4275 273 4331 causa
285 4274 313 4314 se
326 4252 425 4313 acriter
434 4251 570 4334 impetitos
582 4251 664 4310 luisse
675 4250 806 4323 videntes,
815 4266 841 4312 et
854 4252 934 4334 plura
990 4259 1063 4320 modi
1080 4262 1185 4323 fructus
1197 4263 1311 4324 eximios
1324 4267 1407 4325 tuisse
1421 4282 1525 4342 narrat,
1538 4281 1569 4326 ut
1584 4290 1650 4327 cum
1664 4270 1735 4329 pau.

191 4348 235 4407 his
247 4345 281 4406 de
295 4346 374 4405 rebus
390 4343 487 4404 audire
500 4345 655 4424 cupientes,
666 4344 701 4403 ad
715 4365 840 4425 magnam
854 4346 937 4406 eccle·
990 4354 1032 4412 lus
1045 4353 1164 4435 simplici
1174 4355 1259 4416 verbo
1273 4359 1464 4421 Proconsulem
1475 4380 1526 4423 ceu
1537 4381 1637 4440 sagena
1648 4362 1733 4444 cepit,

191 4432 276 4510 siam,
293 4452 323 4498 ut
337 4437 461 4498 concioni
484 4437 652 4510 interiorem,
667 4436 767 4516 ingenti
782 4458 936 4499 numerose
989 4461 1015 4506 et
1027 4467 1090 4506 cum
1104 4447 1247 4529 Philippus
1259 4450 1416 4510 eunuchum
1432 4451 1566 4513 Candacis
1584 4451 1732 4536 AEthiopiae

191 4533 336 4592 contulere.
347 4533 452 4591 Verum
465 4529 568 4590 accedit
583 4543 613 4589 ut
628 4531 675 4589 illo
688 4529 751 4607 die,
767 4552 864 4613 nempe
877 4534 934 4592 Do·
989 4538 1087 4618 reginae
1100 4537 1137 4597 ad
1152 4539 1231 4600 fidem
1245 4542 1386 4601 convertit.

192 4625 290 4683 minica
302 4638 362 4704 post
376 4623 496 4694 Pascha,
513 4623 625 4702 quidam
645 4623 748 4684 adesset
770 4646 805 4684 cx
826 4626 935 4686 Galatia
1029 4631 1176 4693 Hersiliam
1187 4654 1294 4713 quoque
1305 4634 1473 4695 undecimam
1484 4635 1579 4696 habuit
1591 4653 1734 4720 postquam

190 4716 404 4798 episcopus,vir
422 4728 480 4775 tum
504 4737 539 4774 ex
558 4731 710 4789 senectute,
727 4730 784 4776 tum
802 4719 935 4778 exanimi
989 4722 1062 4784 alius
1076 4723 1223 4784 admodum
1244 4747 1326 4786 senex
1347 4742 1480 4791 oraverat.
1500 4729 1542 4789 lbi
1566 4732 1689 4810 primum
1708 4755 1736 4794 se

191 4808 301 4868 dotibus
315 4807 492 4879 venerandus,
502 4808 545 4866 cni
557 4808 733 4869 concionandi
745 4810 831 4870 vicem
845 4810 935 4892 Chry·
989 4815 1114 4876 audiendi
1130 4819 1230 4899 cupido
1244 4821 1324 4880 coetui
1336 4821 1501 4899 gratulatur,
1515 4844 1547 4884 ac
1559 4823 1595 4885 de
1606 4825 1735 4887 Eleazaro

192 4917 325 4962 sostomus
348 4901 440 4964 cessit.
465 4900 545 4973 Quod
571 4901 706 4962 auditores
731 4903 772 4963 illi
796 4907 936 4985 aegerrime
989 4910 1060 4969 etde
1075 4911 1235 4971 lllaccabaeis
1247 4912 1321 4992 agit,
1333 4935 1450 4993 quorum
1463 4916 1561 4976 festum
1574 4917 1603 4977 in
1614 4917 1736 4981 Ecclesia

191 4986 292 5072 tuleee;
306 5017 413 5055 summo
427 4995 498 5054 enim
513 4994 700 5075 Chrysostorni
716 5017 744 5055 se
766 4996 864 5057 iterum
878 5021 935 5059 car·
990 5002 1281 5082 Constantinopolitana
1296 5005 1494 5083 celebrabatur,
1513 5022 1540 5068 et
1559 5031 1629 5088 quos
1639 5011 1737 5094 probat

191 5089 295 5170 pentis,
315 5090 369 5147 imo
396 5087 526 5159 secantis,
542 5101 572 5146 ut
596 5087 654 5169 ipsc
677 5088 714 5148 ait
738 5089 857 5164 ibidem,
883 5113 935 5150 au·
989 5095 1035 5154 ille
1045 5115 1093 5175 pro
1104 5093 1212 5154 Christo
1221 5116 1385 5176 passosessc.
1395 5099 1426 5157 ln
1439 5099 1493 5159 line
1503 5102 1644 5163 concionis
1652 5124 1737 5185 pastea

191 5181 290 5243 diendi
300 5181 433 5242 desiderio
449 5181 619 5240 tenebantur.
989 5187 1186 5248 desiderantur.

232 5275 404 5358 Quapropter
413 5274 460 5334 ille
474 5273 634 5347 Dominica,
650 5287 680 5333 ut
693 5273 801 5335 credere
818 5290 877 5352 est,
890 5298 934 5338 sc·
1032 5281 1165 5341 llactenus
1196 5278 1317 5341 vidimus
1346 5282 1435 5343 omnia
1457 5282 1566 5365 placide
1591 5301 1619 5348 et
1643 5301 1737 5371 sponte
1749 5307 1780 5354 ιι

192 5371 432 5453 quenti,aecnnda
442 5369 568 5434 videlieet
579 5383 640 5457 post
648 5370 770 5448 Pascha,
786 5371 813 5433 iu
824 5373 934 5435 ccclesia
989 5374 1115 5454 liuentia,
1130 5374 1283 5437 Eudoxiam
1304 5380 1456 5456 Augustam
1476 5376 1532 5461 piis
1544 5382 1737 5464 opernhiuin-
