3750 6052
851 520 888 616 iij

94 677 246 751 deficiens,
266 687 335 737 tum
348 673 450 736 subito
462 674 621 754 eriguntur
634 689 738 734 omnes
750 690 884 751 quorum
904 668 1011 731 studiis
1026 669 1082 732 hac
1100 675 1216 737 ratione
1235 661 1414 739 consulitur.
1435 674 1581 738 ceterum.
1602 676 1634 736 in

89 773 302 853 chrysostomo
321 790 359 832 ex
380 769 474 830 nimia
494 767 641 828 dilatione
663 764 767 846 paullo
786 765 907 844 gravius
925 765 1165 840 incommodum,
1188 790 1283 849 quam
1303 771 1335 831 in
1350 770 1418 834 aliis
1437 770 1634 852 scriptoribus

90 871 193 930 fuisset
204 868 378 929 oriturum:
395 877 469 926 sunt
479 864 562 924 enim
579 863 612 921 in
623 858 823 923 sermonibus
836 860 975 939 priorum
995 858 1191 923 rolrrminum
1202 863 1240 925 de
1253 864 1358 926 multis
1371 864 1444 928 locis
1464 864 1632 926 Bibliomm

93 963 243 1023 sententia
252 959 392 1040 prolatae,
406 977 474 1039 quae
484 955 593 1018 melius
603 968 634 1017 et
645 953 764 1035 plenius
774 953 987 1033 intelliguntur
1001 973 1039 1035 ex
1052 955 1117 1034 ipsa
1130 957 1373 1041 interpretatione
1388 960 1531 1021 librorum
1543 958 1637 1021 bibli-

94 1078 210 1131 corum,
220 1057 255 1114 in
264 1055 422 1135 postremis
429 1050 638 1113 solmninibus
651 1049 763 1128 posita3
781 1047 890 1110 deinde
907 1047 965 1109 loci
982 1051 1127 1130 precipui
1144 1050 1183 1111 de
1195 1053 1338 1115 omnibus
1349 1054 1486 1133 partibus
1497 1052 1640 1115 doctrinae

95 1151 268 1213 Christiana¹
279 1169 332 1228 per
342 1160 442 1210 totum
454 1166 562 1226 eorpus
571 1143 847 1226 chrysostomicum
859 1147 955 1226 sparsi
967 1161 1057 1217 sunt;
1072 1147 1205 1228 denique
1218 1150 1250 1208 in
1266 1163 1350 1212 tanta
1359 1172 1488 1231 operum
1501 1151 1576 1214 silva
1595 1151 1638 1213 le·

97 1248 154 1307 tori
177 1247 242 1307 sine
264 1245 411 1302 indicibus
423 1263 460 1303 eo
472 1262 535 1320 quo
545 1240 613 1304 vult
623 1244 782 1322 pervenire
791 1241 914 1304 dabitur
928 1243 1088 1306 rarissime.
1101 1242 1250 1321 Quocirca
1263 1244 1441 1322 editoribus,
1456 1247 1481 1307 si
1494 1259 1524 1306 et
1537 1260 1636 1307 emto-

99 1365 169 1404 rum
182 1340 347 1403 commodis
359 1340 529 1419 prospicere
548 1352 579 1399 et
589 1340 652 1400 suis
663 1361 725 1401 non
746 1360 869 1420 prorsus
891 1338 990 1401 deesse
1008 1339 1132 1414 vellent,
1147 1340 1303 1400 necessitas
1316 1340 1457 1420 imposita
1475 1353 1547 1401 erst-
1561 1361 1638 1421 opus

98 1452 249 1517 quantum
260 1447 382 1516 possent
394 1433 531 1514 urgendi.
542 1428 651 1513 Neque
662 1432 834 1513 peritissimi
844 1431 954 1494 harum
969 1451 1072 1494 rerum
1081 1431 1188 1492 arbitri
1199 1432 1361 1512 quicquam
1375 1432 1494 1494 obstare
1507 1432 1579 1494 huic
1592 1433 1638 1493 irr-

100 1534 206 1593 stituto
225 1529 453 1612 judicaveram
469 1549 541 1588 nam
552 1528 592 1590 ab
611 1528 762 1590 codicibus
773 1527 992 1608 manuscriptis,
1005 1540 1075 1607 post
1087 1538 1202 1588 tantam
1215 1538 1343 1609 segetem
1356 1524 1622 1590 benedictinorum
1625 1570 1636 1602 ,

100 1627 150 1687 vix
162 1628 324 1707 quicquam
337 1645 398 1688 esse
407 1622 652 1705 superandum.

137 1791 233 1872 igitur
246 1790 348 1854 recudi
361 1805 455 1873 eoepta
465 1804 509 1856 est
521 1791 615 1855 editio
621 1791 834 1855 Montiauconi
847 1791 946 1853 medio
956 1791 1017 1852 lere
1028 1810 1111 1850 enno
1122 1789 1253 1866 tethea
1262 1790 1376 1852 virium
1387 1792 1527 1853 omnimn
1538 1791 1638 1851 inten-

99 1889 192 1963 tione,
200 1901 236 1949 ut
248 1887 369 1969 plagula
381 1908 444 1949 una
458 1886 505 1950 vel
520 1891 680 1970 tiipaginae
693 1891 801 1951 veteris
809 1887 948 1951 editionis
968 1882 1197 1946 absolverentur
1212 1882 1360 1964 quotidie.
1379 1886 1459 1948 curu
1469 1906 1586 1966 semper
1597 1885 1637 1946 ad

101 2002 226 2043 manum
240 1995 315 2042 esset
336 1981 501 2057 Sariliana,
519 1981 591 2044 inde
599 1983 638 2043 ab
649 1986 714 2063 ipso
727 1985 814 2043 initio
824 1983 855 2042 in
870 1981 1025 2053 omnihus,
1037 2000 1105 2063 quae
1114 1979 1209 2041 dubia
1218 1994 1305 2041 erant
1317 2026 1326 2057 ,
1339 1979 1574 2042 consulebatur:
1587 1981 1638 2042 sed

100 2076 329 2152 Montsauconn,
344 2089 450 2156 praeter
462 2076 541 2137 lranc
555 2077 721 2138 editionem
733 2076 838 2138 multis
851 2075 991 2137 subsidiis
1000 2077 1158 2148 instructo,
1172 2076 1272 2154 potior
1282 2073 1356 2137 sides
1370 2074 1475 2137 haberi
1488 2075 1616 2138 debebat
1630 2121 1638 2148 ,

101 2173 159 2232 nisi
170 2173 201 2231 in
215 2170 348 2251 lapsibus
362 2170 537 2251 manifestis.
554 2170 672 2232 Sensim
685 2172 838 2252 apparuit,
852 2192 889 2233 ea
901 2169 1092 2245 Moreiliana,
1107 2188 1175 2250 quae
1198 2170 1363 2250 typotiretis
1375 2170 1484 2232 tradita
1494 2171 1592 2233 iuerat
1602 2171 1642 2232 ab

102 2267 332 2342 hlonifnucorro,
340 2265 438 2327 multa
451 2268 557 2329 vitiosa
568 2266 673 2328 relicta
684 2287 759 2342 esse,
767 2266 825 2328 hoc
837 2267 904 2327 viro
912 2265 996 2326 haud
1005 2264 1097 2326 dubie
1106 2265 1213 2326 invito.
1224 2265 1272 2325 Ob
1281 2264 1360 2326 hanc
1370 2286 1435 2326 rem
1440 2278 1472 2329 et
1476 2266 1643 2327 accuratio·

104 2383 175 2422 uem
188 2362 330 2422 eximiam
345 2359 502 2423 Sarilianae
521 2361 672 2437 editionis,
686 2382 781 2441 quam
791 2358 950 2441 paullatim
962 2360 1227 2440 cognoscebamus,
1246 2358 1441 2439 procedentes
1453 2361 1643 2440 frequentius

103 2478 139 2515 ea
166 2455 349 2531 utebamur,
384 2477 610 2536 nonnunquam
632 2454 674 2517 ad
697 2455 825 2518 verbum
847 2455 1043 2517 conferentes.
1079 2455 1120 2516 Et
1139 2475 1176 2515 ex
1203 2454 1262 2516 iroe
1281 2455 1365 2516 fonte
1388 2458 1418 2516 in
1442 2469 1542 2519 totum
1562 2478 1643 2538 opus

103 2551 352 2612 emendationurrr
373 2552 476 2632 plures
488 2552 618 2632 μυριάδας
630 2551 844 2628 derivavimus,
854 2549 934 2611 iliud
946 2549 1059 2630 ubique
1078 2548 1307 2630 diligentissime
1317 2562 1497 2630 spectantes,
1518 2552 1643 2632 nequid

104 2667 233 2725 usquam
254 2659 442 2706 mutaremus
464 2645 549 2724 quod
560 2658 615 2708 aut
624 2667 733 2709 sanum
744 2657 894 2722 esset,aut
907 2658 1004 2728 posset
1012 2645 1117 2726 aliquo
1125 2643 1218 2706 modo
1227 2667 1289 2707 non
1301 2646 1393 2708 nimis
1401 2646 1642 2726 improbabiliter

104 2740 237 2802 delendi.
253 2739 312 2801 Sed
335 2762 373 2802 ne
394 2740 432 2802 de
451 2742 595 2804 omnibus
610 2742 719 2804 diserte
735 2762 929 2804 moneremus
941 2741 1042 2801 antei
1055 2752 1157 2802 nostm
1167 2754 1269 2802 mente
1282 2741 1417 2802 criticam
1426 2740 1641 2817 lectitaremus,

75 2887 77 2892 .
104 2838 167 2915 ipsa
173 2834 221 2895 lex
231 2836 341 2916 operis,
351 2838 495 2916 temporis
504 2837 635 2899 brevitas
645 2849 676 2897 et
685 2849 851 2917 angustum
862 2838 994 2917 spatium
1002 2835 1437 2899 annotationibrmconeessum
1447 2838 1642 2918 impediebat.

104 2929 224 2991 Tamen
231 2929 487 3011 quandocumque
496 2932 551 2993 otii
561 2930 679 3012 aliquid
689 2930 867 2993 nascebatur
888 2953 942 3013 per
955 2931 1182 3012 typothetarum
1205 2930 1426 2993 festinationem
1451 2930 1645 3012 aliquantum

106 3026 279 3102 inhibitam,
293 3029 384 3088 etiarn
393 3027 452 3089 olis
465 3041 571 3107 preter
584 3027 732 3091 Sarilium
745 3025 858 3089 auxilia
871 3025 1196 3104 circmuspiciebamus.
1212 3023 1260 3086 Sic
1269 3024 1332 3102 iarn
1343 3027 1376 3085 in
1386 3027 1494 3104 primis
1512 3025 1646 3088 volumi·

107 3120 209 3197 nibus,
217 3141 285 3201 quae
295 3120 492 3183 fervidissime
503 3121 701 3201 urgebantur,
711 3121 851 3181 Sinuerus
860 3122 971 3201 passim
978 3119 1093 3182 codices
1103 3119 1257 3183 consuluit
1266 3135 1296 3181 et
1305 3119 1439 3201 plurima
1447 3140 1484 3180 ex
1496 3122 1533 3183 iis
1543 3143 1647 3183 emen·

106 3216 208 3290 davit,
228 3214 376 3276 nonnulla
387 3236 466 3278 nova
478 3215 607 3276 addidit.
623 3214 787 3276 Paullatim
798 3227 896 3295 partes
914 3215 1063 3292 cujusque
1075 3215 1107 3274 in
1120 3211 1179 3274 hoc
1191 3234 1282 3294 opere
1292 3215 1414 3294 agendae
1424 3217 1466 3275 ita
1482 3215 1646 3277 distribue·

107 3310 232 3384 bantur,
253 3321 288 3368 ut
309 3309 467 3389 aliquanto
488 3307 564 3415 play
580 3310 724 3389 temporis
736 3309 770 3369 in
793 3307 969 3388 corrigendo
982 3306 1132 3387 exemplo,
1147 3308 1232 3388 quod
1255 3309 1420 3389 typothetis
1444 3309 1642 3384 tradebatur,

108 3416 206 3484 posset
225 3404 347 3463 insumi.
361 3404 462 3481 Quam
476 3424 541 3465 reru
554 3424 624 3465 rum
648 3402 840 3466 utilissimam
857 3424 921 3465 esse
944 3403 1027 3483 operi
1049 3414 1206 3462 cernerent
1217 3400 1346 3479 librarii,
1358 3406 1422 3482 jam
1435 3425 1498 3464 non
1514 3404 1647 3484 amplius

40 3510 48 3529 ·
107 3508 275 3558 metuentes
287 3517 327 3557 ne
339 3496 377 3559 de
389 3497 574 3561 absolvendo
583 3499 703 3579 incepto
716 3496 906 3561 dubitaretur
923 3541 932 3573 ,
946 3496 1113 3558 editoribus
1126 3495 1219 3576 paulo
1230 3495 1298 3576 plus
1314 3499 1369 3557 otii
1381 3513 1598 3574 concesseruut,
1610 3520 1647 3563 eo

107 3593 231 3674 quidem
251 3595 346 3673 magis
358 3596 569 3666 necessarimm
586 3615 650 3675 quo
669 3594 928 3674 trequenuusjam
941 3594 974 3652 iu
986 3590 1147 3672 postremis
1156 3588 1365 3653 voluminibus
1378 3591 1651 3657 Benedictinorum.

107 3687 263 3767 diligentia
276 3686 442 3752 deficiebat.
457 3691 522 3751 Hoc
534 3690 627 3768 igitur
637 3689 720 3764 otio,
736 3687 827 3749 sedet
838 3687 905 3767 ipso
913 3689 984 3751 satis
992 3688 1217 3766 circumscripto
1227 3729 1236 3761 ,
1245 3685 1288 3747 ita
1298 3706 1372 3749 usus
1382 3708 1471 3760 sum,
1485 3701 1646 3769 postquam

107 3782 145 3845 ab
157 3797 263 3845 octavo
281 3782 448 3859 volumine,
468 3780 610 3845 curanda·
621 3783 763 3869 editionis
772 3804 887 3847 munus
900 3782 979 3845 mihi
990 3794 1022 3845 et
1034 3779 1172 3841 nermo
1190 3780 1329 3843 relietum
1339 3795 1385 3855 est
1400 3794 1500 3845 totum
1510 3829 1519 3860 ,
1531 3796 1568 3845 ut
1579 3785 1647 3864 pri·

108 3898 195 3938 mum
206 3875 390 3938 Sardianam
400 3876 577 3954 editionem,
589 3879 711 3957 penitus
722 3878 843 3965 cognita
857 3878 923 3955 ejus
935 3876 1107 3958 praeeuntia
1120 3876 1241 3954 critica,
1257 3874 1298 3937 ad
1311 3875 1439 3939 verbum
1452 3892 1622 3941 excuterem
1636 3903 1644 3951 ς

107 3971 217 4032 deinde
231 3971 358 4048 codices,
378 3983 472 4051 prout
490 3973 534 4033 rei
560 3984 670 4035 natura
685 3972 817 4049 ferebat,
837 3971 885 4035 vel
899 3972 1066 4033 conferrem
1080 3983 1175 4046 totos,
1197 3969 1245 4033 rel
1262 3971 1317 4033 ubi
1333 3971 1492 4052 oportebat
1503 3973 1645 4035 consule-

108 4088 187 4138 r·ern;
204 4067 336 4147 denique
353 4068 385 4126 in
398 4069 535 4129 oratione
545 4065 750 4148 chrysostomi
765 4066 955 4128 emendanda
970 4078 1087 4127 eertum
1100 4078 1131 4127 et
1143 4064 1345 4128 deliberatum
1367 4066 1496 4128 modurn
1508 4066 1640 4128 adhibe-

109 4183 186 4236 rem,
201 4163 289 4238 cujus
302 4163 385 4221 ratio·
394 4160 576 4242 plerumque
589 4160 726 4224 redditur
739 4163 772 4222 in
781 4162 867 4224 brevi
881 4163 1084 4226 annotatione.

150 4292 322 4372 Antequam
336 4290 489 4371 sigillatim
495 4312 713 4373 persequamur
726 4292 803 4375 quid
817 4293 929 4356 noviirr
943 4312 1130 4374 unoquoque
1139 4291 1295 4354 volumine
1306 4314 1358 4374 pcr
1367 4294 1463 4373 operis
1472 4305 1609 4354 naturam
1616 4307 1646 4355 et

109 4387 217 4450 edendi
230 4389 379 4449 rationem
389 4385 476 4449 nobis
485 4408 659 4450 conoessum
667 4389 758 4452 luerit
770 4402 918 4470 prestare,
927 4386 1142 4468 exponendum
1154 4399 1199 4448 est
1209 4387 1286 4467 quid
1297 4408 1353 4467 per
1363 4399 1463 4447 totum
1475 4408 1551 4467 opus
1573 4409 1644 4448 con·

108 4496 221 4544 stanter
231 4483 464 4564 spectaverimus
482 4526 491 4557 ,
520 4496 551 4545 et
558 4482 699 4564 aequabili
709 4482 868 4547 seremodo
877 4486 968 4565 egisse
977 4480 1239 4544 nobisvidearnur.
1258 4482 1362 4542 Primo
1372 4480 1439 4542 loco
1447 4495 1513 4557 est,
1535 4482 1645 4563 dequo

108 4576 212 4658 paullo
225 4591 294 4638 ante
308 4576 465 4655 diximus,
480 4596 550 4637 usur
563 4575 696 4638 editionis
708 4577 826 4639 Sacilir'.
841 4578 935 4660 isper
951 4579 1092 4639 universa
1107 4565 1265 4636 'volumina
1275 4575 1436 4636 duodecim
1452 4576 1645 4641 Montiauco-

109 4675 201 4734 niano
212 4673 296 4753 operi
308 4671 523 4755 incredibiliter
535 4673 663 4754 profuitt
675 4672 727 4734 sed
737 4674 903 4754 quominus
911 4672 951 4734 ab
961 4672 1027 4752 ipso
1037 4670 1140 4732 statim
1149 4670 1238 4731 initio
1248 4683 1278 4731 et
1286 4670 1404 4750 ubique
1412 4673 1533 4752 penitus
1542 4675 1645 4735 omnia

108 4765 304 4828 erSaviliana
314 4779 594 4843 transumerentur,
608 4767 721 4849 quibus
731 4768 887 4831 emendari
893 4769 1027 4850 potuerit
1037 4766 1285 4846 chrysostomus,
1309 4766 1424 4828 obstitit
1438 4769 1538 4848 primo
1550 4767 1646 4830 diser·

110 4878 178 4924 tum
191 4862 399 4923 testimonium
410 4861 676 4926 Benedictirrorum
684 4863 724 4927 de
734 4863 910 4931 melioribus
921 4879 951 4927 et
958 4860 1174 4942 copiosioribus
1186 4858 1338 4938 subsidiis,
1353 4883 1390 4922 ex
1403 4863 1517 4942 quibus
1528 4884 1559 4924 se
1570 4907 1578 4938 ,
1591 4862 1649 4924 ad·

110 4965 236 5040 jurante
245 4959 369 5037 Sarilio,
380 4963 546 5024 orationem
551 4962 824 5045 Chrysostomicam
833 4966 1021 5027 constituisse
1029 4964 1225 5045 profitentur,
1234 4962 1343 5025 deiude
1354 4967 1452 5045 operis
1462 4965 1648 5041 institutum,

113 5056 195 5136 quod
208 5055 460 5119 Montiauconum
473 5078 534 5138 prae
546 5078 577 5121 se
591 5055 701 5135 terret,
715 5079 777 5121 non
794 5057 961 5135 Sariliurn,
986 5058 1063 5120 adeo
1088 5070 1125 5118 ut
1149 5078 1204 5120 nos
1215 5078 1292 5138 saepe
1300 5079 1354 5139 per
1362 5060 1463 5139 priora
1476 5056 1647 5132 volumina,

114 5150 162 5211 vei
178 5153 309 5214 maxime
320 5151 482 5233 probantes
496 5167 611 5215 testum
631 5152 733 5217 Savilii
747 5198 756 5231 ,
774 5153 814 5215 ab
824 5172 861 5216 eo
872 5154 1088 5216 abstinendum
1102 5172 1164 5215 esse
1184 5155 1408 5233 putaverimus,
1422 5154 1480 5214 nisi
1491 5154 1648 5214 manifesto

115 5248 234 5327 cognito
249 5268 360 5321 error·e;
372 5247 469 5310 donec
478 5248 569 5331 longo
582 5269 640 5311 usu
653 5262 683 5310 et
695 5250 891 5328 antiquorum
905 5248 1043 5311 codicum
1057 5250 1233 5312 auctoritate
1239 5248 1362 5311 tandem
1375 5269 1411 5310 eo
1421 5247 1567 5328 compulsi
1580 5267 1651 5311 esse·
