3750 6052
727 535 817 585 nuuc
839 506 974 585 'rutarum
1001 534 1200 587 snoruara.
1649 548 1718 621 riq

131 679 167 748 ³7·
182 666 287 733 Meletii
294 663 526 738 communionem,
536 658 611 741 quod
619 659 655 720 ah
663 660 772 722 Ananis
780 660 808 721 iu
818 659 922 741 episco·
977 658 1038 720 dela
1051 682 1176 741 vanaque
1193 663 1301 725 fallacia
1314 665 1342 726 in
1358 667 1524 748 profundum
1537 671 1613 731 exitii
1624 671 1716 736 alidu-

182 785 249 847 pum
259 774 399 843 cooptatus
407 757 501 818 inisset
508 802 517 833 ,
525 754 699 836 respuebant,
712 753 829 815 semtuda
840 754 923 815 hlele-
977 751 1030 829 cit3
1043 752 1182 834 ideoquea
1193 756 1320 819 Patribus
1330 760 1430 839 ejectus
1438 776 1494 833 est,
1507 765 1717 847 maximebujus

182 861 337 933 tianorum,
351 854 455 916 scilicet
467 849 922 928 Catholieorum,qnih1eletinm,
977 846 1126 925 magister,
1141 850 1188 928 qui
1200 864 1306 932 partem
1322 852 1450 915 Ecclesiae
1468 858 1607 919 abscidit:
1623 863 1718 920 sinaut

181 952 232 1015 etsi
250 952 286 1012 ab
308 947 416 1009 Arianis
434 944 609 1019 ordinatum,
635 956 729 1023 utpote
750 942 922 1004 Catholicum
977 937 1122 1000 Paulinum
1133 954 1180 999 ant
1192 942 1391 1023 Apollinarium
1405 946 1557 1028 designaut.
1572 975 1587 1006 o
1630 999 1635 1008 .

181 1044 432 1121 sanctissimumque
439 1039 529 1100 sirum
534 1081 543 1113 ,
552 1036 733 1115 sequebantur
742 1060 749 1094 ι
759 1037 837 1096 tertia
845 1035 923 1095 Aria-
1016 1033 1080 1095 Haec
1094 1037 1173 1096 relert
1183 1038 1394 1119 chrysostomus
1405 1055 1436 1102 ut
1446 1045 1482 1103 ab
1492 1045 1629 1107 incondita
1639 1049 1718 1108 turba

181 1160 289 1213 norum,
300 1136 347 1217 qui
356 1155 418 1195 cum
428 1129 529 1193 Euroio
539 1143 685 1188 conventus
694 1127 819 1207 agebant.
830 1129 924 1187 Hacte-
976 1130 1079 1186 non-ita
1089 1143 1213 1191 accurate
1222 1131 1400 1200 dicebantur:
1412 1139 1512 1218 etquis
1523 1160 1576 1200 non
1587 1162 1649 1200 raro
1661 1142 1718 1221 ple.

181 1253 233 1292 nus
246 1244 335 1290 tamen
346 1223 452 1287 nonnisi
461 1221 518 1282 dno
529 1220 649 1301 episcopi
663 1219 815 1280 Antiochire
828 1234 923 1290 eraut,
960 1215 1036 1278 ‘heia
1063 1219 1223 1301 hujusmodi
1249 1226 1370 1286 convicia
1397 1241 1423 1288 et
1448 1230 1522 1291 dicta
1547 1233 1719 1314 peregrinum

181 1322 311 1384 nimirum
333 1340 369 1379 ex
392 1328 467 1399 parte
486 1313 688 1376 Catholinorum
713 1312 862 1390 Moluius,
888 1331 923 1370 ex
977 1312 1099 1372 sonantia
1111 1315 1225 1375 orationi
1237 1317 1539 1398 intermiscentur,haee
1547 1325 1720 1384 couciomul·

182 1415 343 1474 Arianorum
367 1429 432 1470 vero
458 1419 537 1489 parte
561 1404 680 1465 Eumius
701 1429 708 1465 ι
731 1425 795 1464 nam
821 1405 940 1465 Eusta-'
978 1403 1053 1463 tisin
1066 1405 1132 1464 loeis
1146 1427 1199 1466 non
1213 1409 1368 1489 pariatque
1384 1426 1485 1473 ceterae
1498 1415 1629 1495 elegantia
1647 1415 1719 1474 dicta

180 1507 268 1568 thierri
281 1526 344 1566 cnm
360 1502 477 1565 Paulino
496 1499 655 1581 presbytero
677 1499 788 1559 seorsim
800 1498 925 1560 collectas
978 1497 1251 1560 ridetur.llanccum
1260 1502 1721 1583 Beronioetllermantio,vertente

180 1599 307 1681 agebant.
978 1608 1050 1649 nuno
1065 1590 1125 1652 586
1138 1591 1240 1652 dictam
1257 1608 1384 1675 putamus
1394 1643 1407 1676 ,
1419 1619 1515 1678 resque
1528 1603 1638 1662 omnino
1651 1616 1722 1662 certa

220 1691 408 1766 Quamobrem
419 1686 583 1747 Athanasius
595 1681 745 1764 inSyuodo
758 1682 926 1742 Alexandri·
979 1681 1098 1744 videtur.
1124 1683 1316 1747 Tillemontius
1339 1703 1428 1750 tamen
1449 1714 1485 1753 ex
1504 1695 1575 1754 male
1596 1695 1678 1773 allato
1698 1708 1723 1754 ct

179 1803 232 1859 na,
245 1803 316 1842 anno
328 1783 404 1855 562,
423 1779 487 1839 totis
504 1777 611 1839 viribus
628 1775 765 1835 nitebatur
780 1788 812 1835 ut
827 1773 927 1834 Eusta·
980 1771 1116 1834 intellecto
1126 1775 1209 1856 hujus
1222 1777 1341 1840 homilias
1354 1782 1428 1857 loco,
1440 1799 1518 1865 putat
1531 1808 1590 1847 eam
1601 1787 1723 1847 habitam

180 1879 271 1940 thiani
285 1876 440 1938 Meletianis
453 1875 647 1954 jungerentur,
660 1890 807 1948 omnesque
826 1869 928 1929 Catho-
981 1865 1063 1926 luisse
1077 1881 1138 1947 post
1151 1869 1256 1929 Paulini
1279 1886 1413 1949 mortem,
1436 1890 1610 1958 postanuum
1623 1880 1725 1940 scilieet
1819 1871 1821 1875 ¹

181 1971 228 2030 lici
242 1989 329 2029 unnm
349 1965 491 2027 Meletium
504 1966 662 2045 episcopum
683 1973 876 2041 agnoscerent,
892 1958 928 2019 ad
981 1955 1049 2017 388.
1067 1958 1141 2021 Vide
1156 1961 1291 2021 hlouitum
1306 1979 1446 2042 nostrum,
1465 1969 1512 2029 nbi
1525 1972 1658 2043 sententia
1667 1976 1725 2055 ejus

180 2082 293 2141 eamque
303 2081 360 2120 rena
371 2059 471 2138 legatos
484 2057 554 2118 duos
566 2055 717 2115 Eusebium
729 2053 928 2116 vercellensem
981 2049 1146 2129 clarissime,
1160 2053 1188 2112 ni
1200 2055 1281 2114 lallor
1288 2100 1297 2129 ,
1312 2059 1472 2121 confutatur.

181 2154 355 2214 etAsterium
365 2146 656 2232 episcoposaSyuodo
666 2145 850 2206 Alexandrina
859 2146 929 2205 mitti
1022 2142 1151 2221 Quinque
1171 2142 1269 2204 diebus
1290 2148 1486 2227 posthabitam
1500 2151 1527 2211 in
1544 2154 1573 2213 S.
1594 2154 1726 2236 Philogo-
1762 2173 1789 2214 tn
1805 2169 1867 2213 uarat

181 2246 298 2306 curavit.
313 2247 417 2305 Verum
429 2241 556 2314 interim,
569 2238 637 2299 dum
647 2237 729 2318 legati
740 2238 792 2297 iter
804 2251 928 2316 agerent,
981 2234 1059 2294 nium
1073 2234 1235 2312 homiliam,
1252 2236 1281 2296 id
1299 2253 1338 2299 ast
1351 2241 1482 2321 vigesima
1499 2244 1592 2320 quinta
1612 2248 1723 2306 Decem·
1737 2233 1822 2306 ⁰¹¹¹·².⁴¹³

181 2338 291 2400 Lucifer
310 2335 480 2395 Culusitanus
498 2332 577 2412 pium
599 2329 741 2391 Athanasii
763 2327 930 2389 Alexandri·
982 2327 1055 2400 bris,
1078 2342 1108 2389 ut
1130 2327 1188 2409 ipse
1206 2330 1418 2412 Chrysostomus
1441 2329 1618 2413 testificatur,
1639 2309 1868 2420 pr,maqqq..,⁵u

181 2449 275 2507 nmque
287 2424 391 2507 Synodi
403 2423 549 2484 consilium
562 2420 779 2491 interturbarit‚
796 2419 843 2498 qui
859 2421 929 2478 Pau·
966 2420 1043 2479 'vice
1056 2419 1093 2481 de
1105 2420 1151 2481 die
1168 2422 1259 2482 Natali
1276 2423 1379 2485 Christi
1398 2427 1571 2489 concionatus
1589 2445 1639 2490 est.
1657 2433 1725 2491 Cum
1739 2419 1793 2504 Ψ·

182 2523 270 2586 linum
289 2520 318 2579 in
334 2519 492 2599 episcopum
505 2515 615 2596 allegit;
631 2514 669 2574 ita
682 2526 713 2573 ut
726 2528 780 2573 tres
791 2513 848 2594 jam
865 2512 928 2593 cpi·
983 2513 1055 2571 enim
1069 2514 1199 2574 mudum
1209 2514 1337 2577 decimus
1350 2538 1451 2578 onnus
1460 2534 1549 2594 esset,
1565 2520 1651 2602 inquit
1664 2524 1726 2591 ille,
1738 2491 1784 2536 Ἡ
1797 2489 1867 2551 ΓΜ

182 2613 263 2695 ιοιιρί4
275 2609 426 2673 Antiochia
447 2622 549 2683 essent,
564 2608 621 2667 duo
641 2605 794 2681 Catholici,
814 2620 841 2666 et
859 2627 928 2666 uuus
984 2625 1021 2664 ee
1031 2625 1089 2685 quo
1103 2607 1165 2667 dies
1174 2607 1412 2672 illeAutiochenis
1423 2617 1589 2676 innotuerat
1602 2616 1637 2674 ab
1649 2619 1727 2677 Occi·

181 2706 308 2766 Arianos.
326 2703 370 2762 Ex
389 2702 442 2762 hoc
462 2715 550 2761 autem
570 2699 773 2760 Catholicorum
789 2697 927 2776 dissidio,
983 2690 1078 2773 dente,
1096 2697 1144 2757 ubi
1159 2699 1195 2757 ab
1213 2698 1326 2760 exordio
1345 2702 1393 2762 illa
1407 2702 1453 2763 die
1466 2704 1614 2767 celebratus
1627 2708 1729 2780 luserat,

182 2796 256 2876 quod
268 2795 346 2855 anuis
358 2795 428 2855 hane
444 2793 539 2853 multis
559 2791 690 2874 perstitit,
704 2791 851 2851 innumeras
862 2790 928 2850 rixae
985 2789 1158 2849 Antiochiam
1180 2790 1298 2870 delatus,
1324 2793 1402 2854 multi
1421 2794 1495 2855 diem
1516 2799 1613 2873 festum
1632 2799 1730 2881 hujus-

183 2891 300 2951 suborto
315 2900 397 2964 sunt,
412 2885 579 2946 conmmeliae
592 2928 601 2960 ,
615 2884 746 2958 dicteria,
764 2882 927 2956 maledicta,
959 2898 962 2905 ·
984 2880 1077 2954 modi,
1101 2881 1178 2961 quasi
1201 2903 1303 2944 novum
1323 2905 1355 2944 ac
1372 2901 1491 2947 recenter
1515 2888 1656 2950 inductum
1680 2892 1730 2952 de·

183 2982 283 3061 quihus
296 3001 325 3040 se
346 2991 442 3039 mutuo
457 2977 574 3038 diversis
591 2976 692 3038 addicti
708 2976 832 3057 partibus
858 2975 931 3036 lace-
985 2972 1150 3050 trectabant;
1172 2974 1221 3034 alii
1242 2989 1331 3036 tamen
1356 2997 1455 3058 magno
1475 2999 1589 3041 numero
1616 2982 1729 3043 libenter
1831 3005 1835 3014 ·

184 3076 300 3151 rabant,
314 3070 396 3132 rebus
413 3071 503 3153 palam
518 3068 689 3130 exulceratis.
714 3067 845 3129 Paulinus
865 3088 930 3127 vero
985 3065 1166 3128 admittebant
1188 3092 1196 3127 ε
1216 3089 1300 3148 quam
1329 3068 1554 3153 disceptationem
1575 3088 1606 3136 ut
1630 3077 1730 3158 sopiret

183 3164 212 3225 in
223 3166 380 3246 episcopum
398 3161 521 3222 adlectus
533 3159 726 3221 Alexandrinae
737 3159 851 3242 synodo
863 3160 932 3220 sub-
986 3159 1215 3240 chrysostomus,
1224 3161 1273 3220 ubi
1285 3161 1419 3243 primum,
1434 3178 1577 3245 postquam
1590 3170 1731 3252 presbyter

184 3257 307 3338 scripsit,
323 3258 350 3315 iu
370 3276 425 3334 qua
448 3253 633 3333 Apollinarius
645 3251 827 3323 laodicenus,
840 3252 931 3331 qnieo
986 3251 1128 3311 ordinatos
1149 3252 1237 3311 luerat
1247 3296 1257 3329 ,
1279 3254 1397 3314 occurrit
1412 3254 1461 3315 illa
1485 3258 1644 3337 celebritas,
1660 3262 1730 3322 hanc

155 3394 158 3402 .
180 3349 330 3424 Ιιιιοιιιιιίιοι
343 3360 462 3406 oratores
475 3364 539 3404 suos
552 3345 679 3419 miserat,
694 3357 725 3403 ut
738 3343 931 3424 professionem
985 3340 1128 3402 homiliam
1148 3342 1270 3415 habuit,
1279 3357 1309 3403 ut
1323 3346 1462 3405 subortam
1475 3346 1552 3409 litem
1568 3350 1691 3420 tolleret,
1706 3368 1732 3413 et

185 3442 251 3501 fidei
271 3461 326 3500 suae
347 3439 376 3498 in
397 3450 465 3496 coetn
493 3439 606 3497 Petrum
623 3433 736 3510 darent,
748 3433 785 3494 ita
799 3448 888 3494 tamen
902 3446 933 3492 ut
987 3432 1061 3492 diem
1072 3434 1194 3493 Natalem
1208 3434 1310 3495 Christi
1325 3436 1353 3495 in
1367 3438 1526 3517 vigesimam
1538 3442 1660 3519 quintam
1674 3445 1730 3504 De-

185 3553 288 3594 erroras
301 3551 364 3590 suos
374 3527 490 3590 subdole
499 3527 658 3602 reticerent,
674 3528 703 3586 in
716 3526 933 3587 communionem
986 3525 1102 3585 cembris
1116 3524 1234 3585 incidere
1244 3526 1337 3587 multis
1346 3532 1513 3608 argumentis
1524 3534 1657 3613 probaret.
1671 3538 1731 3597 Pri·

185 3623 348 3689 admittitur,
361 3621 493 3682 Paulinus
513 3634 602 3680 autem
613 3639 683 3679 anno
701 3618 761 3680 562
774 3617 932 3693 ordinatus,
986 3618 1084 3703 mouit
1097 3617 1270 3679 hanoveram
1281 3639 1338 3679 esse
1351 3620 1510 3683 sententiam
1523 3625 1567 3685 vel
1585 3625 1650 3688 inde
1665 3649 1729 3711 pro·

186 3710 728 3796 annohiiii,ve1589,finen1vivendi
748 3710 822 3770 iecit.
846 3711 933 3792 Apol·
986 3709 1115 3779 habiliter
1132 3710 1225 3792 argui,
1243 3710 1314 3790 quod
1336 3732 1537 3792 quoqueversus
1552 3717 1709 3781 denuntiata
1720 3768 1729 3796 ,

187 3810 301 3870 linarius
314 3828 395 3881 vero,
410 3808 458 3885 qui
476 3818 536 3886 post
559 3802 703 3885 Synodum
720 3803 933 3865 Alexandrinam
954 3845 961 3857 .
987 3821 1049 3861 cum
1062 3815 1136 3861 tauta
1154 3801 1290 3862 eeleritate
1305 3804 1341 3863 ab
1357 3803 1483 3865 omnihus
1501 3823 1622 3890 suscepta
1637 3812 1727 3872 luerit.

188 3923 292 3962 errores
307 3921 370 3961 suos
379 3898 523 3980 spargebat
537 3910 568 3957 ut
577 3910 657 3974 ante,
666 3896 703 3957 ab
717 3895 861 3957 Athanasio
873 3916 934 3956 con-
989 3893 1093 3954 Deinde
1104 3893 1144 3953 ait
1153 3893 1200 3953 illa
1211 3891 1256 3953 die
1266 3894 1302 3953 ab
1315 3893 1430 3956 exordio
1440 3917 1490 3977 per
1499 3910 1585 3959 toturn
1597 3903 1730 3963 Occiden-

190 3999 291 4057 lutatus
304 3996 354 4055 suit
368 4007 397 4053 ut
407 3992 557 4052 hereticus.
988 4001 1043 4046 tem
1053 3986 1217 4047 celebratum
1231 3984 1314 4046 luisse
1324 3987 1426 4048 Christi
1437 4003 1545 4064 ortum,
1559 3995 1731 4075 maximeque

231 4087 295 4147 ttae
310 4082 494 4167 premittenda
512 4095 588 4142 erant
600 4127 609 4154 ,
623 4095 653 4142 ut
671 4082 858 4164 Chrysostomi
872 4105 935 4144 seo·
988 4081 1093 4140 Rome.
1102 4078 1173 4140 Cum
1188 4093 1278 4138 autem
1293 4099 1386 4140 census
1400 4081 1510 4164 Cyrenii
1520 4085 1598 4164 jussu
1614 4092 1730 4168 Augusti

142 4205 179 4244 aon
192 4202 243 4263 pus
260 4193 287 4239 et
308 4179 380 4238 dicta
397 4176 620 4256 intelligerentur.
643 4175 781 4235 bleletiani
802 4196 865 4256 ergo
882 4177 937 4235 Ca·
989 4172 1092 4248 factus,
1108 4170 1138 4230 in
1151 4169 1305 4249 tabulisque
1318 4170 1487 4254 descriptus,
1500 4197 1580 4255 penes
1596 4180 1730 4241 Romanos

191 4273 303 4346 tlrolici,
323 4270 357 4329 de
376 4269 460 4349 vulgo
482 4268 592 4346 loquor,
615 4264 802 4326 Eustathianis
819 4266 937 4341 infensi,
990 4265 1156 4341 haberetur,
1186 4262 1250 4322 hinc
1273 4284 1368 4324 serum
1392 4285 1602 4347 germanumque
1626 4272 1731 4332 Natalis

192 4366 257 4427 hinc
268 4363 413 4424 maledicta
429 4357 581 4442 proferendi
593 4357 759 4418 occasionem
774 4360 934 4440 captabant,
990 4358 1093 4418 Christi
1112 4355 1187 4416 diem
1210 4359 1345 4416 Romanos
1369 4355 1496 4418 hausisse.
1521 4359 1605 4420 Aliud
1624 4385 1731 4444 quoquc

193 4459 266 4541 qnod
289 4457 422 4517 Paulinus
434 4452 525 4515 eidem
539 4450 727 4512 Alexandrinas
741 4452 854 4532 Synodo
866 4455 937 4513 sub·
990 4463 1179 4530 argumentum
1190 4448 1732 4534 mutuaturcxeodie,quoingrnasusest
1836 4503 1838 4507 ,

195 4553 358 4635 scripsisset,
373 4548 417 4609 cui
431 4545 626 4626 subscripserat
651 4544 732 4604 etiam
753 4545 938 4626 Apollinarius
990 4544 1018 4603 iu
1032 4543 1162 4623 templum
1174 4540 1333 4612 Zacharias,
1351 4561 1431 4619 quem
1450 4542 1653 4624 ipsc'summum
1665 4570 1731 4630 pon-

195 4645 372 4705 haemiarchs
380 4688 389 4720 ,
403 4641 518 4720 ideoque
540 4635 739 4718 Apollinarium
757 4636 864 4697 Paulini
875 4660 937 4697 ma·
992 4637 1092 4697 tilicem
1104 4648 1182 4716 putat
1200 4656 1207 4692 :
1226 4635 1366 4694 inderem
1381 4634 1515 4696 calculum
1526 4636 1617 4716 ducit,
1631 4656 1660 4703 ut
1670 4664 1731 4724 pro·

196 4733 492 4816 gistrumdictitabant.
510 4731 795 4810 Chrymstomusvero
808 4731 938 4810 quiargre
992 4732 1038 4792 het
1062 4731 1090 4790 in
1115 4727 1277 4808 vigesimam
1291 4727 1416 4806 quintam
1441 4730 1594 4792 Decembris
1616 4734 1734 4796 incidere

196 4824 343 4887 admodum
373 4826 482 4886 videbat
505 4822 655 4884 Ecclesiam
682 4822 875 4883 Antiochenam
900 4825 937 4882 ita
991 4823 1064 4883 diem
1078 4819 1335 4881 NatalemDomini.
1349 4818 1733 4910 haeserodereplurapro·

197 4917 353 4990 discissam,
363 4931 394 4977 ut
404 4914 575 4977 Catholiciin
585 4914 738 4976 Catholims
748 4929 804 4976 tam
814 4917 939 4976 atrociter
993 4914 1108 4975 tulimus
1122 4912 1149 4971 in
1163 4910 1271 4972 lllonito
1282 4912 1318 4970 T.
1332 4914 1361 4985 2,
1372 4932 1398 4993 p.
1410 4914 1484 4987 555,
1501 4917 1548 4975 ubi
1562 4918 1682 4980 videsis.

199 5014 389 5090 insurgerent,
410 5007 549 5068 auditores
574 5028 638 5068 suos
661 5007 725 5069 talia
746 5029 824 5070 ausos
848 5029 939 5090 aspere
961 4994 969 5009 ’
1034 5006 1121 5066 Erant
1143 5003 1294 5064 Antiochia
1316 5005 1428 5083 quidam
1453 5005 1488 5075 de
1510 5022 1580 5067 recta
1602 5010 1658 5071 fide
1680 5035 1731 5075 nou
1745 5016 1870 5074 concrum.

199 5103 324 5184 excipit:
344 5099 433 5163 «Sed
452 5099 521 5178 quid
536 5098 631 5160 dicunt
647 5098 709 5173 illi,
723 5124 739 5158 n
755 5101 862 5180 inquit,
879 5101 940 5161 aad
995 5100 1078 5183 probe
1089 5099 1247 5175 sentientes,
1263 5097 1310 5176 qui
1323 5097 1375 5162 hoc
1386 5098 1465 5158 Pauli
1479 5099 1581 5161 dictum
1594 5103 1621 5162 in
1638 5106 1735 5168 Eccle-

199 5216 307 5259 omnetn
335 5191 467 5254 malitiam
497 5189 631 5251 audaces?
652 5192 823 5271 llereticus,
846 5195 939 5263 aiunt,
995 5190 1791 5276 siolectum,Sr'vepernecasionem,siveperueri·T'A
1805 5206 1871 5270 pso·

201 5290 248 5351 ille
261 5289 348 5348 laetus
360 5299 417 5359 est,
437 5282 632 5344 inhabitantem
648 5283 729 5345 habet
743 5286 902 5360 diabolum,
918 5303 944 5348 ct
997 5302 1089 5347 tutem
1101 5284 1232 5345 Christus
1242 5287 1449 5355 nuorentietnr,
1462 5297 1488 5343 et
1499 5287 1530 5342 in
1540 5286 1594 5345 hor
1603 5293 1734 5368 gestelen,

203 5381 324 5464 loquitur
335 5394 427 5444 contra
439 5381 529 5462 Deum
539 5375 687 5456 nequitiam
695 5379 868 5460 ,multosque
880 5403 947 5441 sua-
1000 5382 1036 5441 ita
1062 5399 1145 5460 prave
1168 5377 1434 5458 interpretabantur,
1459 5370 1644 5454 utdicctent,
1671 5385 1736 5446 dum
