3714 5970
655 489 745 538 nuuc
771 491 903 540 aurnuns
919 462 1128 542 ‘anonnarn

99 623 183 682 quam
197 605 225 665 in
238 604 401 682 calamitate,
413 623 461 669 aut
474 624 550 669 terra·
560 625 644 686 motu,
656 613 699 672 vel
714 613 840 688 siccitate,

97 716 148 774 per
157 696 270 778 {plateas
289 699 410 760 civitatis
429 721 485 759 sua
500 715 527 761 et
544 704 775 786 Constantinopoli
789 706 845 767 cir·

100 806 255 850 cumeuutes
266 792 436 869 psallebant,
449 795 558 873 Deoque
571 797 759 877 supplicabant
774 813 803 859 ut
818 797 847 859 il-

97 881 157 939 lum
187 883 345 964 episcopum
370 883 508 947 haberent.
537 887 601 946 llaec
628 910 692 948 veru
722 889 847 950 Gerontii

97 973 231 1055 depositio
242 976 295 1034 sub
317 976 375 1035 baec
400 977 498 1040 Joanni
525 978 719 1061 chrysostomo
741 983 846 1062 objecta

98 1066 166 1140 luit,
175 1064 286 1144 quando
306 1066 352 1127 illa
367 1081 441 1145 tanta
453 1069 583 1129 adversus
597 1073 686 1152 ipsum
705 1086 847 1154 tempestas

10 1157 159 1280 ‘iiig'm
185 1170 234 1216 est.
255 1159 415 1218 Novatianis
442 1174 530 1220 autem
549 1176 575 1221 et
595 1163 847 1234 Quartodecimanis

97 1250 215 1328 aliisque
227 1251 361 1312 hereticis
377 1252 475 1312 multas
491 1253 615 1314 ccclesias
632 1255 743 1316 ademit.
758 1262 846 1337 Atque

99 1341 203 1422 Ephesi
219 1362 282 1401 cunr
304 1357 388 1417 esset,
400 1343 489 1423 inquit
508 1345 637 1421 Procles,
648 1347 733 1407 Midae
756 1351 845 1409 cultus

96 1454 229 1493 manum
244 1455 325 1494 omne
336 1435 440 1496 detexit
451 1459 459 1507 ;
472 1450 498 1495 et
514 1455 575 1496 curn
588 1438 616 1497 in
631 1438 780 1520 Phrygiam
800 1462 847 1500 ve-

97 1528 192 1605 nisset,
206 1529 291 1588 Matri
303 1531 391 1589 Deum
404 1531 514 1610 Cybele
524 1530 595 1591 filius
606 1552 698 1592 ornnes
717 1533 844 1606 abstulit,

98 1640 161 1680 cum
173 1642 270 1682 eorum
282 1622 383 1703 templa
395 1621 540 1685 destruxit.

10 1724 87 1786 ‚chrys
137 1715 274 1774 Reversus
287 1714 497 1797 Chrysostomus
506 1739 542 1777 ex
552 1718 612 1778 hsia
625 1720 702 1798 quasi
715 1741 751 1779 ex
764 1719 845 1800 longa

16 1792 330 1886 t·4¹¹·peregrinarione,
343 1808 371 1865 in
393 1829 447 1886 qua
469 1808 635 1889 plusquam
661 1824 768 1870 centurn
788 1811 845 1873 dies

95 1898 278 1970 iusumserat,
295 1899 425 1978 postridie
439 1901 584 1961 orationem
598 1902 695 1962 habuit
709 1902 745 1963 ad
759 1924 846 1985 popu-

95 1990 155 2049 lum
168 2010 357 2069 suum,qucnt
370 1993 484 2051 summis
499 1993 627 2054 laudibus
646 1994 752 2054 extollit
771 1995 845 2074 quod

96 2104 160 2142 cum
179 2096 256 2141 tanto
270 2080 371 2161 gaudio
392 2082 475 2143 illum
494 2085 650 2145 redeuntem
670 2088 845 2167 exceperint,

96 2173 170 2254 quod
189 2174 329 2234 civitatem
346 2187 431 2235 totam
447 2175 474 2234 in
489 2176 628 2236 ecclesiam
647 2179 842 2255 converterint,

95 2267 172 2347 quod
186 2288 250 2327 carm
268 2266 402 2326 hereticis
414 2268 552 2329 colluctati
566 2270 629 2329 sint.
647 2272 786 2350 Nusquam
798 2294 845 2332 ve-

95 2382 128 2419 ro
142 2373 250 2420 tantum
261 2357 354 2440 gaudii
365 2359 490 2420 exhibuit
502 2407 511 2440 ‚
522 2377 654 2440 quantum
669 2365 697 2423 in
711 2364 762 2424 bae
776 2386 844 2425 eon-

96 2454 186 2526 cione,
199 2453 246 2512 ubi
259 2466 329 2511 certe
343 2452 384 2512 vel
399 2453 489 2534 primo
504 2454 602 2513 intuitu
617 2456 781 2535 percipitur,
791 2477 844 2516 non

95 2545 203 2604 minore
216 2544 296 2604 illum
314 2542 448 2604 desiderio
464 2543 501 2604 ad
517 2546 624 2626 plebem
640 2548 790 2607 revertendi
800 2569 845 2608 ca·

97 2651 175 2716 ptum
187 2637 283 2709 luisse,
294 2658 376 2716 quam
390 2638 507 2718 populus
521 2651 592 2698 totus
607 2641 723 2720 pasturis
740 2639 782 2699 sui
794 2640 844 2699 ab-

96 2729 179 2788 sentis
191 2728 340 2810 recipiendi
351 2730 479 2810 cupitline
491 2730 639 2790 tenebatur.

136 2821 359 2899 Regressusvero
372 2820 550 2901 deprehendit
564 2823 741 2882 Severianum
753 2822 842 2882 Gaba·

95 2911 185 2970 lernen
200 2913 379 2993 episcopum,
394 2914 438 2972 cui
452 2913 479 2972 in
493 2914 655 2992 profectione
667 2935 714 2972 sua
732 2935 840 2994 gregem

96 3022 179 3061 suum
191 3005 447 3080 commendaverat,
460 3004 527 3063 nihil
540 3025 593 3064 nou
609 3005 695 3085 egisse
710 3020 739 3065 ut
753 3027 844 3086 popu·

95 3094 165 3165 lum,
179 3096 225 3154 cui
237 3117 308 3177 saepe
322 3096 540 3168 concionabatur,
553 3098 605 3156 sibi
621 3098 784 3174 conciliaret,
795 3111 843 3157 eta

94 3188 290 3269 Chrysostomo
305 3202 452 3260 averteret3
473 3201 571 3268 atquc,
583 3204 613 3248 ut
632 3190 793 3270 putabatur,
810 3203 840 3249 ut

93 3278 172 3337 illum
183 3300 200 3337 a
211 3300 261 3338 sua
275 3279 337 3339 sede
348 3279 522 3347 deturbaret,
535 3303 615 3361 seque
630 3282 657 3340 in
671 3283 728 3360 ejus
750 3283 841 3342 locrtm

92 3372 281 3450 substitueret,
291 3374 427 3453 jamquea
442 3374 586 3453 Serapione
599 3375 713 3434 diacono
724 3376 841 3434 monitus

93 3464 324 3544 Chrysostomus,
335 3464 403 3524 dum
426 3464 521 3524 absens
539 3481 607 3526 esset
620 3513 628 3541 ,
642 3482 701 3547 post
724 3467 842 3528 reditum

92 3577 150 3615 nm
160 3558 316 3616 accuratius
328 3557 512 3634 examinavit3
526 3578 557 3618 ac
569 3577 659 3617 veram
673 3580 729 3618 esse
744 3580 842 3638 coguu-

92 3648 144 3709 rit
152 3648 220 3706 Erat
229 3663 321 3708 autem
332 3649 495 3709 Severianus
508 3671 602 3728 genere
612 3652 842 3731 Syrus,eloquen·

92 3740 138 3798 tiae
159 3738 293 3814 studens,
310 3741 388 3818 cuijus
411 3740 537 3800 homilias
555 3742 685 3820 quasdam
698 3742 839 3821 babemus,

93 3849 212 3911 quarum
227 3832 317 3914 stylus
326 3832 430 3913 aliquid
444 3832 606 3894 inventionis
618 3856 676 3915 prae
686 3858 713 3895 se
724 3838 784 3911 lert,
794 3837 842 3897 sed

91 3929 227 4009 strigosus
240 3942 357 4011 etasper
368 3943 407 3988 est
415 3929 468 4006 ;ita
483 3946 513 3989 ut
525 3931 704 4009 eloquentiam
720 3934 777 4014 ejus
791 3935 842 3994 ser·

93 4041 166 4079 ream
180 4035 261 4080 vocet
278 4019 407 4082 Savilius.
422 4022 448 4081 ls
462 4022 552 4101 itaque
565 4036 591 4081 et
611 4023 681 4082 alius
700 4027 841 4107 episcopus

93 4114 295 4192 Ptolemaidis,
314 4114 462 4175 Antiochus
483 4115 605 4189 nomine,
620 4117 667 4194 qui
684 4117 841 4195 eloquentiae

92 4206 175 4265 etiam
191 4207 335 4281 studebat,
348 4207 417 4267 inter
428 4207 608 4288 primipilares
621 4211 733 4269 loannis
748 4211 841 4290 Chry-

92 4301 205 4359 sostomi
219 4299 343 4360 inimicos
350 4299 475 4382 deinceps
486 4302 707 4361 numerabuntur.
716 4303 840 4362 Severia-

91 4410 144 4449 nus
153 4411 208 4449 non
218 4391 307 4472 plebis
317 4389 398 4450 modo
407 4391 707 4472 Constantinopolitanae
715 4394 841 4453 affectum

91 4498 118 4541 et
131 4483 348 4543 benevolentiam
361 4484 413 4543 sibi
429 4499 536 4565 captare
549 4484 686 4555 studebat,
698 4487 745 4545 sed
757 4487 836 4546 etiam

91 4575 120 4632 in
134 4575 313 4656 Imperatoria
327 4574 389 4634 aula
406 4575 458 4634 sibi
478 4576 612 4636 Evadoxiae
625 4582 754 4658 Augusta
775 4599 841 4657 gra-

89 4667 158 4727 tiam
180 4667 384 4743 conciliaverat,
396 4668 552 4729 ambitionis
578 4669 668 4729 studio
691 4685 838 4750 permotus.

92 4760 170 4818 ceca
185 4759 301 4820 enimet
315 4759 454 4819 temeraria
469 4759 646 4820 dominatrice
658 4763 741 4821 animi
756 4766 838 4844 cupi-

92 4851 180 4911 ditate
194 4853 351 4912 stimulatus
361 4852 466 4911 nullam
480 4853 597 4934 lapidem
612 4875 665 4912 non
681 4870 810 4917 moverat.

1579 475 1647 546 165

898 617 939 674 xit
954 639 961 672 t
974 616 1004 676 Si
1013 617 1131 697 Serapio
1148 624 1292 691 moriatur
1302 617 1640 694 Chrntianus,Chn‘stns

898 705 982 767 homo
996 728 1054 766 non
1073 711 1171 786 sactus
1182 724 1232 770 est.
1248 710 1306 770 Hoc
1316 710 1419 770 dictum
1431 726 1501 772 certe
1511 713 1640 794 impieta·

898 812 951 858 tem
962 800 1033 881 sapit
1045 823 1054 877 ;
1064 802 1174 882 Serapio
1190 817 1279 861 autem
1302 804 1434 884 maligne,
1447 805 1558 885 demitis
1566 806 1639 888 prio·

898 889 974 949 ribus
995 890 1104 966 verbis,
1126 892 1280 952 affirmabat
1301 894 1476 955 Severianum
1495 896 1554 957 baec
1577 918 1641 978 pro·

898 982 991 1041 tulisse
1014 983 1112 1058 verba,
1126 986 1260 1044 Christus
1282 987 1367 1044 homo
1388 989 1488 1064 foetus
1505 1001 1638 1063 nonest,

898 1074 1241 1155 multosquesuaet‘aetionis
1250 1091 1327 1161 testes
1341 1079 1517 1159 producebat,
1531 1082 1577 1161 qui
1588 1082 1640 1143 hoc

899 1187 926 1227 se
939 1189 954 1225 a
969 1169 1113 1229 Severiano
1126 1168 1230 1229 dictum
1243 1169 1380 1230 audivisse
1392 1172 1575 1251 affirmarent,
1589 1175 1639 1235 Se·

898 1259 1024 1318 verianus
1037 1281 1113 1337 vero,
1129 1282 1157 1320 se
1170 1282 1222 1321 nun
1234 1262 1271 1320 ita
1282 1260 1384 1321 dixisse
1395 1264 1579 1337 asseverabat,
1594 1263 1641 1324 scd

899 1363 981 1409 tutam
995 1351 1153 1410 sententiam
1165 1398 1173 1426 ,
1185 1365 1215 1411 ut
1227 1373 1307 1434 supra
1319 1351 1440 1413 diximus
1456 1377 1463 1410 ι
1477 1375 1536 1433 quae
1551 1368 1640 1414 tamen

897 1454 924 1500 et
941 1441 999 1522 ipsa
1014 1443 1098 1524 impia
1110 1466 1172 1504 cum
1187 1457 1265 1522 essct,
1275 1444 1436 1504 Severianus
1450 1467 1465 1503 a
1480 1446 1643 1526 Chrysosto-

899 1551 943 1591 mo
957 1553 989 1590 ex
1005 1533 1073 1592 urbe
1085 1533 1180 1613 pulsus
1199 1534 1271 1607 fuit,
1285 1547 1314 1593 ut
1332 1535 1370 1593 ait
1390 1534 1522 1595 Socrates.
1534 1539 1640 1598 Verum

898 1643 932 1680 ex
946 1622 1132 1704 Chrysostomi
1146 1624 1227 1684 dictis
1241 1637 1311 1707 patet
1329 1625 1505 1688 Severianum
1514 1648 1530 1686 a
1539 1628 1641 1709 pupulo
1653 1643 1731 1704 chrys.
1743 1653 1760 1690 ι.
1770 1643 1796 1690 3.

898 1711 1054 1793 indignante
1067 1716 1211 1796 expulsum
1225 1716 1318 1776 luisse.
1652 1721 1678 1765 P·
1687 1705 1742 1766 4¹3·
1757 1721 1779 1751 ¹·

938 1804 985 1863 Sic
1003 1806 1132 1886 expulsus
1144 1807 1304 1867 Severianus
1316 1807 1513 1869 Chalcedonam
1523 1810 1640 1871 commi·
1662 1826 1794 1869 serenam

899 1899 997 1978 gravit.
1010 1901 1117 1960 Verum
1127 1899 1252 1959 Eudoxia
1265 1905 1395 1981 Augusta,
1405 1902 1478 1982 apud
1488 1925 1642 1985 quam-gra·
1653 1888 1784 2008 {2:553ss

898 1993 935 2050 tia
947 1991 1055 2050 valebat
1066 1991 1238 2069 Severianus,
1248 1992 1416 2054 Chalcedone
1425 1996 1516 2075 ipsum
1526 2017 1639 2056 revoca-
1654 2025 1690 2054 mo
1715 2024 1795 2052 escon»

901 2084 950 2143 vit.
969 2084 1050 2142 Multi
1064 2083 1289 2166 Chrysostomum
1305 2085 1450 2163 rogabant,
1464 2087 1641 2147 Severianum
1651 2073 1751 2116 ‘um'

899 2189 928 2235 ut
941 2177 1015 2257 prius
1029 2176 1057 2235 in
1070 2176 1278 2235 familiaritatem
1292 2190 1317 2234 et
1335 2175 1499 2254 colloquium
1515 2177 1645 2238 admit'te-

898 2282 949 2343 ret,
963 2289 1048 2346 neque
1060 2267 1089 2328 id
1098 2269 1241 2350 impetrare
1253 2280 1407 2349 potuerunt,
1422 2269 1538 2328 Demum
1548 2264 1646 2332 Eud'o·

899 2359 945 2418 xia
957 2350 1077 2439 Angusta
1092 2354 1180 2441 ipsum
1190 2359 1267 2432 adiit,
1280 2359 1503 2418 et'Theodosium
1513 2362 1642 2422 tenellum

898 2450 986 2509 filium
1000 2452 1112 2531 genibus
1123 2452 1181 2532 ejus
1190 2450 1378 2531 admovit,per
1386 2449 1459 2509 illius
1469 2465 1550 2532 caput
1563 2474 1642 2512 sunm

897 2542 1045 2618 obtestans,
1061 2558 1089 2602 ut
1101 2543 1276 2605 Severianum
1291 2541 1317 2600 in
1335 2542 1480 2602 amicitiam
1495 2564 1571 2603 suam
1590 2543 1642 2604 ad-

898 2636 1030 2712 mitteret,
1045 2636 1126 2715 idque
1142 2635 1270 2709 demum,
1286 2654 1358 2714 aegre
1373 2647 1461 2694 tamen
1479 2635 1642 2717 impetravit.
1725 2671 1737 2690 .

898 2727 944 2787 Sic
963 2729 1044 2787 ambo
1066 2727 1106 2786 illi
1129 2726 1219 2808 palam
1239 2725 1349 2804 quidem
1371 2726 1534 2786 reconciliati
1558 2740 1641 2805 sunt3

897 2820 970 2877 intus
994 2834 1081 2879 tamen
1106 2821 1174 2878 alter
1199 2818 1327 2877 adversus
1349 2819 1464 2877 alterum
1488 2819 1643 2880 exulcerato

897 2912 987 2971 animo
1001 2912 1158 2993 permansit,
1176 2911 1265 2989 inquit
1279 2912 1410 2970 Socrates.
1424 2909 1456 2969 ld
1470 2932 1534 2970 vero
1547 2955 1555 2984 ,
1568 2912 1643 2989 quod

898 3018 1032 3084 postremo
1049 3003 1151 3084 adjicit,
1163 3002 1196 3062 de
1209 3003 1353 3062 Severiano
1369 3001 1481 3080 quidem
1494 3002 1573 3061 facile
1587 3025 1645 3065 cre·

896 3094 978 3155 datur
984 3121 993 3173 5
1009 3097 1081 3176 quud
1101 3119 1165 3156 vcro
1180 3096 1389 3177 Chrysostomus
1403 3108 1463 3175 post
1484 3097 1644 3158 reconcilia-

896 3189 994 3248 tionem
1002 3191 1154 3249 exulcerato
1163 3191 1254 3248 animo
1266 3187 1450 3268 permanserit,
1458 3188 1518 3266 quis
1532 3189 1642 3251 credere

895 3282 1001 3360 possit?
1015 3281 1065 3341 nisi
1080 3282 1196 3340 sortesic
1217 3278 1392 3358 intelligatur,
1404 3278 1640 3359 Chrysostomum,

896 3394 992 3454 nempe
1001 3396 1063 3433 curn
1073 3387 1159 3434 nosset
1165 3372 1302 3432 Severiani
1314 3370 1420 3430 vafrum
1437 3371 1643 3434 etambitiosutn

895 3467 1026 3540 animum,
1039 3487 1091 3525 non
1106 3480 1214 3547 putasse
1227 3464 1306 3522 illum
1317 3484 1351 3521 ex
1366 3462 1469 3521 sincero
1484 3461 1564 3521 corde
1574 3463 1641 3522 arni·

896 3558 986 3617 citiam
1002 3580 1077 3617 snam
1093 3557 1250 3639 expetiisse,
1267 3576 1314 3614 nee
1330 3556 1437 3612 firmam
1452 3553 1509 3612 sore
1524 3554 1643 3614 reconci-

899 3648 1035 3708 liationem
1063 3649 1265 3708 existimavisse.
1291 3645 1373 3706 Nulla
1409 3642 1519 3702 demum
1557 3657 1642 3724 potest

897 3743 1089 3824 Clrrysostomo
1112 3741 1228 3800 adscribi
1255 3739 1324 3798 lictae
1348 3736 1522 3809 reconciliatae
1546 3738 1640 3815 gratiae

896 3835 1022 3916 suspicio.
1037 3834 1165 3893 Restabat
1177 3845 1267 3890 autem
1279 3843 1309 3888 ut
1320 3829 1434 3910 populi,
1448 3830 1496 3908 qui
1510 3830 1642 3890 Severia-

896 3946 962 3984 num
986 3927 1143 4007 expulerat,
1159 3922 1297 3983 iracundia
1322 3921 1466 3981 sedaretur.
1489 3920 1524 3980 Id
1550 3935 1641 3982 autem

896 4016 1088 4098 Chrysostomo
1105 4016 1178 4076 dicto
1197 4013 1350 4073 audientem
1375 4011 1507 4094 populum
1529 4012 1641 4074 babenti

896 4130 947 4167 non
965 4109 1079 4170 difficile
1099 4110 1161 4168 fuit.
1182 4107 1343 4167 Concionem
1358 4104 1474 4176 habuit,
1489 4103 1523 4162 ad
1545 4127 1638 4185 pacem

895 4223 958 4261 cum
987 4202 1131 4262 Severiano
1159 4198 1307 4260 faciendam
1327 4195 1459 4277 pupulum
1476 4195 1637 4272 cohortans,

895 4309 976 4374 utque
990 4316 1005 4352 a
1018 4290 1237 4376 principiudietis
1250 4289 1306 4348 suis
1317 4288 1490 4364 obsequentes
1500 4286 1637 4348 auditores

894 4386 1094 4460 animadvertit,
1111 4387 1138 4442 in
1154 4380 1261 4440 laudern
1276 4400 1367 4438 eorum
1382 4397 1545 4454 conversus,
1562 4379 1638 4457 quod

896 4493 982 4538 tantas
999 4480 1101 4536 irarum
1121 4494 1214 4533 causas
1237 4493 1265 4530 se
1289 4472 1410 4530 hortante
1431 4468 1635 4548 deposuissent,

894 4593 987 4654 pacem
1006 4582 1161 4651 perpetuam
1176 4561 1307 4644 precando
1327 4559 1431 4619 claudit
1450 4549 1637 4620 brevissimam

894 4665 1058 4724 concionem.
1072 4663 1133 4720 Post
1143 4657 1222 4715 illum
1232 4654 1394 4717 Severianus
1406 4652 1441 4713 de
1452 4673 1519 4733 pace
1531 4653 1638 4719 concio-

896 4771 974 4817 natur
986 4801 993 4831 ,
1006 4774 1087 4834 quarn
1109 4763 1198 4831 postea
1211 4767 1303 4829 pacem
1317 4746 1375 4822 ipse
1386 4745 1573 4826 perturbavit,
1589 4764 1639 4802 nec

896 4851 982 4909 multo
995 4860 1140 4927 temporeo
1154 4840 1242 4901 turbis
1255 4837 1394 4897 movendis
1406 4836 1544 4895 abstinuit.

936 4940 981 4999 Ex
1001 4939 1052 5011 iis,
1075 4958 1135 5015 qua
1154 4933 1234 4992 modo
1254 4931 1394 5003 diximus,
1411 4928 1490 4986 facile
1505 4929 1636 5008 conjicere
1653 4947 1689 4989 tur

896 5034 980 5116 possis
1000 5051 1125 5110 magnam
1147 5042 1211 5086 tunc
1229 5025 1311 5083 fuisse
1326 5020 1556 5100 Constantinopoli
1571 5034 1596 5079 et
1612 5020 1640 5079 in

897 5125 991 5187 vicinis
1019 5120 1176 5183 civitatibus
1197 5134 1303 5189 murum
1328 5113 1518 5194 corruptelam.
1538 5112 1642 5174 Vidisti

895 5219 1033 5302 episcopos
1048 5214 1280 5296 presbyterosque,
1295 5205 1342 5285 qui
1358 5206 1417 5264 auri
1438 5205 1523 5286 pretio
1543 5219 1568 5264 et
1587 5207 1642 5265 lere

892 5312 983 5395 palam
1007 5308 1043 5369 ad
1062 5302 1254 5367 ecclesiasticus
1271 5298 1415 5380 dignitates
1439 5298 1637 5374 convolabant,

10 4987 20 5013 ,
31 4973 81 5021 gg·
136 4943 221 5003 Aliud
231 4944 266 5003 de
281 4943 429 5004 Severiano
440 4944 520 5002 refert
532 4945 670 5016 Socrates,
681 4944 755 5024 quod
767 4968 841 5008 nern-

10 5064 16 5081 ·
93 5058 130 5118 pe
144 5037 274 5118 Serapio,
290 5034 324 5095 de
338 5056 393 5113 quo
406 5056 505 5117 snpra,
519 5057 581 5096 eum
596 5036 699 5096 sederet
714 5038 839 5118 aliquan-

10 5097 45 5208 ,Η
55 5098 80 5147 δ’
91 5130 130 5189 do
142 5177 152 5209 ,
168 5130 319 5190 transeunti
330 5128 476 5190 Severiano
489 5129 617 5189 honorem
627 5131 752 5213 episeopo
764 5132 840 5192 debi-

92 5237 152 5283 tum
167 5243 221 5282 non
234 5222 403 5305 praestiterit,
412 5220 460 5282 sed
469 5222 497 5281 in
512 5222 574 5282 sede
584 5243 632 5281 sua
647 5224 833 5303 permanserit.

91 5314 154 5388 Qua
166 5335 196 5375 re
206 5325 349 5397 permotus
363 5312 542 5394 &vuianus,
554 5333 645 5374 coram
656 5314 783 5375 omnibns
794 5314 837 5375 di·
