3714 5970
481 492 572 541 nuuc
597 491 729 543 nuruum
757 454 958 541 rnonuara}

125 636 130 675 r
142 615 334 695 concinnatas,
346 636 439 695 comm
455 614 503 697 qui
521 638 570 681 nos
582 638 694 701 preces·

125 706 172 790 plu
183 708 356 789 reliquimus.

125 814 185 863 tem
201 815 293 861 narrat
308 823 361 881 qua
376 799 504 861 decanea
523 803 599 877 Deus
617 800 694 881 psal-

125 914 148 954 m
158 907 281 955 nostram
290 893 444 970 induxerit,
454 907 483 952 ut
497 914 593 975 nempe
604 914 693 952 socer·

125 1008 173 1048 nes
183 988 320 1067 erigeret,
332 989 450 1048 animam
465 1000 612 1060 recrearet,
623 986 694 1044 alia-

125 1080 261 1141 aminihus
280 1080 439 1162 impertiret.
460 1082 553 1139 Postea
566 1079 601 1139 de
613 1077 694 1137 modo

125 1172 182 1233 ulta
201 1171 286 1246 dicit,
306 1187 334 1232 ct
350 1173 454 1253 aliquas
472 1172 585 1232 adhibet
600 1192 694 1242 voces,

130 1280 288 1345 usurpatus,
300 1287 368 1345 quas
378 1287 430 1326 non
440 1266 617 1345 intelligentes
625 1265 695 1325 bene

125 1372 195 1421 retes
202 1404 212 1432 ,
224 1380 366 1441 perperam
378 1372 529 1431 vertemnt,
541 1372 568 1417 et
579 1378 694 1436 quarum

125 1471 184 1511 sum
195 1450 291 1511 multis
300 1451 417 1511 aliorum
425 1463 533 1532 patrum
543 1463 571 1510 et
579 1451 694 1531 scripto·

125 1542 156 1603 lis
164 1543 367 1623 explicavimus
377 1543 405 1602 in
416 1543 533 1603 Merito.

125 1634 266 1714 techescs,
284 1656 352 1715 quas
374 1635 413 1696 ad
432 1633 626 1695 illuminandos
648 1657 695 1695 seu

125 1748 155 1789 es
163 1728 374 1809 Chrysostomus
385 1729 482 1788 habuit
490 1742 553 1810 post
563 1729 696 1789 Homilias

125 1818 260 1881 didimus.
274 1821 341 1881 lllas
356 1841 432 1896 rere,
447 1821 620 1900 maximeque
636 1821 697 1903 pri-

125 1913 308 1994 uadragcsima
329 1913 393 1975 anni
413 1913 473 1976 58⁷
496 1914 596 1974 dictam
616 1915 697 1975 luisse

125 2028 129 2043 ·
149 2006 355 2082 existimamus3
371 2007 564 2068 Tillementius
584 2029 649 2071 vero
669 2009 697 2069 iu

125 2108 127 2145 ἱ
141 2112 286 2178 utramque
300 2098 445 2160 amandare
458 2099 573 2160 mavult.
589 2100 651 2174 Qua
664 2101 699 2163 de

144 2190 324 2251 disseruimus
343 2191 372 2250 in
390 2191 497 2251 Monito
517 2189 553 2250 ad
572 2192 695 2265 easdem,

125 2304 140 2345 t.
160 2284 192 2345 ln
205 2284 294 2365 prima
309 2285 514 2345 catechumenos
526 2285 659 2363 instituit,
672 2298 699 2345 et

125 2374 156 2437 ἰθ
173 2377 244 2436 scire
257 2382 310 2457 par'
321 2389 379 2436 erat
398 2402 406 2435 r
422 2397 509 2454 neque
525 2377 595 2435 enim
608 2379 699 2437 omnia

125 2469 313 2535 catechumeni
322 2493 330 2546 ;
346 2469 506 2551 mysterium
525 2491 641 2549 namque
654 2492 701 2530 ca-

125 2562 216 2635 rbant,
237 2559 325 2620 donec
349 2562 450 2623 initiati
472 2577 568 2622 essent.
593 2563 702 2623 Laudat

125 2654 241 2737 juvenes
258 2654 425 2736 baptismum
441 2671 527 2716 essent
546 2657 699 2738 accepturi,

125 2749 318 2831 negligentiam
326 2750 471 2833 improbat,
481 2751 701 2832 qrrihaptismnm

132 2868 220 2928 nsque
242 2846 278 2906 ad
292 2861 416 2906 mortem.
438 2846 572 2929 Baptismi
591 2848 700 2909 nomina

125 2938 213 3019 lucet,
225 2961 322 3022 nempe
331 2940 472 3002 lavacrum
481 2942 698 3022 regenerationis,

127 3033 288 3115 ,baptisma
297 3079 307 3107 ,
324 3034 480 3115 sepultura,
499 3055 568 3095 crux
586 3048 611 3094 et
622 3035 675 3095 alia
691 3058 698 3091 r

138 3124 288 3186 discrimen
301 3147 358 3186 esse
370 3125 438 3186 dicit
452 3127 520 3186 iuter
533 3128 701 3209 baptismum

125 3216 389 3277 rtChristianorum.
408 3217 565 3278 Christiano
579 3218 702 3298 linguam

124 3309 273 3371 bibendam
295 3331 352 3371 esse
362 3356 372 3389 ,
389 3332 424 3370 cx
442 3333 495 3391 qua
515 3311 608 3392 lapsus
622 3312 703 3373 multi

139 3404 254 3465 clandit
267 3402 378 3462 demum
399 3402 491 3463 dicens
510 3425 526 3461 a
542 3403 702 3483 juramentis

125 3495 300 3576 uesse,qnod
309 3496 412 3554 malum
425 3495 574 3554 Antiochia
583 3496 703 3556 maxime

125 3586 168 3649 uis
184 3587 354 3662 invaluerat,
368 3601 449 3667 atque
465 3587 516 3647 illo
530 3586 619 3647 solum
632 3608 702 3649 anno

125 3680 333 3761 rcdragesimam
346 3693 430 3739 totam
446 3694 537 3740 contra
549 3682 701 3761 juramenta

125 3772 245 3852 solebat,
259 3771 333 3852 quod
348 3772 505 3833 sententiam
518 3787 636 3833 nostram
653 3774 701 3832 fir·

125 3886 158 3926 rr.

125 3956 163 4019 da
184 3956 316 4017 catechesi
335 3956 553 4017 illuminatorum
582 3978 629 4018 seu
653 3957 701 4017 ba·

129 4051 224 4113 officia
243 4050 381 4132 explieat:
401 4050 482 4111 verba
502 4054 580 4113 refert
601 4053 630 4111 in
651 4052 701 4111 ba·

124 4162 182 4222 ata,
192 4168 296 4228 nempe,
306 4148 490 4207 Abrenuntio
501 4152 554 4208 tihi
564 4195 571 4223 ,
583 4163 701 4222 setona,

130 4256 188 4301 tuoe
205 4254 233 4299 et
247 4240 341 4299 cultui
357 4252 415 4299 tuo.
435 4241 515 4300 Unde
535 4242 701 4302 occasionem

125 4331 180 4393 endi
192 4331 338 4409 mulieres,
355 4353 414 4411 quae
425 4333 510 4392 nimio
521 4335 628 4392 ornatui
642 4347 700 4392 stu·

125 4447 214 4509 mpam
227 4447 291 4486 vero
304 4426 449 4486 satanicam
461 4448 517 4486 esse
530 4427 613 4503 dicit,
628 4428 702 4488 thea-

125 4540 155 4579 cs
167 4517 260 4591 ludos,
283 4517 389 4577 dierum
405 4517 619 4591 ohservationes,
633 4543 702 4602 pre·

125 4609 205 4675 mina.
219 4609 354 4688 Loquitur
368 4610 448 4669 ctiam
466 4611 500 4670 de
512 4612 560 4688 iis,
579 4614 625 4691 qui
643 4635 703 4672 car-

125 4722 130 4767 :
157 4705 282 4786 ligatoris
300 4706 461 4785 utebantur,
484 4708 585 4787 quique
612 4708 703 4768 numi-

125 4798 200 4860 rndri
211 4797 369 4860 Macedonis
377 4821 456 4858 aurea
466 4801 546 4881 capiti
556 4801 703 4882 etpedibus

125 4906 197 4963 rent,
212 4905 292 4970 atque
303 4892 329 4950 in
341 4892 413 4973 regis
424 4891 577 4953 idololatrae
586 4895 703 4973 imagine

125 4999 201 5049 tant:
218 4997 246 5043 at
261 4985 288 5044 in
303 5006 381 5044 cruce
392 4985 494 5046 Christi
511 5000 615 5046 tantum
628 5010 702 5069 spem

125 5098 181 5139 esse
193 5075 269 5136 dicit.
280 5077 312 5135 ln
324 5076 482 5157 hujusmodi
493 5078 600 5137 insanas
610 5100 703 5161 snper·-

126 5170 184 5230 ulta
203 5168 318 5251 profert,
335 5182 361 5228 et
374 5190 419 5229 eos
439 5171 487 5249 qui
508 5171 703 5231 incantamenta

137 5261 375 5323 vehementissime
399 5261 533 5343 coarguit,
555 5277 633 5343 atque
653 5263 706 5323 hoc

125 5355 183 5417 icto
197 5352 348 5415 catechesin
373 5353 497 5435 claudit,
517 5357 706 5417 Abrenuntio

1429 476 1488 542 131

751 620 826 693 tibi,
842 629 968 694 satura,
982 628 1010 697 et
1030 637 1145 698 pompa
1160 630 1217 677 tuoe
1233 631 1261 678 ει
1275 619 1370 679 cultui
1383 633 1452 695 tuo,
1466 636 1494 680 et

750 713 913 792 conjungor
923 712 991 786 tibi,
1008 710 1131 770 Christe.

788 803 916 863 Homilie
932 800 993 861 dua
1007 802 1042 862 de
1063 801 1269 884 Prophetiamm
1284 804 1447 867 obscuritate
1457 808 1491 867 ad
1543 808 1647 851 ¹¹⁰¹¹¹l⁵¹⁸

749 917 850 956 annum
862 896 922 958 588
933 896 1123 977 consignantur
1135 918 1150 956 a
1170 896 1206 956 cl.
1222 900 1282 959 riro
1297 899 1471 961 Tillemontio
1478 947 1490 975 ,
1503 869 1649 979 ζζζὲζζιιζιζ.

749 988 797 1049 sed
810 1010 845 1049 ex
857 989 1009 1070 conjectura
1024 1001 1150 1063 tantum3
1176 1002 1255 1069 atque
1276 1012 1310 1051 ex
1331 991 1365 1051 iis
1387 1014 1448 1071 qua
1464 992 1491 1052 in
1504 996 1619 1043 “11¹⁵th

749 1080 855 1141 lilonito
872 1080 994 1141 diximus
1011 1081 1145 1140 incertum
1165 1103 1273 1162 prorsus
1290 1076 1417 1163 videtur,
1438 1107 1492 1165 quo
1504 1058 1552 1105 ιδ’
1563 1055 1646 1121 ²⁴⁶&

749 1194 819 1234 anno
844 1175 946 1234 emisse
971 1174 1081 1234 fuerint.
1101 1174 1133 1232 ln
1156 1174 1243 1255 prima
1263 1177 1341 1237 ducet
1357 1178 1493 1257 quomodo
1518 1226 1521 1233 .

750 1266 887 1327 tractanda
909 1267 947 1328 sit
966 1267 1107 1347 Scriptura
1127 1287 1219 1340 saera,
1243 1268 1277 1328 de
1296 1269 1493 1333 Melclrisedeco

750 1358 875 1437 quedam
885 1359 976 1435 hebet,
987 1378 1019 1419 ac
1026 1358 1120 1440 paucis
1130 1361 1274 1421 hnomueos
1285 1361 1388 1443 carpit,
1398 1376 1494 1425 etcon·

749 1464 789 1511 tra
808 1450 949 1512 hereticos
966 1452 1062 1533 probat
1078 1452 1274 1530 generationem
1297 1455 1398 1515 Christi
1420 1471 1495 1517 aeter-

750 1564 813 1604 nam
830 1565 905 1622 esse,
926 1543 1123 1625 generationem
1142 1564 1204 1604 vero
1227 1547 1285 1633 ejus
1304 1548 1493 1629 corporalem,

751 1635 801 1696 etsi
828 1640 948 1712 ee'rtatu,
973 1635 1135 1715 intelligire
1158 1637 1290 1719 explicari
1312 1659 1365 1698 non
1385 1661 1463 1721 posse
1485 1665 1492 1699 :

751 1731 839 1791 Vetus
853 1729 1056 1790 Testamentum
1069 1729 1216 1790 obscurum
1231 1750 1288 1790 esse
1300 1730 1367 1790 dicit
1383 1746 1410 1791 et
1427 1753 1496 1793 cen·

751 1820 825 1882 sulto
834 1841 870 1882 ex
883 1819 975 1885 divina
989 1820 1159 1903 providentia
1171 1822 1289 1897 lactum,
1305 1835 1335 1881 nt
1347 1823 1494 1884 obscurum

751 1926 777 1971 et
786 1914 922 1995 explicatu
933 1913 1048 1974 difficile
1060 1927 1127 1974 esset
1139 1938 1146 1972 e
1162 1914 1294 1994 additque
1302 1916 1495 1996 prescientiam

752 2007 804 2067 Dei
812 2028 865 2068 non
876 2028 934 2067 esse
945 2022 1117 2090 peecatorum
1129 2029 1246 2069 cansam.
1256 2007 1320 2067 ldco
1330 2023 1420 2069 autem
1432 2032 1496 2092 pro-

752 2100 847 2183 phetas
863 2100 977 2161 obscure
991 2101 1080 2161 lutura
1097 2102 1269 2160 annuntiasse
1282 2116 1375 2183 putat,
1391 2124 1425 2164 ne
1437 2118 1499 2164 ante

753 2207 859 2276 tempus
882 2192 972 2255 Judaei
996 2194 1045 2253 illa
1071 2192 1264 2274 intelligerent·
1288 2190 1498 2283 Nequcltamen

753 2285 845 2345 omnia
864 2284 979 2346 obscura
990 2284 1075 2351 fuisse
1083 2308 1093 2364 3
1110 2305 1174 2345 nam
1185 2285 1282 2345 inutile
1295 2286 1388 2348 t'uisset
1401 2289 1439 2348 sie
1452 2289 1497 2349 lu·

753 2391 813 2437 tura
825 2377 914 2436 omnia
926 2376 1115 2458 praenuntiare.

794 2472 826 2529 ln
836 2468 1076 2549 secundaquoque,
1086 2469 1223 2548 quaeinter
1233 2470 1402 2553 longissimas
1409 2472 1498 2556 Chry·

755 2562 865 2621 s'ostomi
877 2562 1016 2621 conciones
1034 2563 1213 2643 computanda
1225 2578 1281 2640 est,
1294 2586 1386 2625 causas
1398 2566 1499 2626 obscu-

755 2653 844 2713 ritatis
855 2653 943 2714 allert.
956 2652 1048 2712 Prima
1059 2674 1139 2712 causa
1152 2667 1207 2727 est,
1224 2655 1287 2734 quia
1297 2656 1367 2716 sieut
1376 2658 1499 2718 velamen

756 2748 865 2827 Moyses
872 2745 900 2804 in
911 2759 1003 2806 monte
1011 2744 1117 2823 hahuit,
1127 2746 1174 2826 qui
1184 2748 1294 2829 llloyses
1302 2749 1437 2830 legislator
1444 2765 1482 2811 est
1493 2776 1499 2808 :

755 2839 792 2899 ita
802 2859 910 2918 quoqne
920 2839 1006 2920 legem
1016 2838 1138 2900 velamen
1146 2840 1287 2913 hahuisse,
1297 2862 1393 2924 nempe
1402 2834 1499 2904 obscuss

755 2931 862 2992 ritatem
868 2954 877 3007 ι
897 2930 945 2991 sed
958 2952 1044 3012 neque
1065 2931 1214 3012 legislatori
1232 2933 1298 2994 vitio
1316 2936 1477 2997 vertendum
1486 2982 1497 3010 ,

755 3045 842 3104 neque
862 3023 918 3103 legi
931 3023 1038 3085 crimini
1051 3024 1173 3085 dandum
1191 3025 1274 3087 t'rrisse
1293 3026 1433 3100 velamen,
1450 3028 1497 3089 sed

757 3117 912 3178 auditorum
923 3116 1075 3177 infirmitati
1087 3118 1271 3179 tribuendum.
1284 3118 1407 3179 Secunda
1420 3142 1498 3181 causa

757 3207 1035 3270 obscuritatisreteris
1046 3209 1214 3270 Testamenti
1228 3223 1283 3285 est,
1298 3212 1360 3289 qnia
1372 3232 1423 3272 non
1434 3219 1501 3273 scri-

757 3317 837 3385 ptum
852 3301 904 3361 t'uit
919 3301 1012 3381 lingua
1026 3302 1120 3362 Graeca
1130 3347 1138 3377 ,
1150 3302 1198 3361 sed
1212 3302 1357 3380 Hebraico,
1372 3325 1432 3363 cum
1446 3327 1500 3363 an-

756 3410 811 3455 tem
825 3417 859 3454 cx
874 3393 1005 3455 Hebraica
1025 3393 1052 3453 in
1067 3395 1190 3455 Graecam
1204 3393 1325 3473 linguam
1339 3397 1500 3456 translatum
1599 3390 1603 3397 ’

758 3487 856 3560 luerit,
870 3485 1015 3547 maximam
1025 3485 1107 3547 habet
1114 3485 1310 3547 difficultatem.
1325 3487 1500 3551 Translatum

758 3594 847 3639 autem
865 3579 918 3639 tuit
936 3580 1047 3653 Graece,
1067 3578 1176 3658 inquit,
1194 3579 1246 3639 sub
1262 3579 1406 3642 Ptolemae
1420 3604 1500 3662 rege,

758 3673 883 3734 trecentis
902 3673 980 3733 annis
997 3688 1059 3734 ante
1077 3672 1222 3733 adrentum
1236 3672 1335 3734 Christi
1347 3696 1355 3748 ;
1369 3673 1500 3735 adrentus

758 3780 849 3826 autem
870 3764 972 3827 Christi
997 3785 1056 3844 qnae
1079 3764 1254 3824 amiseramus
1278 3758 1396 3825 auctiora
1421 3766 1500 3839 ndris

756 3857 881 3920 restituit.
892 3856 969 3917 Dicit
982 3870 1074 3940 postea
1085 3857 1231 3916 orationem
1243 3857 1427 3945 multitudinis
1439 3880 1501 3921 ma-

757 3973 836 4032 gnam
849 3952 907 4012 vim
923 3949 1032 4014 habere.
1048 3948 1097 4009 llis
1111 3949 1189 4009 addit
1205 3948 1311 4010 diaconi
1324 3949 1396 4010 dicta
1406 3951 1436 4011 in
1449 3950 1501 4012 Li-

757 4046 863 4127 tnrgia,
879 4045 956 4126 queis
968 4045 1074 4131 plebem
1085 4043 1120 4104 ad
1133 4044 1298 4128 precandum
1310 4045 1442 4109 hortatur.
1454 4048 1499 4108 uir

756 4140 854 4202 deinde
866 4161 972 4201 morum
989 4139 1180 4203 correctionem
1195 4138 1344 4219 Scriptura
1362 4160 1443 4198 sacrae
1462 4140 1498 4198 lr-

757 4256 819 4295 nem
836 4255 912 4295 csse:
933 4245 959 4291 et
978 4245 1120 4314 postquam
1141 4242 1232 4289 contra
1246 4231 1410 4291 lllanlchaeos
1425 4254 1498 4311 qure-

756 4325 819 4386 dam
832 4327 950 4400 dixerat,
964 4323 1065 4384 claudit
1077 4322 1175 4382 vdicens
1193 4335 1363 4402 peccatorum
1377 4323 1499 4384 reeorda-

758 4419 858 4479 tionem
872 4440 928 4477 csse
940 4415 1059 4498 peccanti
1074 4414 1233 4474 reuredium.
1333 4414 1337 4425 '
1469 4498 1472 4503 Ι
1517 4495 1523 4506 .

797 4510 947 4573 Secundam
959 4508 994 4567 de
1004 4506 1211 4588 Prophetiarum
1226 4507 1390 4570 obscuritate
1404 4512 1498 4591 homi-

756 4607 821 4667 liam
832 4605 859 4663 in
870 4601 1013 4662 Dominiea
1027 4597 1143 4660 dixerat.
1154 4599 1252 4659 Paucis
1262 4622 1326 4661 cero
1339 4588 1430 4682 postca
1440 4604 1494 4664 die·
1509 4662 1541 4701 Η,

755 4701 808 4760 bus
827 4694 910 4755 'illam
936 4692 1078 4755 homiliam
1103 4690 1217 4767 habuit,
1242 4713 1301 4771 quae
1326 4695 1499 4775 inscribitur,
1534 4677 1545 4703 ⁴

756 4795 909 4854 Adversus
918 4809 967 4849 eos
977 4790 1028 4869 qui
1041 4786 1169 4845 dicerent
1179 4787 1327 4847 ἆεηιοηεε
1336 4792 1500 4868 gubernare
1533 4815 1584 4856 rua
1597 4830 1651 4858 coa.

757 4908 802 4947 res
816 4888 972 4945 humanas.
987 4880 1018 4939 In
1028 4879 1112 4960 hujus
1123 4879 1194 4938 enim
1205 4878 1339 4962 principio
1351 4881 1396 4940 illa
1409 4883 1497 4943 omnia
1509 4879 1592 4982 ξω·
1613 4941 1640 4963 ,1,

758 4978 869 5061 repetit,
879 4996 938 5056 quae
949 4974 976 5032 in
987 4972 1040 5032 line
1048 4972 1126 5031 illius
1136 4971 1271 5032 concionis
1279 4972 1415 5033 sedixisse
1424 4976 1500 5038 testi·
1542 4953 1623 4998 ’Μ
1634 4957 1652 4985 ”

758 5073 874 5148 ficator,
892 5067 1021 5127 nimirum
1037 5062 1075 5123 de
1087 5063 1187 5125 sanctis
1201 5062 1334 5142 justisque
1353 5064 1438 5142 viris,
1451 5069 1499 5147 qni

759 5188 807 5229 sua
818 5174 926 5247 peccata
938 5206 947 5238 ,
960 5180 1014 5219 non
1025 5171 1114 5218 autem
1129 5155 1232 5233 aliena,
1248 5176 1309 5216 cum
1321 5156 1415 5220 dolore
1425 5182 1501 5222 exse-

759 5254 938 5335 orationisque
945 5246 1503 5333 significationecemmemurabant:exem-

760 5351 806 5435 pla
819 5338 994 5411 enim'eadem
1007 5342 1097 5404 omnia
1109 5338 1254 5420 eodemque
1264 5339 1361 5480 ordppe
1372 5361 1499 5411 recenset.
