3714 5970
162 458 233 531 538
402 483 405 490 ·
430 452 434 457 ’
500 478 712 528 nnsnruonns
739 474 902 538 vunnuuu
928 475 973 523 uu
998 475 1029 524 s.
1056 475 1191 526 soannu
1215 475 1399 526 cunnsosr.

199 606 232 665 lu
254 603 308 666 isac
320 602 472 664 recensione
491 601 617 682 mundam
637 600 735 664 Joanui
747 599 942 681 chrysostomo
955 597 1101 672 adscribit,
1113 620 1175 680 qum
1187 598 1259 660 inter
1277 620 1361 682 opera
1381 599 1442 681 ejus
1461 619 1617 680 numquam
1641 619 1714 661 mss

161 699 281 780 potuisse
292 698 420 759 videntur
434 720 442 755 s
456 696 511 758 alia
525 717 601 774 vero,
611 717 673 776 quae
681 715 813 774 nusquam
823 693 891 762 alibi
904 707 1160 770 nommemorautur,
1169 715 1283 774 quoque
1293 694 1338 754 vei
1351 693 1435 754 latent
1443 693 1565 773 alicubi,
1575 694 1620 756 vel
1631 695 1715 756 {ortas

66 808 71 816 ·
163 792 324 873 perieruuts
336 791 429 872 qudia
442 805 506 852 suut
518 790 588 851 liber
599 790 646 850 ille
657 803 751 850 oontru
761 788 949 869 Apollinarem
960 802 986 848 et
998 787 1065 848 libri
1076 786 1133 849 duo
1143 787 1192 848 alii
1201 788 1236 849 de
1244 788 1450 849 Resumeutioue
1462 802 1640 851 mortuorum
1651 803 1715 850 uouu

164 888 279 958 Arabas,
294 888 343 968 qui
356 887 483 948 dicebant
495 887 599 947 animas
610 885 680 946 mori
694 907 757 945 cum
770 904 910 968 corpore·

8 997 70 1042 ntor.
90 991 153 1039 utet.
204 985 245 1043 De
257 981 310 1042 hoo
323 996 414 1043 autem
426 995 564 1064 postremo
575 1000 657 1061 opere
674 979 761 1039 multa
785 976 863 1038 nobis
884 975 1052 1038 observanda
1074 990 1145 1037 suut.
1166 975 1213 1036 sit
1231 975 1365 1037 Eusebius
1387 975 1492 1037 Arabas
1511 974 1620 1037 dixisse
1638 977 1715 1039 auimo

9 1055 120 1166 {diff}
163 1078 233 1138 mori
247 1074 310 1138 oum
324 1097 448 1158 corpore,
460 1089 487 1136 et
500 1097 562 1136 oum
576 1095 608 1135 oo
622 1087 818 1135 resurrecturus
832 1072 926 1146 fuisse,
939 1085 965 1131 et
979 1085 1072 1132 ooutra
1085 1072 1156 1132 huno
1166 1070 1292 1132 haeresim
1306 1085 1428 1132 coactam
1437 1072 1523 1134 fuisse
1537 1071 1715 1155 synodum

7 1154 102 1230 vstiiti.
163 1172 251 1233 adfuit
264 1172 404 1252 Origenes.
419 1169 630 1253 Saepeuidimus
643 1168 870 1250 Chrysostomum
881 1179 1050 1249 perorantem
1063 1165 1193 1227 adversus
1207 1166 1306 1227 multos
1317 1187 1351 1227 ex
1360 1167 1548 1244 auditoribus,
1559 1168 1606 1248 qui
1618 1189 1715 1234 mmsis

162 1264 279 1325 ctionem
290 1263 402 1323 omuino
414 1263 563 1343 negabant,
575 1261 675 1342 quique
688 1274 754 1320 tuuc
770 1280 870 1340 magno
884 1280 997 1319 numero
1010 1259 1161 1319 Antioohiae
1174 1261 1258 1320 fuisse
1271 1259 1400 1331 uidentur
1411 1285 1418 1318 :
1430 1281 1569 1341 nusquam
1585 1274 1673 1321 autem
1686 1282 1715 1330 ι

161 1360 253 1442 ipsum
263 1358 360 1438 legisse
373 1357 483 1417 memini
496 1357 678 1417 confutantem
694 1376 740 1415 eos
751 1355 798 1434 qui
809 1353 930 1436 dioerent
943 1353 1048 1413 animas
1060 1373 1122 1413 cum
1132 1374 1245 1436 corpore
1255 1354 1399 1414 morituras
1409 1368 1437 1414 et
1447 1375 1510 1414 cum
1525 1376 1559 1415 eo
1568 1369 1712 1418 resurrem-

161 1474 206 1514 ras
219 1471 288 1530 esse,
299 1452 344 1513 vel
356 1453 460 1512 Arabas
469 1451 590 1534 idipsum
599 1448 947 1531 docentesaggredieutem.
960 1452 1117 1529 Tamenque
1128 1449 1294 1510 Guilielmus
1303 1449 1494 1530 Postreugicus
1500 1450 1588 1511 hieros
1598 1449 1655 1510 illos
1663 1449 1709 1514 dou

161 1548 196 1608 de
209 1548 414 1610 Resurrectioue
427 1561 597 1607 mortuorum
607 1546 738 1607 adversus
748 1545 868 1618 Arabes,
884 1545 931 1624 qui
946 1543 1072 1603 dioebaut
1082 1544 1186 1605 animas
1200 1545 1269 1606 mori
1282 1566 1344 1605 cum
1356 1566 1487 1628 corpore,
1501 1566 1532 1606 se
1544 1543 1644 1606 vidisse
1655 1566 1705 1607 o}

114 1667 151 1709 ass
162 1655 293 1702 memorat
311 1639 425 1703 ioannis
444 1639 632 1723 Chrysostomi
649 1640 777 1714 nomine3
792 1639 956 1718 omninoque
967 1638 1008 1698 illi
1021 1638 1090 1700 fides
1099 1637 1225 1699 habenda
1239 1637 1356 1699 videtur.
1371 1639 1462 1699 Multa
1475 1653 1551 1700 uerte
1568 1638 1702 1718 quotidinia

161 1735 278 1795 tenebris
286 1748 418 1795 enruutur
427 1735 539 1796 Jouunis
549 1732 737 1815 Chrysostomi
751 1754 843 1815 opera,
854 1746 886 1792 ut
899 1730 991 1792 videre
1005 1745 1045 1792 est
1058 1733 1087 1791 in
1100 1725 1153 1791 hac
1166 1746 1258 1792 nostru
1270 1733 1301 1793 S.
1311 1731 1431 1793 doctoris
1443 1753 1560 1815 operum
1568 1733 1700 1810 oolieotiur,

160 1830 208 1890 ubi
222 1830 248 1890 in
263 1844 336 1892 tomo
345 1814 507 1891 duodecimo
519 1830 647 1890 undecim
657 1830 800 1912 proclamo
813 1826 953 1900 homilias,
966 1849 1025 1907 quae
1036 1826 1165 1888 hacteuus
1175 1829 1320 1907 latuerunt,
1329 1829 1482 1906 emisimus,
1490 1829 1521 1889 iu
1530 1829 1641 1910 aliisque
1649 1831 1700 1891 tonis

157 1945 210 1985 non
224 1947 333 2008 paucas.
342 1925 398 1986 Hos
408 1947 472 1986 vero
482 1927 567 1987 libros
580 1925 697 1987 edidisse
709 1925 816 2007 potuit,
829 1924 887 1985 sive
897 1923 961 2003 quia
975 1924 1083 1984 Arabes·
1093 1946 1142 1985 suo
1155 1946 1216 1986 aevo
1229 1924 1321 1985 adhue
1334 1924 1363 1984 in
1381 1925 1499 2006 pristino
1520 1946 1611 1986 errore
1624 1939 1699 2008 pessa·

37 2034 41 2039 '
157 2021 224 2080 bunt
233 2064 244 2099 ,
252 2021 309 2081 sive
321 2021 386 2100 quia
396 2020 520 2081 nonnulli
534 2019 695 2082 Antiooheui
712 2019 854 2080 trabibus
864 2017 959 2095 vicini,
970 2032 1088 2079 veterem
1099 2017 1179 2079 illum
1189 2019 1312 2080 usuum
1326 2040 1447 2082 errorem
1459 2041 1592 2083 renovare
1600 2019 1699 2082 videto

158 2130 214 2176 tur.
569 2162 575 2171 .
1303 2157 1306 2164 .

200 2211 284 2287 Quod
294 2232 359 2272 vero
372 2211 469 2293 adjicit
478 2212 507 2272 in
520 2212 573 2273 iiue
586 2211 753 2275 Guiileimus
764 2208 971 2290 Pastrengicus:
985 2233 1001 2265 o
1011 2212 1053 2268 Et
1066 2231 1247 2291 quamquam
1255 2213 1363 2272 Lettino
1365 2212 1495 2294 fulserit
1506 2211 1628 2293 eloquio,
1633 2212 1698 2292 plui·

158 2325 237 2364 mum
247 2319 349 2365 tamen
361 2309 478 2382 scripsit
487 2310 520 2366 in
532 2307 635 2367 Groeco
653 2307 807 2366 Theodosii
817 2308 917 2385 magni
928 2306 1117 2384 temporibus,
1129 2327 1144 2359 s
1156 2304 1245 2365 nocio
1259 2305 1332 2367 unde
1341 2305 1499 2388 expiscatus
1512 2320 1569 2383 est3
1582 2305 1697 2368 nitide

158 2399 254 2459 Latine
266 2400 405 2480 scripsisse
419 2399 644 2482 chrysostomum
655 2413 752 2482 putant
765 2396 917 2476 omnesqui
930 2396 1030 2478 scripta
1042 2397 1102 2478 ejus
1117 2413 1242 2482 aoourate
1263 2399 1396 2480 legerunt.
1410 2400 1496 2461 Forte
1512 2398 1697 2461 existimaritiit

157 2496 187 2556 S.
204 2493 342 2554 doctorem
358 2495 455 2554 Latino
465 2493 571 2554 fulsisse
582 2494 689 2574 eloquio
699 2539 709 2572 ,
720 2494 784 2573 quis
798 2491 904 2557 viderat
920 2512 989 2573 opus
1002 2490 1191 2572 imperfectum
1204 2493 1233 2552 in
1250 2494 1432 2567 Matthaeum,
1447 2492 1524 2574 quod
1542 2491 1694 2576 (ΕΜ

158 2588 266 2650 nomine
273 2588 473 2664 circumfertur,
485 2589 582 2651 Latine
592 2590 740 2672 scriptum,
748 2587 875 2668 quodque
883 2586 1070 2669 Chrysostomi
1082 2608 1137 2648 uon
1148 2609 1206 2650 esse
1218 2603 1341 2672 pugnant
1355 2588 1439 2652 hodie
1451 2589 1653 2653 eruditionum
