3750 6052
292 544 360 630 aad
775 556 809 607 a.
834 554 978 607 totuuts
997 552 1231 605 οιιιιιοιιιιιιι
1255 552 1364 621 utra,

284 692 371 765 ridie,
388 685 511 766 dicitque
527 682 626 766 impios
638 701 747 765 temper
761 682 880 765 pavidos
892 694 920 743 et
931 680 1032 742 tonnt·
1084 706 1231 767 monui,
1244 690 1366 771 {cneque
1378 688 1459 771 lonqe
1471 684 1553 771 plura
1566 682 1671 747 uenti.
1687 683 1835 761 Quamob-

284 782 394 844 dolosos
405 801 472 858 esse,
492 777 553 861 pios
567 790 658 837 autem
672 774 772 836 lidueia
792 775 896 856 plenos.
912 776 1032 836 Demom
1084 806 1142 846 m
1161 782 1248 845 donee
1265 780 1333 864 quid
1354 781 1454 843 eutius
1473 788 1609 861 emergat,
1628 776 1730 861 priseo
1749 776 1833 839 ordiri

284 895 336 957 pro
355 872 550 934 consuetudine
570 869 606 931 de
626 869 788 951 juramentis
810 866 931 927 vitandis
953 868 1029 947 agit,
1083 876 1211 937 ,undum
1224 888 1359 958 putarunt,
1379 874 1411 933 ln
1431 872 1483 932 hae
1502 870 1588 953 igitur
1604 868 1731 931 homilia
1749 869 1833 951 primo

284 980 444 1046 aestumque
450 967 509 1046 jam
517 963 591 1024 diem
601 984 659 1024 asse
670 962 720 1039 ait,
731 982 785 1041 quo
795 960 831 1022 dc
840 959 972 1023 servanda
980 961 1032 1020 hu·
1084 969 1185 1051 gratias
1192 970 1249 1049 agit
1258 968 1480 1050 Chrysostomus,
1488 962 1564 1044 quud
1573 962 1678 1025 civitat
1686 962 1728 1023 ab
1737 962 1833 1025 inimic

280 1059 402 1142 jusmodi
413 1060 472 1139 lege
485 1056 637 1119 admoueat.
1084 1074 1229 1122 soterrore
1241 1054 1601 1141 respiraverit3cainjeetia
1614 1054 1729 1137 quippe
1746 1055 1832 1137 suspi-

324 1152 473 1213 llomiliam
485 1169 585 1210 nonam
596 1149 623 1208 in
638 1148 733 1207 leriam
747 1146 893 1207 secundam
906 1144 1032 1207 secunde
1085 1154 1208 1215 eionibus
1221 1152 1356 1236 perterriti
1369 1148 1565 1232 quamplurimi
1577 1140 1773 1229 aufugerant:
1786 1148 1831 1207 hoc

283 1242 464 1304 hebdomadis
478 1238 702 1319 Quadragesime
720 1238 900 1319 probabiliter
920 1237 1033 1318 conjicit
1083 1246 1244 1307 calamitatis
1253 1258 1279 1305 et
1290 1244 1402 1305 temris
1413 1254 1544 1323 tempore,
1557 1238 1670 1319 aliquot
1682 1238 1834 1301 diebusta·

284 1335 489 1397 Tillemontius.
505 1333 564 1391 llao
579 1331 657 1391 dere
669 1352 736 1391 vem
748 1330 821 1390 nulla
835 1343 974 1411 comparet
987 1350 1033 1389 no·
1086 1338 1142 1399 cuit
1154 1338 1374 1421 chiffletianus,
1389 1348 1421 1394 ut
1433 1334 1492 1416 ip„
1503 1332 1554 1393 ait,
1569 1332 1654 1393 flam
1663 1352 1739 1393 vm
1751 1330 1835 1393 mi.

284 1442 324 1503 u,
333 1450 388 1511 qua
398 1427 444 1487 vel
455 1438 559 1486 certum
568 1423 614 1483 vel
626 1423 773 1483 verisimile
782 1421 925 1504 quidpiam
934 1434 1034 1483 statut·
1086 1433 1153 1493 liam
1171 1430 1281 1513 conjicit
1306 1425 1498 1490 Tillemontius
1515 1424 1544 1485 in
1566 1423 1669 1485 leriam
1690 1424 1834 1487 secundm

286 1540 357 1579 mus.
372 1518 473 1578 llabita
487 1529 558 1576 oerte
577 1515 629 1575 luit
642 1514 701 1575 hec
715 1516 809 1573 concio
821 1527 881 1595 post
894 1512 1034 1574 silentium
1085 1538 1187 1606 qum
1206 1520 1385 1584 hebdomadis
1409 1518 1650 1599 Qdugcsimae,
1676 1530 1709 1579 et
1730 1518 1836 1599 quiden

285 1612 332 1672 vel
351 1610 433 1670 unias
452 1609 497 1669 vel
518 1607 641 1689 plurium
655 1605 776 1682 dierum,
793 1619 824 1665 ut
840 1606 919 1666 initio
932 1606 1034 1667 diserte
1088 1616 1236 1696 optime,ut
1244 1614 1280 1674 ad
1291 1608 1571 1673 homiliamdecimam
1579 1608 1698 1669 leiim
1705 1606 1835 1671 dimut-

287 1706 327 1766 ait
346 1704 570 1786 chrysostomus,
587 1714 680 1759 omitra
693 1719 777 1779 quarn
796 1698 924 1780 opinatur
941 1698 1034 1761 'lille-
1088 1708 1186 1787 Agitur
1200 1706 1335 1789 precipue
1351 1706 1379 1764 in
1394 1702 1445 1763 hac
1457 1699 1571 1761 bomilia
1581 1698 1621 1761 de
1634 1700 1692 1761 Dei
1709 1701 1837 1783 sapieuu't

287 1797 418 1871 mondus,
429 1797 476 1876 qui
487 1816 550 1855 corn
562 1806 687 1853 octavam
698 1792 728 1851 in
742 1792 836 1853 leriam
850 1806 954 1853 sextam
968 1812 1034 1853 oon·
1087 1797 1116 1858 in
1130 1798 1249 1860 bominis
1260 1795 1459 1871 constitutione,
1469 1792 1534 1855 etin
1547 1792 1604 1853 line
1614 1790 1655 1853 de
1664 1792 1835 1877 vitandoju-

283 1890 375 1972 jiciat,
387 1902 414 1949 ct
426 1908 527 1950 nonam
545 1886 572 1947 in
586 1886 682 1946 leriam
696 1884 842 1947 secundam
856 1884 1034 1945 hebdomadis
1086 1905 1216 1952 umento.

287 1977 1035 2062 sequentis,aitinVitaChrysostomiart.l5,interpo-
1128 1984 1324 2047 Duodecimn
1339 1982 1405 2043 item
1419 1995 1447 2043 et
1465 1978 1602 2041 decimam
1623 1976 1763 2055 tertiam,
1782 1992 1836 2061 port

288 2076 354 2136 sitas
363 2074 470 2136 sabbati
486 2069 742 2137 etDominioedias
760 2070 844 2131 luisse
861 2068 1036 2131 hauddubie
1087 2079 1220 2141 decimam
1240 2080 1364 2159 quintam
1382 2089 1409 2138 et
1430 2074 1564 2139 decimam
1583 2084 1728 2151 natam,
1748 2070 1836 2133 eadm

287 2166 478 2251 chrysostomi
485 2165 660 2227 concionibus
666 2164 816 2246 insignitas,
823 2185 885 2243 quae
894 2164 1035 2225 conduues
1086 2194 1141 2252 qna
1161 2192 1245 2254 supra
1255 2168 1291 2231 de
1303 2190 1395 2241 causa,
1409 2166 1498 2248 rejicit
1512 2162 1732 2228 tillemontius.
1748 2166 1785 2223 dt
1794 2184 1838 2223 ur·

285 2257 345 2341 jam
353 2261 460 2321 amisse
468 2260 579 2320 luerint.
590 2258 725 2341 Populum
735 2270 827 2317 autem
836 2256 1035 2319 Antiochenum
1088 2264 1144 2325 seio
1157 2285 1213 2343 quo
1224 2276 1304 2345 pacto
1315 2260 1447 2340 intelligat
1457 2257 1526 2318 illud
1538 2256 1566 2317 iu
1576 2256 1633 2317 hae
1644 2254 1771 2317 butnilia
1779 2254 1837 2317 dur

288 2352 383 2414 laudat
392 2352 567 2432 initio,quod
576 2351 686 2411 monitis
696 2350 753 2410 suis
763 2349 1037 2433 obtemperanteaau·
1088 2355 1193 2419 decima
1206 2376 1282 2416 uum.
1300 2358 1315 2415 1
1335 2377 1343 2412 :
1361 2378 1377 2409 ι
1390 2350 1495 2414 Tribus
1506 2348 1594 2429 igitur
1608 2347 1772 2431 preteritis
1786 2348 1838 2409 dit·

288 2439 391 2502 ditores
402 2440 438 2502 dc
456 2439 590 2520 abigenda
603 2440 820 2519 juramentorum
839 2440 1036 2500 consuetudine
1088 2450 1140 2511 bu,
1158 2469 1243 2509 unum
1258 2445 1420 2528 cognitionis
1438 2442 1489 2503 Dei
1504 2438 1622 2501 niodum
1638 2440 1837 2521 quamam

288 2534 462 2594 currarentln
472 2531 532 2592 bec
543 2533 608 2591 item
619 2530 715 2603 verba,
727 2531 802 2590 Coeli
811 2544 956 2592 eumont
967 2532 1036 2614 glo-
1088 2542 1231 2625 ipsumque
1257 2540 1285 2600 in
1311 2538 1394 2598 linem
1419 2533 1603 2609 deduximus,
1628 2534 1838 2617 intepretans

288 2630 365 2685 rium
376 2627 445 2699 Dei,
458 2624 545 2684 multa
554 2622 631 2697 dicit,
640 2643 672 2682 ac
680 2622 732 2682 Dei
741 2622 941 2704 providentiam
952 2624 980 2684 in
990 2646 1036 2685 re·
1087 2632 1223 2713 quomodo
1238 2632 1313 2693 cali
1323 2640 1465 2691 omnent
1477 2627 1605 2707 glorians
1622 2626 1686 2687 Da'
1696 2652 1711 2699 ,·
1723 2640 1754 2687 et
1771 2627 1840 2709 th

288 2741 350 2781 rum
363 2719 527 2779 naturalium
538 2717 634 2779 ordine
642 2731 726 2797 atque
738 2730 868 2777 oonoentu
880 2717 1033 2799 predicate
1088 2725 1123 2785 eit
1137 2726 1214 2787 patiti
1233 2723 1349 2795 dictum,
1371 2719 1545 2781 invisibilia
1554 2720 1655 2799 ipsius
1668 2738 1694 2779 a
1709 2734 1841 2781 erem

288 2812 454 2892 demumque
471 2825 561 2873 monet
571 2825 628 2871 uta
642 2810 804 2891 juramentis
813 2809 993 2878 abstineatur.
1089 2818 1193 2877 mundi
1204 2836 1309 2895 parea,
1324 2813 1485 2894 quaefacta
1497 2820 1577 2883 suut,
1590 2808 1765 2872 tnrctteera
1778 2832 1840 2873 ena·

327 2906 447 2967 Humilia
457 2905 561 2965 decima
571 2924 625 2965 non
639 2904 687 2965 die
699 2923 799 2964 nonam
814 2903 973 2984 insequente
985 2905 1037 2966 ha·
1089 2912 1269 2990 spiciuntur:
1282 2919 1309 2966 ct
1329 2902 1575 2965 demonstravimus
1586 2900 1743 2981 quomodo
1757 2924 1844 2965 aue·

287 2997 345 3058 bita
355 2996 416 3070 luit,
430 2996 494 3057 licet
504 2995 577 3057 idem
590 3008 770 3077 prosequatur
794 3011 994 3075 argumentum,
1006 3011 1038 3058 ut
1091 3015 1151 3062 tura
1166 3000 1272 3073 mundi,
1283 3013 1309 3059 et
1323 2996 1459 3079 quomodo
1474 3014 1522 3077 per
1535 2993 1638 3055 eaelum
1656 3008 1688 3057 et
1704 3008 1843 3059 tmmtt

288 3112 355 3152 voce
364 3091 470 3174 πρῴην,
482 3113 583 3172 nuper,
594 3090 737 3151 indicatur.
749 3090 929 3152 Auditoribus
946 3106 1037 3154 autem
1090 3116 1165 3156 marc
1176 3096 1287 3155 Creator
1300 3090 1474 3173 glorificetur.
1491 3084 1581 3147 Hodie
1595 3090 1681 3160 vero}
1693 3114 1713 3149 s
1730 3104 1785 3151 ete.
1799 3090 1841 3151 llit

289 3184 441 3265 gratulatur
454 3183 676 3265 Chrysostomus,
694 3181 770 3261 quod
784 3183 895 3244 monitis
913 3186 970 3246 suis
982 3186 1037 3247 oh·
1090 3188 1186 3247 seriem
1200 3186 1285 3246 trium
1294 3182 1481 3253 homiliarum,
1492 3200 1547 3260 quo
1562 3178 1668 3241 ordine
1678 3180 1843 3244 mitratus

289 3275 510 3357 temperaverint.
527 3277 620 3355 Longe
631 3274 730 3334 melius
740 3296 798 3335 esse
808 3275 847 3334 ait
860 3278 975 3338 verbum
986 3301 1035 3339 au·
1092 3292 1152 3339 rant
1162 3292 1224 3339 ante
1234 3276 1421 3337 duodecimam
1433 3272 1512 3332 allert
1528 3271 1770 3353 chrysostomum,
1782 3296 1842 3337 un·

290 3368 360 3444 dire,
369 3388 453 3447 quam
463 3368 596 3449 jejunare.
614 3367 716 3427 Probat
726 3366 824 3428 deiude
834 3369 967 3431 mundum
980 3373 1038 3434 sine
1091 3392 1127 3454 pe
1139 3392 1227 3444 none,
1241 3370 1352 3430 decima
1363 3380 1390 3427 et
1404 3364 1565 3427 undecimae.
1580 3364 1615 3425 ln
1633 3386 1715 3427 uuus
1731 3370 1841 3429 numi

291 3457 343 3520 Dei
356 3457 527 3541 providentia
544 3472 615 3519 stare
632 3479 685 3518 non
701 3480 779 3540 posse
795 3483 802 3518 ι
821 3460 974 3544 desinitque
985 3464 1038 3527 de-
1092 3477 1281 3544 argumentum
1301 3459 1429 3521 orationis
1450 3456 1526 3539 ponit
1545 3455 1600 3517 hoc
1620 3458 1713 3519 Pauli
1733 3458 1841 3535 dictu,

291 3573 367 3612 mum
380 3552 546 3612 cohortando
557 3565 588 3610 ut
595 3552 748 3631 juramenta
761 3552 889 3616 vitentur.
1093 3558 1261 3615 inuisibilia
1284 3554 1392 3633 ipsius,
1413 3565 1483 3625 etot
1507 3546 1638 3629 illudque
1659 3550 1842 3627 Mun.
1871 3537 1875 3558 Α

331 3643 481 3704 llomiliam
496 3642 670 3703 undecimam
688 3658 766 3724 putat
778 3646 971 3710 Tillemontius
985 3651 1040 3711 ha·
1096 3649 1171 3707 lei
1179 3657 1320 3704 ennarrant
1327 3644 1452 3724 gloriam
1465 3643 1529 3702 Dei.
1537 3639 1569 3701 lu
1575 3638 1692 3703 decima
1702 3644 1840 3705 tunm

240 3774 243 3779 ·
294 3735 380 3795 bitem
390 3735 473 3793 luisse
489 3748 550 3814 post
559 3753 631 3805 eam,
643 3756 705 3813 quar
719 3734 823 3794 decima
835 3739 929 3814 quinta
942 3741 1043 3819 inseri-3
1095 3741 1116 3795 Ξ
1133 3756 1162 3795 se
1177 3734 1230 3793 boc
1245 3734 1333 3813 ipsum
1351 3746 1542 3814 argumentum
1554 3732 1691 3814 persequi
1705 3734 1841 3797 dedant:

293 3826 370 3884 bitur
380 3823 461 3891 inira,
475 3844 576 3883 necnon
590 3836 650 3903 post
664 3838 818 3903 sequentem
832 3825 967 3887 decimam
981 3850 1041 3890 sca-
1096 3827 1126 3886 in
1140 3825 1280 3885 undecima
1293 3848 1401 3905 quoquc
1411 3846 1489 3886 num.
1502 3828 1523 3885 2
1536 3844 1567 3885 te
1578 3822 1677 3887 eidem
1692 3840 1841 3909 argutam!

295 3931 364 3976 tam.
379 3915 538 3973 llocautem
554 3914 696 3974 ratiocinio
710 3914 807 3974 nititur
819 3916 865 3976 ille
879 3941 887 3975 t
901 3921 933 3978 ln
944 3940 987 3995 ea,
998 3922 1043 3982 in·
1097 3917 1218 3977 insistere
1236 3918 1404 3978 testificatur.
1426 3923 1521 3977 tlnnou
1544 3915 1752 3997 chrysostomi
1775 3920 1841 3983 dits!

297 4009 367 4086 quit,
379 4006 493 4067 bomilia
503 4007 537 4066 dc
547 4008 676 4088 periculis
686 4021 713 4068 et
723 4011 862 4083 erumnis,
875 4013 978 4091 quibus
986 4017 1044 4093 jam
1098 4010 1155 4071 vim
1165 4012 1244 4071 inlert
1251 4012 1454 4081 Tillemontius‚
1465 4034 1528 4073 cum
1535 4010 1681 4075 decimam
1690 4014 1842 4079 intectae

298 4102 390 4159 structa
408 4098 504 4158 civitas
523 4099 687 4159 Antiochena
703 4114 770 4173 erat,
784 4102 886 4182 agitur,
907 4125 968 4181 quae
982 4120 1045 4187 post
1098 4102 1229 4165 decimam
1240 4106 1300 4167 vult
1313 4107 1434 4166 interseri
1447 4104 1581 4165 decimam
1592 4108 1732 4185 quintam
1743 4109 1840 4173 etdn'·
1866 4108 1870 4115 ’

300 4192 448 4252 adventum
465 4190 617 4250 llellebicbi
635 4205 661 4249 et
675 4193 784 4251 Caesarii
802 4193 933 4254 accidisse
947 4194 1046 4257 viden·
1098 4218 1170 4257 mam
1181 4198 1306 4257 sertam?
1318 4198 1350 4257 ld
1362 4212 1451 4257 autem
1463 4198 1509 4258 ille
1519 4196 1743 4264 subdubitaudo
1752 4214 1841 4263 tam!

299 4298 355 4345 tur.
378 4282 429 4342 llle
451 4294 540 4340 autem
558 4279 690 4341 adventus
715 4283 868 4343 llellcbichi
888 4299 915 4344 et
934 4286 1046 4349 Caesarii
1097 4290 1222 4373 proponit
1234 4289 1261 4349 in
1275 4293 1386 4351 notallll
1400 4291 1435 4349 ad
1451 4291 1545 4351 Vitam
1557 4288 1724 4353 Theodosii
1737 4294 1841 4379 lmpm·

299 4378 327 4437 in
340 4376 452 4436 decima
464 4373 584 4454 septime
598 4372 720 4433 bomilia
733 4375 909 4455 titulo,lonqe
921 4392 982 4458 post
994 4400 1047 4440 un·
1099 4381 1165 4440 toris
1175 4401 1200 4439 n.
1214 4383 1261 4454 10,
1274 4385 1307 4440 tt
1323 4396 1349 4441 et
1367 4404 1453 4461 seqq,
1466 4382 1620 4461 fateturque
1629 4404 1702 4445 eum
1714 4402 1841 4467 (μοι

299 4468 442 4538 decimam,
459 4464 494 4525 dc
513 4486 566 4544 qua
580 4485 651 4525 nunc
665 4465 783 4545 agimus,
799 4482 974 4529 memoratur.
988 4472 1047 4534 lloc
1100 4472 1241 4532 statuimus
1251 4472 1373 4533 ordinem
1390 4474 1461 4533 elate
1473 4496 1488 4531 a
1498 4474 1839 4555 chrysostomoindimis

255 4591 293 4630 ,ος
302 4560 386 4618 fultus
406 4572 565 4637 argumento
585 4556 779 4617 Tillemontius
797 4579 850 4618 non
873 4559 956 4620 modo
971 4562 1047 4624 deei-
1100 4564 1146 4625 scd
1160 4566 1248 4626 nescio
1261 4588 1315 4646 quo
1328 4568 1454 4648 pactoab
1466 4566 1560 4626 eodem
1573 4564 1639 4645 ipso
1649 4568 1840 4657 ordinepotfl

303 4671 375 4710 marn
397 4649 530 4726 quintam,
547 4648 595 4707 scd
614 4649 696 4707 ctiam
715 4647 850 4708 decimam
864 4665 970 4712 sertam
985 4670 1048 4717 ante
1100 4656 1229 4719 discedat.
1242 4659 1373 4719 Caeterum
1391 4679 1452 4720 cum
1465 4658 1533 4719 dicit
1550 4657 1793 4740 chrysostomus,
1802 4664 1840 4723 tri·

303 4740 474 4800 undecimam
487 4739 633 4799 locandam·
644 4761 701 4799 csse
714 4754 801 4819 putat.
821 4746 856 4800 ht
869 4757 1047 4825 preterquam
1102 4752 1154 4809 hus
1168 4755 1319 4827 preteritis
1338 4752 1449 4821 diebus,
1463 4772 1517 4810 non
1531 4748 1709 4831 intelligitur
1720 4754 1760 4819 de
1769 4756 1841 4817 uhu

304 4832 379 4914 quod
393 4850 486 4890 omncs
503 4851 613 4910 prorsus
630 4832 811 4911 lllanuscripti
830 4834 956 4894 eumdem
969 4859 1047 4916 quem
1101 4841 1240 4921 postremis
1261 4840 1355 4899 dicbus
1375 4843 1402 4901 in
1423 4842 1523 4920 quibus
1544 4840 1653 4903 scilieet
1673 4848 1841 4909 condonat!

303 4924 380 4989 Editi
398 4921 521 4983 ordinem
538 4935 646 4981 servant
664 4946 671 4977 z
688 4943 719 4981 ca
735 4924 826 4982 omnia
841 4939 1049 5003 quaetunotcm·
1102 4946 1165 4991 erat.
1180 4935 1210 4991 ln
1227 4932 1474 4994 bacitcmhomilia
1492 4932 1841 5019 duodecimquaehaldt

305 5018 379 5099 poris
390 5011 661 5082 acciderunt,bonam
676 5013 811 5073 interdum
824 5020 1049 5098 spem,pericula,
1100 5038 1141 5084 est
1158 5025 1223 5084 lenia
1243 5026 1319 5084 tertia
1333 5041 1433 5104 quartae
1453 5026 1638 5087 hebdomadis
1657 5030 1841 5115 Quadraqtsi·
1874 5047 1875 5052 ’

306 5111 429 5182 timores,
443 5104 539 5177 minas,
549 5125 609 5181 qua
619 5104 687 5163 benc
699 5106 784 5163 multa
795 5106 823 5164 in
836 5108 894 5186 pari
906 5128 970 5169 casu
983 5133 1051 5174 sem·
1103 5136 1164 5186 ma,
1178 5116 1264 5175 cidem
1278 5117 1375 5176 insistit
1390 5118 1531 5200 hypothesi
1549 5118 1586 5179 de
1598 5120 1751 5204 sapientia
1765 5123 1841 5190 tteiia

306 5224 356 5284 per
370 5198 527 5277 contingere
538 5195 639 5266 solent,
655 5214 708 5253 nou
721 5209 763 5254 sat
777 5213 900 5257 accurate
914 5204 1051 5285 novimus,
1105 5206 1199 5265 mundi
1212 5208 1338 5287 opificio:
1358 5225 1446 5289 postca
1461 5212 1516 5291 agit
1533 5212 1646 5294 dejure
1658 5222 1797 5298 naturali,
1806 5240 1843 5281 et·

307 5308 338 5354 ut
347 5316 382 5353 cx
396 5285 553 5371 hujusmodi
566 5284 707 5345 ratiocinio
720 5285 824 5363 aliquid
841 5288 868 5346 in
884 5288 982 5351 ordine
994 5315 1054 5355 mu·
1104 5298 1149 5379 jus
1161 5301 1337 5379 cognitionem
1351 5304 1424 5364 Deus
1434 5304 1538 5365 homini
1549 5304 1844 5399 indidit,deqnejnra·

307 5384 425 5445 tandum
435 5379 507 5444 cade
518 5398 599 5439 causa
609 5396 773 5438 censeamus.
784 5379 873 5439 Multa
883 5379 956 5442 dixit
965 5385 1055 5469 Chry.
1107 5405 1197 5452 mento
1210 5391 1325 5454 viando.
