3714 5970
259 481 326 556 ψ
718 472 749 522 s.
776 471 916 522 cornuis
941 434 1177 524 cantsosrosn
1204 474 1300 539 vrrs,

255 624 335 665 causa
354 624 369 662 a
382 603 484 666 Joannc
497 599 533 659 ab
546 597 665 661 Ecclesia
679 600 775 680 ejectos
793 597 894 674 luisse,
907 596 992 657 suasit

254 695 312 755 illis
330 707 360 754 ut
382 692 487 753 libellos
497 691 628 751 adversus
638 692 766 752 loannem
780 690 920 763 offerrent,
932 689 993 771 pol·

254 785 347 846 licitus
359 806 387 845 se
406 784 467 843 illos
482 783 510 842 in
529 783 672 864 pristinum
691 777 807 862 gradium
828 797 855 842 et
869 781 993 841 ministe-

255 877 328 936 rium
340 875 527 935 restituturum
536 896 603 935 esse.
617 875 663 934 llli
673 896 729 934 rem
744 873 921 934 libentissime
934 894 993 932 am·

255 966 329 1047 plexi
344 980 416 1036 sunt,
432 966 589 1046 libellosque
603 968 656 1048 ipsi
669 967 843 1042 obtulerunt,
858 988 925 1046 quos
937 966 996 1048 ipse

256 1057 427 1141 Theophilus
437 1056 602 1134 dictaverat,
622 1056 763 1137 inquibus
785 1071 880 1119 catera
902 1058 1009 1133 omnia,

256 1149 322 1209 lalsa
335 1163 361 1209 et
374 1148 544 1231 supposititia
552 1195 561 1226 ,
575 1171 659 1210 unum
674 1162 764 1209 autem
778 1163 882 1209 tantum
899 1170 996 1209 verum

255 1254 323 1313 erat,
338 1239 411 1318 quod
433 1261 529 1320 nempe
550 1241 666 1301 Joanoes
687 1262 780 1301 omnes
805 1254 944 1316 moneret,
965 1253 996 1298 ut

256 1345 318 1414 post
335 1332 550 1392 communionem
557 1379 567 1406 ,
578 1353 675 1412 aquam
690 1345 738 1391 aut
755 1332 895 1413 pastillum
908 1331 996 1410 degu-

256 1438 366 1501 starent,
380 1445 414 1483 ne
425 1445 487 1483 cum
501 1424 587 1485 salira
600 1438 646 1483 aut
661 1424 785 1505 pituitae
805 1423 930 1505 symbolo
944 1422 998 1481 Sa·

256 1516 387 1577 cramenti
399 1509 504 1596 aliquid
517 1530 613 1597 practer
623 1516 789 1576 voluntatem
800 1527 976 1597 exspueretnr
991 1537 999 1570 :

258 1609 332 1689 quod
349 1622 376 1669 et
389 1608 587 1689 ipscsaciebat.
600 1611 667 1682 Quae
678 1629 720 1669 res
733 1622 805 1668 certe
822 1608 893 1668 nulli
911 1605 998 1687 culpas

258 1699 375 1763 obnoxia
387 1699 542 1762 videbatur.
554 1696 559 1703 ⁴

299 1795 424 1876 Acceptis
453 1794 554 1854 libellis
580 1793 750 1875 Theophilus
778 1793 806 1852 in
831 1791 999 1875 Eugraphiae

157 1950 161 1958 ,
258 1884 363 1946 aedibus
384 1884 550 1964 colloquium
569 1883 666 1943 habuit
683 1905 746 1944 cnm
768 1883 929 1958 Severiano,
945 1888 999 1942 An·

259 1976 350 2037 tiocho
368 1993 396 2038 et
419 1978 531 2052 Acacio,
556 1977 711 2055 caterisque
731 1974 842 2036 Joannis
866 1974 999 2050 inimicis,

258 2069 307 2149 qui
318 2090 385 2152 pene
398 2089 489 2130 omncs
499 2090 533 2128 cs
544 2068 656 2130 Joannis
669 2066 857 2146 monitisjuste
870 2054 1001 2126 modeste-

260 2185 313 2244 que
325 2164 410 2241 datis,
420 2163 551 2223 adversus
569 2161 648 2222 illum
665 2161 811 2222 exulcerati
822 2174 906 2224 erant.
923 2163 1002 2221 Unus

258 2276 323 2317 vero
333 2278 368 2317 ex
382 2256 415 2316 iis
438 2257 484 2334 qui
500 2253 611 2314 aderant
624 2300 634 2326 ,
649 2255 710 2314 aliis
729 2253 862 2334 suggessit
874 2268 903 2312 ut
915 2253 1003 2315 libelli

259 2346 388 2409 duremur
401 2347 577 2428 Imperatori,
592 2359 622 2405 ut
640 2347 697 2427 ipse
710 2348 841 2407 loannem
863 2347 907 2406 vel
930 2345 1001 2405 inri-

258 2455 318 2502 tum
335 2440 371 2500 ad
390 2439 533 2521 Synodum
557 2459 585 2497 sc
608 2438 701 2497 sistere
714 2451 827 2516 cogeret.
843 2437 914 2509 Quia
928 2457 1001 2512 vero,

259 2546 291 2592 ut
317 2532 415 2613 saepius
441 2530 607 2612 experientia
629 2543 795 2611 compertum
817 2528 881 2601 t‘uit,
905 2550 1002 2589 aurum

259 2625 349 2684 omnia
365 2644 448 2704 prona
462 2622 605 2702 faciliaque
617 2621 707 2681 reddit
712 2645 722 2697 3
737 2621 787 2680 hac
801 2620 846 2681 via
859 2623 1003 2704 Theophi-

260 2716 304 2775 lus
316 2716 438 2776 effecerat
454 2730 485 2775 ut
504 2714 584 2774 aulici
599 2715 677 2773 multi
692 2735 742 2796 pro
754 2735 783 2774 se
795 2729 904 2791 starent,
923 2730 1003 2795 atque

259 2808 299 2869 sic
310 2829 369 2887 quac
385 2809 413 2867 in
427 2808 527 2889 optatis
541 2807 592 2866 sibi
604 2820 679 2866 crant
691 2806 856 2886 impetravit.

134 2923 250 2984 camme,
301 2899 361 2959 Etsi
379 2920 443 2959 vcro
461 2898 632 2979 Imperatoris
647 2918 776 2956 consensu
797 2909 822 2956 et
836 2898 915 2977 jussu
938 2897 1001 2957 lulti

108 2985 249 3046 '·³·l·l²⁷·
260 2991 430 3073 Theophilus
445 3005 470 3050 ct
492 2990 576 3064 socii,
590 3010 643 3048 non
665 2989 722 3048 ausi
745 3000 808 3048 sunt
824 3002 910 3047 tamen
932 2988 1003 3048 intra

213 3120 250 3163 m
261 3085 357 3145 urbem
386 3083 635 3164 Constantinopolin
663 3081 806 3163 Synodum
837 3103 945 3162 cogere,
974 3096 1003 3141 ut

261 3198 295 3237 ne
309 3176 414 3258 plebem
435 3176 535 3256 pastori
550 3196 598 3234 suo
609 3174 822 3234 addictissimum
845 3195 1002 3234 commove·

261 3281 331 3341 rent,
343 3281 369 3326 et
387 3266 531 3327 adversum
543 3287 571 3325 se
582 3265 728 3325 tumultum
746 3265 906 3339 excitarent3
918 3286 1004 3344 neque

261 3372 351 3419 tutum
365 3359 417 3418 sibi
432 3358 488 3416 loro
500 3358 641 3437 putabant,
657 3359 681 3416 si
693 3357 851 3430 calumnias,
867 3379 935 3436 qnas
947 3358 1003 3417 fal-

262 3451 284 3509 si
292 3444 448 3511 convine'ere
459 3450 537 3508 facile
548 3464 613 3525 erat,
622 3450 649 3508 in
663 3449 752 3509 medio
761 3451 941 3530 imperatorias
956 3471 1002 3508 ur·

261 3541 305 3600 bis
317 3542 476 3621 proferrent.
489 3541 659 3620 Theophilus
671 3541 755 3619 igitur
774 3562 822 3621 pcr
836 3554 889 3599 tres
904 3539 1003 3599 hebdo-

136 3662 224 3705 sm,
234 3656 253 3701 1,
263 3632 356 3692 madas
370 3632 599 3711 Constantinopoli
612 3645 800 3705 commoratus,
812 3653 874 3690 cnm
886 3633 946 3690 aliis
961 3653 1002 3692 se·

111 3724 136 3773 ⁸·
146 3738 167 3767 ⁶·
184 3736 221 3785 ι7·
263 3746 325 3787 cum
340 3725 565 3785 consentientibus
582 3725 714 3806 episcopis
729 3724 926 3784 Chalcedonem
940 3746 1003 3806 per·

110 3854 216 3914 5,de
227 3849 255 3895 sd
265 3818 345 3893 rexit,
359 3815 473 3894 indeque
486 3816 521 3874 ad
542 3817 697 3892 Quercum,
716 3816 892 3877 Chalcedonis
905 3817 1005 3876 subur-

111 3917 237 3978 Quorsum.
264 3913 376 3985 henum,
387 3909 416 3968 in
427 3908 536 3967 ccclesia
549 3907 599 3968 SS.
615 3908 801 3989 Apostolorum
813 3908 885 3966 Petri
897 3922 922 3967 et
934 3911 1006 3968 Pau·

264 4007 304 4082 li,
318 4026 400 4085 qnam
418 4003 534 4063 Rufinus
548 4016 751 4078 construxerat,
764 4003 905 4084 Synndum
919 4006 1000 4064 colle-

265 4098 314 4180 git,
328 4110 354 4155 et
373 4116 435 4154 cum
460 4084 574 4167 Acacin,
590 4095 733 4154 Severiano
747 4110 772 4155 et
797 4096 931 4156 Antiocho
952 4098 1004 4157 ini·

265 4209 349 4269 quum
361 4188 529 4269 propositum
544 4185 674 4267 explevit.

305 4281 383 4344 Nihil
399 4280 485 4340 ibide
501 4280 625 4359 Origenis
639 4279 746 4361 scriptis
761 4280 788 4338 in
810 4280 898 4341 medio
912 4284 1005 4362 prola-

223 4391 226 4395 ’
265 4389 323 4434 tum
336 4375 398 4450 snit,
412 4372 482 4432 nihil
500 4372 534 4431 dc
549 4372 691 4432 Fratribus
706 4373 806 4452 Longis
821 4375 964 4435 Ammonio
981 4390 1005 4435 ct

264 4469 337 4547 aliis,
352 4489 411 4547 quae
434 4481 521 4526 tamen
544 4488 596 4524 una
620 4466 749 4525 hactenus
771 4467 924 4547 Theophilo
944 4470 1005 4528 sue-

264 4577 325 4624 rant
336 4561 505 4640 querelarum
525 4581 623 4618 carisa:
642 4581 697 4640 pax
711 4561 779 4618 sacta
794 4581 855 4620 cum
870 4560 1004 4620 illiserat.

266 4653 458 4720 consceleratis
472 4674 529 4711 sese
541 4653 667 4732 adjunxit
679 4653 815 4732 Cyrinus,
826 4652 1005 4713 Chalcedonis

266 4751 422 4833 episcopus,
438 4766 518 4823 quern
529 4745 647 4804 vidimus
661 4766 695 4803 ex
711 4745 858 4826 improviso
870 4748 1004 4806 illaruthae

267 4863 359 4928 gressu
371 4838 447 4921 pedis
465 4836 606 4895 doloribus
624 4838 800 4911 laborantem,
817 4840 865 4916 qni
880 4854 944 4899 tune
960 4861 1008 4900 nec

267 4933 357 4999 morbi
375 4931 470 4990 dolorc
493 4930 674 5010 praepeditus,
688 4930 715 4987 in
734 4933 863 4991 Joannem
883 4955 930 4993 eeu
955 4934 1006 4992 hn-

142 5029 317 5108 sosom.t.stis
340 5022 495 5084 insurrexit.
511 5021 583 5079 lllud
607 5044 687 5096 vero,
703 5036 732 5080 ut
757 5025 871 5104 carptim
893 5025 1005 5103 dicam,

117 5124 144 5177 8.
156 5141 177 5172 e.
192 5119 227 5170 ro·
268 5142 321 5184 non
336 5117 447 5196 impunc
459 5113 522 5171 fecit
535 5127 639 5194 :postea
659 5113 729 5172 enim
749 5135 811 5172 cnm
833 5117 904 5175 male
920 5117 1006 5176 habc-

269 5228 395 5292 ret,·erus
405 5207 428 5266 ei
443 5227 511 5288 saepe
526 5227 541 5264 a
554 5205 667 5265 medicis
680 5206 827 5266 dissectum
839 5222 887 5269 est.
902 5211 1007 5291 Super-

269 5306 377 5375 amiens
391 5300 464 5362 enim
485 5296 597 5381 prrtmdo
619 5311 706 5359 totum
726 5319 821 5380 corpus
844 5301 1005 5382 depasceba-

1047 611 1106 676 tur;
1122 598 1189 658 adeo
1202 613 1231 658 ut
1243 599 1311 658 alter
1324 617 1431 677 quoque
1452 617 1497 678 pes
1517 595 1588 656 idem
1603 609 1738 678 pateretur
1751 615 1786 655 ex

1047 704 1142 749 mutua
1152 690 1254 751 doloris
1265 688 1521 764 communicatione,
1537 702 1618 767 atque
1631 710 1684 749 non
1703 690 1790 748 multo

1047 793 1110 862 post
1120 780 1148 839 in
1162 781 1303 841 doloribus
1320 780 1468 840 exstinctus
1484 792 1531 838 est.
1545 780 1587 839 Ad
1601 779 1788 861 Theophilum

1049 871 1113 931 item
1133 871 1230 932 deiecit
1244 872 1346 931 Paulus
1359 872 1536 947 Heracleotes,
1549 871 1597 950 qui
1616 893 1668 930 non
1682 872 1791 932 semela

1050 963 1152 1023 Joanoe
1166 963 1193 1022 in
1215 964 1328 1044 negotiis
1341 963 1481 1023 adhibitus
1502 965 1597 1024 iuerat.
1612 963 1689 1035 Quid
1704 965 1725 1023 si
1746 964 1792 1023 di-

1050 1073 1155 1130 camus,
1170 1075 1232 1115 cum
1247 1048 1402 1136 Theophila
1416 1070 1512 1137 patruo
1532 1077 1581 1116 suo
1601 1056 1721 1117 adfuisse
1736 1057 1791 1137 Cy·

1049 1144 1142 1204 rillum
1153 1147 1299 1226 juvenem,
1310 1147 1358 1226 qui
1378 1160 1469 1229 postea
1482 1148 1639 1228 Theoplrilo
1652 1141 1790 1220 successit,

1050 1235 1211 1297 acdoctn‘na
1226 1238 1453 1316 sanctimoniaque
1463 1238 1576 1299 celebris
1590 1240 1665 1300 luit?

1092 1331 1128 1390 Hi
1146 1331 1228 1392 simul
1243 1333 1368 1414 judices,
1390 1347 1557 1394 accusatores
1569 1349 1595 1393 et
1608 1347 1687 1394 testes
1700 1347 1793 1411 erant,
1824 1398 1828 1406 ,

1053 1422 1096 1483 vel
1107 1436 1184 1483 testes
1196 1424 1278 1485 falsos
1291 1422 1465 1487 advocarent.
1482 1425 1625 1487 thdecim
1639 1427 1697 1486 haec
1710 1395 1854 1501 actio-22:1⁵¹

1052 1513 1134 1596 nibus
1158 1531 1261 1595 peracta
1290 1530 1353 1577 sunt
1375 1541 1383 1574 ε
1405 1515 1548 1578 duodecim
1575 1538 1673 1600 nempe
1699 1531 1792 1577 contra

1053 1608 1183 1668 loannem
1202 1609 1313 1690 pmlatae
1333 1623 1406 1684 suot,
1416 1608 1495 1669 tertia
1512 1607 1617 1669 decima
1637 1624 1730 1669 contra
1743 1610 1854 1668 lle-Criu

1051 1698 1171 1759 racliden
1184 1715 1257 1773 erat,
1278 1722 1357 1780 quem
1372 1700 1500 1783 Ephesiis
1522 1701 1569 1761 ille
1581 1701 1722 1761 ordinarat
1731 1702 1792 1782 epi·
1806 1693 1854 1783 3¹¹,

1053 1811 1165 1872 scopum
1189 1818 1196 1852 ε
1222 1793 1299 1874 cujus
1318 1806 1415 1854 tamen'
1431 1794 1626 1876 depositionem
1645 1794 1796 1854 invalidam
1807 1786 1854 1845 nri

1054 1883 1183 1959 reddere,
1195 1885 1260 1945 aliis
1273 1884 1410 1945 nonnullis
1432 1885 1660 1966 prohibentibus,
1686 1886 1798 1944 minime
1808 1872 1839 1908 ¹⁸·

1054 1988 1208 2056 potnerunt.
1222 1976 1370 2036 Heraclidae
1390 1991 1481 2037 autem
1500 1982 1639 2037 accusator
1657 1978 1711 2037 tuit
1732 1981 1797 2037 llla·

1055 2066 1154 2139 carius,
1168 2070 1324 2147 Magnetum
1337 2069 1488 2150 episcopus.
1504 2070 1616 2131 Joannis
1629 2090 1694 2131 vcro
1706 2069 1799 2152 Chry-

1055 2159 1165 2218 sostomi
1176 2174 1314 2220 accusatur
1325 2163 1377 2221 suit
1393 2164 1509 2223 Joanocs
1524 2163 1677 2240 Diaconus,
1692 2163 1797 2244 episco-

1056 2251 1087 2332 pi
1100 2253 1141 2311 sui
1158 2253 1248 2334 palam
1269 2254 1426 2334 bostis,qui
1440 2270 1577 2334 sequentes
1596 2255 1795 2316 criminationes

1056 2342 1225 2406 inloannem
1238 2345 1394 2428 episcopum
1408 2346 1509 2406 attulit.

1098 2439 1140 2494 l·.
1150 2434 1233 2507 Quod
1249 2457 1278 2495 se
1293 2457 1307 2496 e
1324 2437 1466 2497 diaconatu
1483 2436 1722 2518 amovisset,qnia
1746 2437 1799 2518 ipse

1055 2546 1175 2607 puerum·
1183 2549 1263 2588 suum
1276 2529 1453 2589 domesticum
1466 2530 1664 2590 verberaverat.

1054 2657 1057 2666 ·
1095 2622 1139 2677 2⁰.
1165 2619 1247 2690 Quod
1274 2622 1390 2682 Joannes
1415 2619 1525 2699 quidam
1548 2620 1701 2680 Monachus
1722 2621 1798 2702 jussu

1058 2710 1117 2790 ejus
1128 2713 1294 2791 vapulasset,
1308 2726 1496 2794 raptatosque,
1512 2735 1542 2772 ac
1556 2734 1619 2773 cum
1632 2711 1800 2772 demoniacis

1055 2814 1150 2861 catena
1163 2804 1247 2863 ferrea
1263 2807 1421 2864 constrictus
1435 2805 1537 2865 fuisset.

1096 2897 1138 2956 5⁰.
1151 2896 1231 2968 Quod
1244 2897 1432 2976 cimeliorum(
1444 2896 1590 2972 Ecclesia)
1605 2917 1731 2976 magnam
1746 2894 1801 2956 vim

1056 2988 1233 3048 vendidisset.

1098 3085 1141 3142 ⁴⁰.
1159 3081 1240 3157 Quod
1257 3102 1407 3164 marmora,
1423 3103 1482 3160 quac
1499 3080 1640 3141 Nectarius
1657 3080 1801 3159 reliquerat

1057 3172 1092 3233 ad
1114 3173 1262 3233 ornandam
1288 3188 1386 3234 sanctae
1407 3174 1554 3233 Anastasia
1576 3173 1733 3247 ecclesiam,
1746 3171 1801 3253 ipse

1057 3265 1220 3327 vendiderit.

1098 3361 1139 3418 5⁰.
1153 3358 1235 3433 Quod
1253 3359 1361 3419 clericos
1384 3358 1531 3439 appellaret
1544 3357 1629 3430 viles,
1646 3369 1799 3437 corruptos,

1058 3451 1182 3527 inutiles,
1194 3451 1360 3512 triobolares.

1099 3548 1140 3606 6⁰.
1158 3544 1238 3615 Quod
1260 3545 1289 3604 S.
1303 3543 1490 3626 Epiphaniam
1510 3543 1628 3602 delirum
1645 3541 1800 3622 appellave-

1060 3641 1111 3712 rit,
1124 3655 1150 3699 et
1163 3661 1278 3721 parvum
1291 3640 1465 3699 daemonium.

1100 3735 1141 3793 7⁰.
1157 3731 1238 3807 Quod
1249 3734 1393 3793 Severiano
1406 3730 1518 3792 insidias
1526 3730 1674 3806 struxerit,
1687 3730 1801 3790 incitatis

1060 3822 1189 3883 adversus
1201 3823 1279 3883 illum
1294 3823 1411 3883 decanis.

1100 3917 1141 3978 8⁸.
1154 3916 1236 3988 Quod
1255 3931 1346 3976 contra
1368 3916 1477 3977 Clerum
1497 3915 1601 3974 librum
1618 3915 1802 3997 sycophantiis

1059 4011 1168 4091 plenum
1185 4010 1329 4090 scripserit.

1098 4106 1140 4163 9⁰.
1155 4103 1236 4175 Quod
1250 4102 1332 4161 totius
1343 4100 1414 4161 Cleri
1425 4114 1554 4160 conventu
1564 4101 1705 4174 sacto,tres
1713 4101 1803 4161 diaeo-

1059 4190 1805 4273 noscitarit‚Acacium,EdaphiumetJoanncm,etqua·

1059 4288 1083 4344 si
1095 4287 1233 4346 humerale
1240 4307 1318 4345 suum
1333 4286 1516 4357 inratiesscnt,
1526 4286 1658 4344 accusarit
1664 4331 1674 4357 ,
1683 4307 1806 4363 quaerens

1060 4393 1152 4438 utrum
1166 4381 1200 4438 ad
1215 4379 1299 4437 alium
1312 4379 1431 4456 aliquem
1446 4398 1525 4435 usum
1536 4376 1606 4435 illud
1619 4377 1764 4457 cepissent.

1102 4473 1163 4528 t00.
1178 4470 1260 4543 Quod
1276 4470 1435 4544 Antonium,
1447 4468 1633 4547 sepulcrorum
1646 4467 1807 4530 violatorem

1061 4562 1228 4636 convictum,
1244 4562 1399 4642 episcopum
1413 4558 1587 4619 ordinaverit.

1102 4660 1162 4716 tlt.
1175 4655 1256 4727 Quod
1271 4657 1401 4716 Joannem
1415 4651 1539 4712 comitem
1554 4650 1581 4709 in
1598 4652 1722 4714 militum
1736 4655 1810 4715 sedi-

1061 4750 1134 4809 tione
1151 4747 1310 4829 prodiderit.

1103 4847 1164 4901 120.
1178 4841 1259 4912 Quod
1281 4861 1367 4918 neque
1380 4839 1408 4897 in
1423 4835 1560 4898 ecclesiam
1576 4834 1753 4919 ingrediens,
1768 4862 1813 4901 tte·

1062 4957 1114 5014 que
1128 4935 1235 5007 exiens,
1250 4946 1412 5013 precaretur.

1104 5028 1165 5085 15⁰.
1186 5025 1267 5095 Quod
1288 5025 1345 5083 sine
1360 5022 1438 5081 altari
1457 5020 1634 5082 diaconorum
1650 5037 1677 5081 et
1699 5023 1817 5105 presby·

1063 5132 1182 5179 teucrum
1199 5116 1380 5176 ordinationes
1392 5114 1493 5174 fecerit.

1103 5211 1163 5269 w.
1176 5209 1260 5284 Quod
1274 5229 1326 5268 una
1340 5205 1508 5268 ordinatione
1520 5218 1638 5285 quatuor
1650 5205 1741 5267 simul
1753 5205 1819 5288 cpi·

1062 5324 1156 5383 scopos
1170 5301 1275 5363 crearit.
