3750 6052
226 568 322 658 284·
854 589 970 638 sauata
999 588 1158 651 ocenias.

221 716 241 772 li
262 715 324 795 igne
343 713 477 782 combusti
497 712 691 789 dissolventur,
713 712 822 790 quando
841 728 913 772 astra
932 726 961 771 ut
1015 715 1119 793 οὐρανοὶ
1132 712 1290 796 πυρούμενοι
1302 712 1480 785 λυθήσονται,
1494 712 1560 775 όταν
1575 713 1670 795 deren
1682 715 1724 782 ὥς
1736 712 1805 796 φύλ·

222 794 288 853 folia
302 793 441 863 decident,
460 792 603 852 solantem
622 806 648 852 et
664 791 729 850 luna
749 792 865 851 tenebris
880 794 959 851 obte-
1015 796 1050 852 λα
1063 799 1221 868 πεσοῦνται,
1236 793 1311 864 ἥλιος
1323 791 1352 852 δλ
1365 792 1411 850 καλ
1429 792 1527 866 σελήνη
1545 793 1805 867 σκοτισθήσονταε,

241 886 331 943 αιτιοι,
354 892 403 932 nec
415 871 518 932 dabunt
537 873 624 931 lucem
638 892 730 945 suam;
746 870 855 950 quando
871 872 960 931 Filius
1015 870 1104 932 καλοῦ
1127 873 1241 932 δώσουσι
1258 871 1397 952 τδφίγγος
1410 873 1515 932 abos-
1533 871 1601 932 όταν
1626 877 1804 953 φανερωθῇθ

218 895 340 1016 bominis
356 951 500 1033 apparebit
515 966 541 1011 et
557 971 592 1010 ex
607 952 681 1010 calis
698 951 842 1011 descendet
860 951 887 1009 in
907 966 960 1010 ter·
979 966 996 1014 F
1017 951 1078 1019 λ”ιδς
1094 959 1140 1011 τοῦ
1155 950 1312 1031 ἀνθρώπω,
1331 952 1377 1010 καί
1389 950 1503 1032 κατίλθη
1522 953 1579 1013 derb
1596 956 1655 1012 τεῦν
1671 955 1799 1032 οὐρανῶν

221 1054 290 1105 ram,
301 1046 327 1091 et
336 1033 461 1094 Virtutes
471 1032 599 1091 calorum
609 1032 850 1090 commovebuntur
856 1053 865 1104 ;
875 1052 959 1121 qrran·
1015 1030 1060 1088 lrrl
1071 1030 1119 1104 τὴν
1133 1034 1202 1111 γῆν,
1216 1031 1262 1089 καλ
1276 1034 1308 1093 σί
1317 1030 1441 1108 δυνάμεις
1453 1035 1507 1091 τῦν
1520 1034 1643 1113 ούρανῦν
1659 1033 1803 1105 σαλευθή-

220 1112 257 1171 do
271 1112 429 1191 angelorum
442 1125 523 1175 ετιιιιι
533 1111 707 1171 decursiones
722 1114 737 1183 ‚'
746 1110 873 1169 tubarum
885 1131 958 1171 inea·
1016 1131 1123 1169 σονται·
1147 1110 1209 1169 όταν
1233 1109 1352 1190 ἀγγέλων
1373 1111 1558 1188 καταδρομαὶ,
1587 1115 1617 1172 αί
1631 1112 1728 1194 φωναλ
1744 1116 1800 1172 τῶν

219 1190 340 1267 dentium
356 1212 448 1266 νοντα,
462 1189 696 1269 quandoiguisin
710 1191 958 1269 eonspectuejuset
1015 1188 1169 1270 σαλπίγγων
1192 1191 1391 1271 ἐπερχομένων,
1411 1194 1448 1248 πῦ
1477 1192 1593 1250 tedam
1609 1194 1700 1252 αὐτοῦ
1720 1193 1801 1251 καιό-

220 1284 404 1331 transcurrens
415 1283 444 1328 ut
457 1270 550 1328 orbern
563 1268 699 1342 incendat,
709 1283 735 1328 et
744 1268 771 1328 in
780 1270 893 1327 circuitu
904 1271 962 1348 ejus
1016 1290 1093 1344 μενον
1117 1269 1163 1329 καλ
1184 1258 1321 1350 διατρίχον
1342 1271 1515 1338 κατακλυζειν
1535 1270 1587 1343 τὴν
1606 1270 1800 1350 οίκουμίνην,

219 1364 363 1432 tempestas
377 1349 571 1419 valida‚tcrree
587 1347 827 1421 motusborrcodi,
835 1361 860 1406 et
871 1348 963 1408 lulmi·
1015 1347 1105 1429 κύκλῳ
1118 1352 1196 1410 αὐτοῦ
1209 1347 1330 1426 καταιγλς
1347 1347 1463 1508 σφμόγδρχ,
1484 1350 1593 1426 σεισμολ
1672 1351 1800 1429 spelaei

220 1451 254 1489 na
288 1430 359 1489 ualia
375 1449 522 1507 numquam
536 1430 622 1501 luere,
636 1448 684 1486 nee
700 1428 790 1486 futura
804 1441 868 1487 sunt
878 1430 1155 1507 usque242tttpoorol,
1181 1426 1208 1487 σί
1228 1429 1354 1489 ούδίποτε
1383 1432 1391 1449 ’
1452 1450 1497 1487 ντο
1515 1431 1577 1489 eote
1629 1452 1731 1489 νονται
1750 1430 1799 1498 ἕως

220 1507 255 1568 ad
268 1453 342 1569 diem
354 1509 447 1567 illum:
460 1509 497 1566 ita
510 1521 538 1566 ut
553 1507 619 1590 ipsae
635 1509 757 1567 Virtutes
770 1508 896 1567 caelorum
908 1521 962 1568 tm·
981 1517 1000 1562 Α
1015 1506 1116 1578 ίκείνης
1135 1510 1182 1579 τῆς
1196 1509 1316 1587 ἡμίρας,
1336 1507 1406 1567 ὥστε
1420 1509 1465 1568 καί
1487 1507 1572 1575 αύτδς
1591 1506 1642 1577 τδς
1668 1509 1799 1586 δυνάμεις

221 1609 296 1647 τηοσε
309 1609 406 1666 magno
420 1586 612 1677 corripiantur,
628 1586 728 1659 Quales
740 1587 825 1665 igitur
841 1608 890 1646 nos
906 1609 963 1648 esse
1014 1588 1067 1645 τῶν
1085 1589 1238 1690 οῦρανῶντ
1271 1612 1314 1679 μῳ
1339 1587 1407 1666 μεγά
1465 1589 1665 1669 συλληφθῆναι.
1688 1591 1800 1649 Οὐκοῦν

221 1680 337 1748 oportet,
347 1669 442 1727 fratres
452 1687 505 1726 mer
515 1667 528 1725 ,⁹
538 1667 627 1745 qualis
640 1669 721 1725 umor
731 1680 757 1725 et
769 1667 858 1744 qualis
867 1667 963 1728 horror
1014 1688 1147 1744 ποταμους
1163 1668 1200 1726 δεῖ
1217 1689 1284 1725 εναι
1305 1669 1426 1744 alpem
1442 1665 1516 1747 ελφοί
1529 1686 1604 1743 μου;
1619 1677 1704 1736 ποῖος

221 1767 270 1807 nos
284 1747 415 1808 invadet?
432 1747 530 1805 Animo
541 1768 575 1827 pe
624 1745 675 1805 ode
687 1744 813 1805 lsraelem
831 1746 858 1804 in
872 1746 962 1808 deser·
1013 1745 1059 1804 καλ
1072 1746 1136 1806 ποία
1151 1746 1232 1826 φρίκη
1240 1746 1354 1827 λήψεται
1367 1751 1439 1823 ἡμᾶς
1450 1772 1458 1818 ;
1469 1746 1637 1820 κατανόησον
1646 1747 1715 1807 τδν’
1732 1772 1797 1826 epa·

220 1840 257 1899 to,
274 1826 409 1906 quomodo
428 1847 480 1885 non
494 1826 596 1886 sustine
616 1839 661 1885 ant
677 1825 814 1885 turbinem
829 1826 964 1906 etcaligi·
1013 1823 1048 1895 ll
1067 1829 1095 1885 lv
1115 1829 1149 1904 τῇ
1170 1825 1283 1907 ἐρήμῳ,
1297 1825 1340 1886 ότι
1361 1828 1407 1886 οῦκ
1424 1827 1534 1907 ίοχυσαν
1556 1826 1605 1887 τὸν
1626 1826 1734 1908 γνόφον
1751 1828 1797 1886 καὶ

220 1905 685 1985 nemrocemqueDciemedioigne
698 1905 962 1998 loquentis,sedope
1013 1904 1057 1964 τδν
1070 1905 1146 1985 ζόφον
1161 1904 1266 1978 sels-bv
1281 1904 1371 1985 φωνὴν
1386 1907 1585 1973 τοῦλαλοῦντος
1597 1910 1677 1968 Θεοῦ
1692 1911 1725 1968 ἐκ
1745 1907 1796 1984 με’-

218 2007 279 2045 ram
294 1986 397 2046 dabant
416 2006 449 2045 ne
462 1987 576 2046 verbum
593 1986 627 2045 iis
640 1984 761 2045 adderet
776 1988 879 2045 Revera
890 2007 962 2045 eninr
1013 2006 1060 2044 σου
1078 1991 1124 2045 τοῦ
1138 1984 1235 2065 πυρὸς,
1250 1988 1309 2044 ἀλλ’
1323 1983 1491 2046 ἐσπούδασαν
1504 1989 1551 2045 τοῦ
1570 1984 1611 2064 μὴ
1629 1992 1797 2065 προσθεῖναι

221 2086 274 2139 non
294 2067 414 2127 serebant
435 2065 509 2144 quod
531 2065 733 2140 mandabatur,
754 2064 881 2143 quamvis
906 2068 963 2125 Deo
1014 2065 1102 2131 αὐτοῖς
1114 2064 1200 2144 λόγον.
1214 2064 1284 2124 Olli
1296 2064 1348 2146 γδρ
1359 2063 1428 2125 κατδ
1442 2063 1568 2136 ἀλήθειαν
1578 2064 1679 2146 ίφερον
1688 2068 1722 2126 τὸ
1733 2067 1795 2124 δια-

220 2165 274 2204 non
290 2146 319 2205 in
337 2147 378 2206 ira
398 2145 573 2206 descendente
590 2165 639 2204 nec
658 2166 723 2204 eum
743 2145 962 2205 excandescentia
1013 2145 1196 2222 στελλόμενον,
1211 2143 1308 2226 καίπερ
1331 2148 1360 2205 ού
1389 2143 1457 2223 μετὰ
1480 2148 1564 2221 θυμοῦ
1588 2147 1795 2221 κατελθόντος,

220 2225 292 2305 ipsos
308 2224 470 2306 alloquente,
491 2224 539 2285 sod
553 2224 741 2293 corroborante
755 2246 803 2305 per
816 2223 886 2283 banc
899 2246 962 2284 con·
1013 2223 1071 2283 ούδδ
1086 2226 1144 2298 μετ’
1159 2226 1240 2303 ὀργῆς
1251 2226 1393 2291 λαλοῦντος
1406 2222 1471 2362 πρδι
1485 2222 1600 2295 αύτούς,
1616 2225 1695 2286 ἀλλὰ
1704 2249 1797 2305 παρα·

219 2305 387 2384 solationem,
402 2305 476 2385 quod
488 2305 546 2386 ipse
559 2327 620 2365 cum
631 2304 665 2363 iis
679 2318 756 2365 esset.
773 2303 845 2364 Audi
863 2303 962 2383 igitur,
1013 2302 1107 2374 κλήσει
1120 2304 1346 2384 πληροφοροῦντος
1369 2305 1432 2362 σύτο
1449 2328 1480 2376 ς,
1498 2301 1539 2362 δτι
1555 2304 1636 2372 alred<
1656 2308 1721 2365 dere
1736 2309 1796 2381 μετ’

220 2384 257 2443 mi
271 2385 362 2462 t‘rater,
377 2387 399 2445 si
411 2385 560 2445 adrentum
570 2386 629 2465 ejus
639 2405 701 2443 curn
717 2383 898 2459 consolatione
909 2406 960 2443 non
1014 2385 1117 2442 αύτιῦν..
1128 2382 1253 2442 Ἄκουσον
1267 2375 1329 2456 ode,
1349 2383 1444 2463 δδιλφί
1459 2386 1528 2461 μοι’,
1542 2384 1590 2442 ἐἰ
1604 2382 1682 2461 μετὰ
1700 2407 1796 2466 παρα-

219 2465 359 2544 potuimus
379 2467 460 2543 ferre,
478 2463 587 2543 quando
605 2485 654 2523 nce
668 2463 726 2522 caeli
748 2464 809 2541 igne
830 2463 961 2523 combusti
980 2471 997 2517 θ
1013 2463 1131 2534 κλήσεως
1145 2464 1194 2521 οὐκ
1208 2462 1354 2544 ἰσχύσαμεν
1366 2463 1498 2542 βαστάσαι
1511 2461 1560 2533 vlu
1574 2461 1686 2531 ίλωσιν
1699 2467 1794 2533 αὐτοῦ,

218 2542 452 2620 dissolvebantur,
467 2565 517 2602 nec
535 2543 607 2602 tubae
629 2543 768 2613 sonabant,
788 2555 818 2600 ut
837 2557 961 2603 sonatura
1013 2542 1056 2602 ότε
1076 2542 1136 2601 ούτε
1159 2545 1183 2601 ol
1204 2543 1310 2622 οὐρανοί
1324 2542 1483 2624 πυρούμενοι
1502 2540 1654 2615 ἐλύθησαν,
1679 2543 1745 2605 οὔτε
1770 2550 1796 2604 ol

218 2636 259 2681 est
270 2625 336 2683 tuba
348 2623 407 2700 illa,
419 2638 445 2683 ct
458 2623 608 2683 excitatura
618 2622 719 2700 eosqui
731 2644 746 2681 a
760 2622 858 2680 saecrrlo
871 2621 963 2683 diseu·
1012 2622 1183 2689 σαλπίζοντες
1194 2621 1299 2701 ἤχησαν
1317 2622 1404 2689 καθὼς
1420 2622 1510 2722 με’λλει
1523 2624 1541 2692 ἡ
1555 2621 1681 2701 σάλπιγξ
1705 2624 1795 2697 ἐκείνη

217 2702 348 2777 buerunt,
356 2724 403 2762 nee
413 2703 484 2783 ignis
494 2716 625 2761 terrarum
638 2701 732 2761 orbem
742 2700 902 2778 inundabat,
915 2724 962 2763 nec
1013 2704 1077 2782 βοᾷν
1091 2702 1135 2761 καὶ
1150 2701 1291 2769 ἐξυπνίζειν
1304 2701 1365 2770 τοὺς
1381 2705 1420 2761 ἀπ
1444 2703 1537 2769 αἰῶνος
1554 2704 1795 2781 κεκοιμημένως,

220 2780 294 2841 ullus
318 2804 410 2842 eorum
436 2782 483 2861 qui
506 2783 590 2841 futuri
611 2795 674 2840 sunt
693 2795 779 2840 terror
803 2780 967 2859 invadebat,
1013 2782 1139 2861 ούτε’πῦρ
1154 2782 1315 2848 κατακλύζον
1329 2781 1378 2855 τὴν
1400 2779 1576 2857 ολκουμίνην,
1602 2781 1670 2841 obre
1693 2787 1797 2842 τιτῶν

219 2861 287 2938 quid
301 2863 438 2936 sociemus,
453 2860 562 2940 quando
572 2859 712 2920 descendet
726 2881 788 2918 cum
802 2860 840 2920 ira
853 2875 880 2921 et
891 2862 969 2921 luro-
1014 2859 1163 2938 μελλόντων
1173 2858 1290 2938 γίνεσθαι
1302 2859 1558 2941 1’φούερῶνίγίνετο
1571 2880 1578 2894 ·
1592 2859 1621 2919 τί
1636 2862 1795 2940 ποιήσομεν

220 2959 249 3017 re
259 2938 471 3015 intolerabili,et
480 2941 584 3000 sedebit
596 2939 884 3020 supersoliumgloriae
894 2963 959 3013 suae,
1012 2941 1075 3000 όταν
1089 2941 1203 3020 κατέλθῃ
1226 2943 1284 3016 μετ’
1306 2944 1386 3019 ὀργῆς
1407 2940 1453 2999 καλ
1477 2945 1560 3018 θυμοῦ
1582 2942 1796 3016 eamdem,

217 3033 244 3077 et
260 3021 431 3081 advocabunt
444 3035 543 3080 terram
555 3021 590 3079 ab
605 3034 665 3079 ortu
678 3020 742 3079 solis
764 3020 896 3098 usquead
914 3042 961 3085 oc-
1012 3021 1058 3081 καλ
1080 3021 1178 3099 καθίσῃ
1199 3021 1244 3080 ἐπὶ
1259 3020 1351 3100 θρόνου
1370 3018 1446 3092 δόξης
1468 3022 1566 3092 αύτοῦ,
1590 3020 1639 3079 καλ
1664 3044 1795 3103 προσκα-

220 3122 323 3177 easum,
342 3115 368 3160 et
388 3102 423 3160 ab
443 3099 570 3160 omnibus
589 3114 666 3158 terrae
683 3099 787 3159 linibus
806 3100 842 3158 ad
858 3098 960 3160 discer-
1012 3099 1200 3172 λίσωνταιτλν
1214 3103 1264 3178 γῆν
1277 3100 1330 3159 ἀπὸ
1343 3102 1477 3160 ἀνατολῶν
1487 3098 1563 3171 ἡλίου
1573 3099 1659 3182 μίχρι
1671 3102 1796 3180 δυσμῶν,

220 3181 339 3243 nendum
357 3182 415 3260 ejus
437 3181 578 3261 populum,
601 3194 627 3238 et
642 3178 847 3238 retribuendum
866 3183 963 3259 ruique
1013 3179 1127 3239 καλείτω
1140 3180 1247 3239 πάντων
1261 3182 1313 3239 τῶν
1324 3179 1446 3259 περάτων
1458 3181 1507 3248 τῆς
1519 3182 1568 3258 γῆς
1580 3184 1628 3239 τοῦ
1652 3182 1794 3260 διακρῖναι

220 3260 369 3322 secuudum
384 3281 465 3341 opera
481 3261 550 3318 sua?
569 3259 618 3318 llei
633 3257 715 3318 mibi!
731 3259 823 3338 quales
844 3280 891 3319 nos
906 3282 962 3319 esse
980 3274 997 3322 c
1012 3259 1058 3319 τδν
1073 3259 1136 3318 λαδν
1147 3262 1244 3331 αὐτοῦ,
1260 3260 1305 3317 καὶ
1320 3263 1463 3319 ἀποδοῦναι
1471 3256 1577 3339 ίκιίστεμ
1590 3259 1666 3319 κατὰ
1679 3259 1716 3320 τδ
1726 3262 1795 3340 ἔργα

219 3340 364 3422 oportebit,
406 3338 495 3398 uando
514 3338 683 3399 adstabimus
703 3339 770 3397 nudi
789 3352 815 3398 et
837 3341 961 3421 expositi,
1014 3341 1112 3411 αύτοῦ;
1127 3337 1219 3416 Οίμοι,
1227 3338 1362 3406 ποταποὺς
1377 3341 1416 3397 δεῖ
1432 3335 1560 3420 ὑπάρχειν
1571 3342 1659 3416 ἡμᾶς,
1674 3339 1721 3400 ότι
1734 3366 1795 3400 τεα-

220 3443 285 3482 mox
299 3360 416 3480 ducendi
435 3419 472 3478 ad
486 3418 650 3478 horrendum
666 3417 803 3478 tribunal?
820 3418 865 3477 bei
878 3417 961 3480 milri!
1015 3417 1160 3500 ριστάμεθα
1177 3420 1271 3496 γυμνοί
1292 3420 1337 3477 καί
1356 3416 1615 3498 τετραχηλισμίνοι,
1720 3444 1796 3488 οντες

218 3503 264 3562 bei
279 3496 367 3561 mihi!
382 3499 436 3560 Ubi
456 3512 521 3558 tunc
536 3498 708 3580 procacitas?
730 3500 778 3558 ubi
796 3512 860 3560 tune
874 3499 962 3558 earnis
1014 3496 1164 3576 εἰσάγεσθαι
1179 3501 1214 3564 εἷς
1231 3498 1262 3557 τὸ
1275 3497 1382 3576 φρικτὸν
1398 3501 1489 3576 βῆμα;
1509 3495 1601 3573 οίμοι,
1650 3522 1721 3577 μοι,
1742 3507 1796 3560 ποῦ

219 3580 373 3642 fortitudo?
393 3580 441 3638 ubi
456 3579 632 3659 pulchritudo
652 3579 718 3637 laisa
735 3592 760 3637 ct
775 3578 898 3637 inutilis?
914 3579 961 3637 ubi
1014 3577 1072 3636 τότε
1084 3582 1101 3649 ἡ
1114 3576 1298 3656 περπερότης;
1312 3584 1363 3636 ποῦ
1377 3577 1436 3636 τότε
1449 3580 1467 3647 ἢ
1483 3574 1592 3657 ἀνδρεία
1604 3581 1657 3649 τῆς
1673 3579 1791 3659 σαρκός;

219 3675 285 3720 tunc
297 3661 371 3720 vocis
389 3659 514 3717 humanae
528 3657 664 3717 dulcedo?
679 3658 726 3714 ubi
738 3672 802 3716 tunc
813 3658 840 3716 in
855 3657 963 3736 loquen·
1014 3662 1065 3716 ποῦ
1079 3656 1107 3716 dl
1118 3657 1148 3716 τὸ
1163 3656 1261 3723 κάλλος
1274 3658 1304 3715 τδ
1322 3655 1414 3736 ψευδὲς
1430 3656 1475 3715 καί
1492 3656 1641 3736 ύνωφελίςς
1658 3665 1714 3718 ποῦ
1729 3659 1793 3718 τότε

220 3741 256 3801 do
267 3741 368 3799 fiducia
383 3736 498 3796 insolens
518 3751 544 3796 et
561 3736 816 3797 iuver·ccunda?ubi
835 3751 898 3796 tune
912 3759 960 3794 ve·
1015 3740 1031 3807 ἡ
1049 3736 1183 3815 ήδυφωνία
1200 3738 1252 3793 τῶν
1267 3735 1429 3815 ortmann
1443 3739 1493 3795 ποῦ
1507 3735 1567 3795 τότε
1580 3739 1598 3808 ἡ
1613 3737 1763 3817 παρρησία
1776 3743 1793 3809 ἠ

221 3808 305 3879 stiuni
316 3817 445 3877 ornatus?
461 3817 509 3873 ubt
522 3830 585 3874 tunc
596 3817 697 3896 peccati
710 3816 834 3894 voluptas
845 3816 963 3874 immun·
1016 3816 1124 3888 ἀναιδὴς
1138 3817 1184 3873 καὶ
1204 3815 1395 3895 ἀναίσχυντος,
1410 3821 1461 3876 ποῦ
1478 3815 1538 3873 τότε
1558 3818 1572 3873 δ
1593 3816 1795 3896 καλλωπισμὸς

220 3900 257 3958 da
274 3913 299 3957 ct
314 3918 376 3956 vere
389 3893 520 3954 sordida?
536 3895 581 3953 ubi
595 3909 659 3953 tunc
679 3897 698 3953 ii
719 3894 765 3972 qui
783 3907 885 3952 stercus
901 3915 963 3952 ma·
1016 3898 1068 3953 τῶν
1088 3895 1220 3973 ίματίων;
1242 3902 1292 3955 τοῦ
1306 3893 1365 3953 τότε
1390 3900 1407 3966 ἡ
1430 3893 1511 3968 ἡδονὴ
1535 3897 1583 3965 τῆς
1609 3895 1753 3976 ἁμαρτίας
1775 3903 1793 3968 ἡ

220 3977 361 4036 seniorum
377 3975 403 4032 in
420 3973 527 4032 deliciis
540 3973 659 4032 liabent?
674 3975 720 4032 ubi
735 3987 799 4031 tune
810 3973 828 4030 ii
842 3973 964 4051 quicum
1016 3974 1162 4054 ἀκάθαρτος
1184 3975 1230 4033 καλ
1250 3974 1334 4054 μιαρδι
1348 3977 1469 4049 ἀληθῶς;
1482 3978 1533 4033 ποῦ
1556 3973 1616 4033 τότε
1635 3979 1663 4035 οἱ
1677 3975 1728 4048 τὴν
1746 3978 1794 4036 κό·

220 4054 359 4136 tympanis
387 4068 413 4112 ct
430 4053 621 4111 'instrumentis
652 4052 763 4112 musicis
787 4051 881 4111 vinum
907 4074 963 4112 sor·
1015 4077 1081 4133 πραν
1105 4058 1157 4113 τῶν
1173 4053 1286 4133 άρρίνων
1306 4055 1402 4127 ἡδονὴν
1425 4052 1583 4134 ἠγούμενοι;
1603 4060 1659 4115 ποῦ
1681 4055 1744 4114 τότε
1768 4058 1793 4116 σί

220 4135 308 4194 lent?
327 4133 374 4191 ubi
388 4146 451 4191 tunc
465 4145 613 4191 contemtus
627 4132 673 4191 ille
684 4153 777 4192 corum
792 4132 837 4208 qui
854 4132 911 4191 sine
928 4133 961 4191 ti·
1017 4133 1085 4210 μετδι
1095 4134 1239 4211 τυμπάνων
1251 4134 1297 4192 καὶ
1307 4137 1440 4211 μουσικῶν
1451 4133 1495 4192 τδν
1505 4124 1573 4192 οἶνον
1587 4131 1728 4209 τίνοντες;
1740 4140 1793 4194 ποῦ

221 4237 296 4292 more
309 4213 428 4273 vivunt?
439 4211 488 4272 ubi
500 4226 564 4270 tunc
576 4212 658 4272 luxus
668 4228 694 4272 ct
706 4211 854 4291 voluptas?
865 4213 963 4273 Omnia
1017 4213 1075 4272 τότε
1097 4217 1113 4284 ἡ
1133 4212 1328 4294 καταφρόνησις
1351 4217 1404 4272 τῶν
1425 4216 1452 4272 δν
1469 4211 1568 4294 ἀφοόίφ
1587 4210 1718 4286 (darom
1742 4223 1795 4275 ποῦ

223 4295 294 4355 enim
308 4292 483 4356 transierunt,
496 4305 520 4350 et
539 4306 568 4350 ut
582 4291 670 4351 mollis
686 4313 731 4351 aer
745 4292 878 4352 dissoluta
889 4307 959 4351 sunt.
982 4304 1001 4349 Ι)
1016 4293 1076 4353 τότε
1098 4297 1123 4364 ἡ,
1140 4297 1223 4374 τρυφὴ
1251 4295 1297 4351 καλ
1313 4294 1459 4364 σπατάλη;
1478 4293 1565 4352 πάντα
1597 4290 1632 4372 δμ
1651 4296 1795 4373 παρῆλθον

221 4375 277 4434 Ubi
288 4388 352 4433 tunc
368 4394 444 4432 amor
458 4371 561 4452 argenti
574 4386 598 4430 et
612 4373 821 4463 posscssionum,
833 4386 913 4451 atque
923 4372 964 4432 in·
1017 4373 1065 4431 καὶ
1078 4376 1114 4439 ὡς
1127 4377 1226 4451 χαῦνος
1240 4373 1290 4451 ἀὴρ
1306 4372 1473 4446 διελύθησαν.
1490 4373 1547 4430 Ποῦ
1556 4315 1644 4444 τότεὴ
1659 4376 1795 4455 φιλαργυ-

220 4453 254 4514 de
270 4469 327 4514 orta
344 4454 552 4513 inhumanitas?
570 4451 618 4510 ubi
632 4466 695 4511 tunc
712 4452 837 4510 immanis
855 4452 901 4512 illa
919 4474 964 4511 su·
1018 4451 1061 4532 ρία
1076 4452 1121 4510 καί
1137 4457 1154 4521 ἡ
1169 4452 1402 4532 φιλοκτημοσύνη,
1420 4451 1497 4524 καίὴ
1515 4449 1540 4519 ἐξ
1554 4453 1641 4509 αὐτῶν
1660 4455 1795 4534 όσπλαγ-

222 4534 325 4613 perhia,
342 4556 402 4612 qua
419 4533 508 4592 omnia
531 4530 647 4604 fastidit,
667 4533 764 4612 etipsa
787 4531 889 4611 aliquid
910 4554 965 4591 csse
1017 4531 1080 4611 χνία
1091 4555 1099 4602 ;
1112 4539 1162 4590 ποῦ
1175 4531 1262 4604 τότεὴ
1279 4531 1453 4611 ἀπάνθρωπος
1471 4530 1655 4612 ὑπερηφανία,
1668 4537 1687 4603 ἡ
1702 4533 1796 4592 πάντα

222 4612 350 4672 videtur?
364 4613 412 4671 ubi
431 4628 495 4674 tuuc
514 4611 599 4671 inanis
616 4628 639 4671 ct
655 4612 964 4692 rana-hominumpro-
1019 4611 1276 4689 βδελυσσομίνη,καὶ
1288 4611 1354 4682 αὐτὴ
1368 4611 1524 4688 λογιζομόνη
1538 4603 1654 4682 rivalem
1669 4613 1797 4672 ποῦτότε

223 4693 307 4751 ιιιοιὶο
317 4706 341 4750 et
355 4692 440 4766 gloria
451 4695 465 4749 'z'
482 4693 526 4751 ubi
541 4707 605 4751 tune
619 4693 763 4772 imperium
782 4708 809 4754 et
823 4680 841 4750 t'
855 4692 965 4751 carinis?
1017 4690 1125 4762 ἡκαινὴ
1145 4691 1189 4749 καὶ
1212 4692 1312 4769 ματαία
1327 4692 1478 4771 ἀνθρωπίνη
1497 4689 1620 4769 προκοπὴ
1641 4694 1691 4750 καλ
1710 4691 1800 4765 δόξα,

223 4771 271 4829 ubi
285 4786 348 4831 tunc
362 4773 530 4851 lrnpeentor·?
547 4772 594 4831 ubi
606 4772 753 4864 princeps?
766 4772 814 4830 ubi
826 4714 904 4831 dux?
917 4771 965 4829 ubi
1018 4776 1068 4830 ποῦ
1083 4769 1142 4829 τότε
1154 4777 1171 4842 ἡ
1183 4771 1321 4830 δυναστεία
1336 4771 1410 4842 καὶὴ
1425 4770 1558 4851 τυραννίς
1571 4776 1623 4829 ποῦ
1636 4769 1702 4830 τότε
1716 4774 1800 4849 βασι·

223 4851 270 4929 qui
289 4851 318 4910 in
331 4864 460 4932 potestate
475 4866 548 4927 sunt,
570 4873 617 4930 qur
633 4853 793 4932 superbiunt
810 4852 837 4910 in
853 4850 966 4910 divitia·
1018 4850 1098 4924 λεδς,
1115 4856 1166 4910 ποῦ
1191 4852 1296 4930 ἄρχων,
1311 4857 1361 4909 ποῦ
1377 4849 1522 4929 ἡγούμενος
1532 4872 1541 4921 ;
1552 4854 1602 4908 ποῦ
1615 4851 1640 4908 οἱ
1656 4851 1701 4909 ἔπ’
1718 4850 1800 4920 ἕξου-

105 4965 136 4989 a.
173 4963 194 5007 γ.
225 4953 285 4991 rum
299 4929 375 5013 copia
395 4944 421 4990 ct
439 4932 526 4989 Deum
544 4933 736 4991 contemnunt?
759 4933 838 4990 Tunc
855 4932 966 4989 Viden-
1020 4928 1334 5009 σιῶν,οἱγαυριώμενοι
1357 4929 1401 4989 ἐπὶ
1417 4930 1511 5000 πλήθει
1527 4928 1660 5001 πλούτου,
1679 4931 1728 4990 καλ
1750 4937 1800 4991 τοῦ

77 5012 84 5055 3
145 5042 149 5053 ·
225 5025 266 5072 tes
278 5021 321 5073 sic
336 5013 475 5071 admrratr'
487 5024 567 5084 sunt,
585 5024 693 5071 tremor
705 5012 896 5092 apprehendit
909 5030 966 5068 eos.
985 5031 1004 5078 Ε
1020 5011 1090 5068 Θεοῦ
1106 5016 1344 5089 καταφρονοῦντες;
1363 5008 1433 5068 Τότε
1450 5009 1547 5075 ἰδόντες
1565 5007 1649 5075 οὕτως
1671 5009 1800 5088 ίδαύμα·

224 5096 271 5150 lot
285 5094 400 5152 dolores
424 5104 455 5149 ut
471 5096 673 5170 par-trementis,
697 5096 729 5149 in
750 5096 854 5171 spiritu
875 5090 968 5148 velte·
1022 5110 1088 5159 σαν,
1107 5089 1203 5168 τρόμος
1225 5088 1369 5148 ἐπελάύετο
1386 5091 1498 5156 αὐτούς·
1519 5091 1572 5147 ἐκεῖ
1589 5087 1684 5158 ὠδῖνες
1697 5095 1736 5159 ὡς
1755 5114 1799 5150 τι-

224 5180 315 5231 menti
331 5184 509 5231 conterentur.
530 5171 583 5231 Ubi
607 5192 670 5230 vero
689 5184 754 5230 tunc
776 5170 905 5249 sapientia
926 5189 968 5227 sa·
1022 5167 1151 5244 κτούσης,
1178 5169 1355 5247 temetipsa
1381 5166 1460 5248 βιαίῳ
1484 5166 1718 5245 συντριόήσονται.
1737 5172 1800 5231 Ποῦ

257 5359 265 5379 ¹
283 5349 290 5410 l
303 5349 442 5411 legebatur
453 5361 471 5403 a·
483 5361 516 5416 μη
530 5360 559 5403 τὰ
566 5350 681 5420 cupario]
1030 5363 1075 5410 pro
1088 5355 1179 5412 ἐγίνετο,
1191 5359 1215 5396 ct
1226 5346 1289 5396 iul'rtt
1301 5355 1379 5414 κκύίτγ,
1391 5361 1436 5410 pto
1448 5343 1554 5408 aab-dep]

257 5428 269 5465 δ’
287 5428 475 5492 [ρῦθσινλλυιιιί.
493 5429 644 5494 Scripsimus
662 5434 770 5498 ροθιμῶν,
785 5438 809 5476 et
822 5442 880 5476 mox
895 5432 982 5492 ἐγένετο
