3750 6052
229 519 275 588 γυ
835 512 996 567 nausson
1022 513 1189 563 orawsus

226 655 265 701 tes
278 639 463 716 solitudinem,
480 641 587 722 quand
599 640 740 703 meridiem
753 653 804 710 est,
820 637 918 721 procul
930 636 967 695 ab
983 642 1003 690 C
1020 659 1063 697 σιν
1080 635 1236 716 ἀνθρώποις.
1248 634 1358 697 Τούτων
1373 634 1433 695 δ
1402 658 1451 730 μεγ
1472 634 1641 716 γιραιίτστος
1663 634 1740 718 ἀμφὶ
1760 633 1800 696 cb

224 729 368 791 bominum
384 730 521 794 domicilio
533 732 624 806 sitam,
642 731 696 794 sibi
710 730 907 792 constituerunt
922 742 967 788 tu·
1019 729 1190 802 ἰννενήτοντα
1203 727 1379 811 παριππάσας
1392 714 1453 802 ἰτη,
1464 727 1722 810 συνενεστράφητξε
1738 749 1799 807 μσ-

225 823 324 907 gusia,
344 824 443 902 quibus
461 837 566 885 tantum
587 825 652 886 solis
675 823 817 884 radiorum
832 820 967 881 molestias
1020 819 1106 901 καρίῳ
1119 819 1259 899 Ἀντωνίῳ,
1274 817 1548 902 Ιίραξκαλυίμανος,
1560 817 1810 899 τδκύρασνύνομσ

212 908 356 975 'evitarent
368 928 395 975 et
407 916 475 975 aeris
488 937 587 976 rorem.
601 918 634 977 ln
645 916 746 996 qtribus
757 915 895 986 viventes,
910 933 967 972 ora·
1019 911 1102 971 εἰσίτι
1114 911 1160 972 καλ
1171 909 1318 992 ’ἀνισχιύψ
1329 914 1377 972 ὁδ’
1392 910 1478 992 ίτερας
1487 909 1596 989 λμμαίν
1598 933 1646 985 ιος,
1656 908 1706 971 als
1721 908 1800 970 δνσὶν

224 1004 292 1066 tioni
311 1019 390 1086 atque
407 1007 514 1068 lectioni
535 1022 642 1088 tempus
664 1028 745 1067 suum
764 1003 965 1087 impenderunt,
1021 1006 1142 1084 ἀδελφοῖς
1156 1007 1284 1076 ἀσκητοῖς
1298 1003 1344 1062 καλ
1360 1003 1398 1062 ot
1411 1003 1561 1084 ἐπισκίπφν,
1573 1003 1599 1062 οἰ
1609 1002 1657 1063 καλ
1668 1004 1802 1083 κλοιοφο-
1827 1013 1857 1066 Ρ.

223 1096 292 1161 adso
300 1097 820 1178 annuitisvolismaouuminoperibus
835 1094 964 1176 corporis,
1023 1095 1149 1178 φήσαντες
1174 1097 1218 1156 ἰπλ
1245 1096 1407 1170 Ούαίλνντοι,
1436 1094 1630 1176 ἰξωρίαάησαν,
1652 1098 1691 1164 ὣς
1718 1104 1801 1155 utos

222 1207 354 1298 quantum
371 1195 437 1254 satis
455 1209 522 1255 esset
543 1196 578 1255 ad
597 1209 704 1254 tenuem
725 1194 851 1254 vietum:
844 1190 967 1251 ·melius
1020 1187 1225 1268 ἰπιγινιύσκειή
1246 1187 1439 1268 Ἀλεξάνδρεια,
1456 1185 1662 1260 ἑξηκοντούτης·
1676 1191 1801 1246 τοεῶτοι

222 1286 275 1344 rati
289 1284 382 1345 vivere
395 1306 457 1344 cum
473 1287 578 1367 capreis
595 1300 622 1346 et
638 1282 865 1345 struthiocamelis
878 1280 967 1340 etbu-
1020 1279 1094 1347 ὄντες
1112 1279 1261 1360 ἰνγνοίσιι,
1278 1285 1314 1346 ὡς
1328 1279 1409 1357 μηδὲν
1428 1277 1521 1346 αὐτούς
1534 1278 1681 1359 διαφεύγειν
1698 1278 1802 1339 enses

140 1384 144 1391 '
222 1374 294 1436 balis
296 1377 516 1457 ,quamepulari
535 1374 768 1438 cumbominibus
783 1375 829 1480 qui
843 1375 968 1453 ignorant
1021 1378 1079 1440 ταῖς
1097 1374 1214 1452 Γρσφαῖς
1235 1379 1290 1439 τοῖς
1308 1360 1692 1450 πολλοιῘιλνςάποροινμίνων
1706 1367 1823 1449 οίριλν,

222 1467 321 1527 Deum.
338 1467 442 1527 llorum
463 1482 528 1527 natu
549 1469 702 1542 maximus,
722 1467 865 1547 nonaginta
884 1466 967 1527 lerum
984 1482 1005 1531 b
1021 1465 1067 1526 δύο
1088 1465 1280 1543 ἀκοιμήδησαν,
1304 1464 1506 1536 τελευτήσαντες
1524 1464 1552 1521 ἰν
1575 1466 1803 1524 Κωνσιαντινου-

223 1578 344 1637 egressus
359 1580 460 1634 annos,
479 1575 652 1620 conversatus
664 1574 704 1620 est
717 1580 778 1618 cum
794 1559 966 1617 beatolnto·
1020 1555 1117 1616 πύλαι·
1131 1554 1340 1634 Ἀμμύινιοςμίν
1326 1580 1352 1629 ν,
1372 1558 1445 1624 brol
1461 1552 1523 1636 περλ
1537 1554 1669 1637 Αἰρήλιον
1681 1554 1803 1615 κσλΣι·

222 1647 280 1719 nio,
295 1649 398 1709 llierax
410 1650 469 1731 ipse
485 1651 649 1733 appellatus,
665 1649 739 1730 quod
754 1649 897 1731 proprium
916 1668 967 1708 no·
1021 1647 1118 1709 σίννιον
1140 1647 1312 1729 διηγήσαντο,
1326 1643 1511 1729 προφητεύσας
1528 1646 1590 1726 περὶ
1601 1652 1615 1679 ⁶
1624 1645 1673 1719 τήν
1692 1644 1801 1722 ἰξοδσν,

223 1758 379 1818 mestusque
392 1740 593 1802 adhuncdiem
608 1741 715 1801 retinet.
731 1741 884 1800 Aliusvero
896 1744 966 1801 λιιι·
995 1744 1058 1810 ’ὡς
1081 1743 1197 1821 μεγάλοι
1226 1742 1343 1822 διωγμοῦ
1366 1737 1551 1818 ἰπιγινομίνου
1577 1738 1622 1798 καλ
1642 1737 1803 1819 πρίσματος

223 1831 331 1891 monins
350 1833 542 1912 sexagenarius
556 1854 617 1893 curn
637 1832 744 1893 duobus
760 1832 889 1892 fratribus
903 1851 965 1892 mo-
1020 1841 1079 1902 ταῖς
1101 1833 1287 1907 Ἐκκλησίαις,
1308 1832 1444 1912 αἴσχιστον
1465 1829 1540 1896 τίλος
1558 1833 1714 1908 ἀπενεγκεῖν
1735 1829 1805 1898 cub<

223 1922 317 1982 naohis
336 1936 363 1983 et
386 1946 438 1984 uno
460 1925 598 2006 episcopo,
620 1927 667 2004 qui
690 1925 742 1984 sub
765 1924 881 1984 Valente
903 1943 966 1984 cnm
1020 1925 1193 2000 αἰτίους,καιλ
1214 1924 1296 1991 οὕτως
1319 1927 1447 1994 ἀνιαθῆναι
1459 1921 1508 1988 τδς
1528 1920 1739 1993 'Muciam
1763 1922 1802 1995 δή

222 2014 300 2074 boias
314 2016 455 2087 tulissent,
466 2017 635 2089 exsularunt,
656 2030 686 2076 ut
705 2015 782 2075 novit
795 2015 883 2075 omnis
898 2014 964 2074 tle-
1021 2016 1067 2076 καί
1086 2021 1117 2078 ἰκ
1138 2016 1234 2098 μύροις
1251 2015 1404 2094 γιγύνηται,
1419 2013 1464 2073 καλ
1488 2012 1638 2092 γινήσιται.
1653 2011 1804 2074 Ἐντεῦθεν

222 2105 336 2166 xandria
350 2109 559 2188 :tantapraetliti
572 2109 695 2184 scientia,
712 2121 742 2168 ιιι
755 2109 826 2168 nihil
839 2106 964 2189 Scriptu-
1019 2109 1072 2190 γάρ
1093 2131 1172 2168 τινων
1185 2106 1220 2167 τδι
1235 2108 1361 2185 σώματα,
1383 2103 1534 2164 ἐπισκόπων
1555 2126 1586 2164 τε
1608 2103 1655 2163 κσλ
1675 2105 1804 2181 imme,

221 2219 313 2258 rarum
327 2219 371 2258 eos
384 2200 499 2279 ingeret,
516 2221 576 2279 quae
588 2198 725 2282 plerisque
737 2199 878 2282 imperviae
891 2211 963 2258 sunt
1018 2205 1037 2274 ἡ
1062 2200 1137 2268 νόσος
1155 2199 1363 2280 παραλαύοῦσα,
1386 2196 1517 2264 ποικίλοις
1538 2196 1650 2255 πάθεσιν
1670 2194 1804 2277 ἰμιρίζε-

221 2283 267 2345 Ex
279 2287 323 2346 lus
337 2285 394 2346 duo
405 2286 516 2366 quadem
530 2288 690 2366 quiescunt,
710 2288 811 2347 mortui
830 2288 963 2346 somton-
1019 2318 1061 2367 τι,
1081 2292 1252 2375 παρςτῷρλν
1238 2294 1381 2371 νμαλακῷ
1400 2289 1436 2350 τά
1449 2288 1591 2369 σπλύγχνα
1614 2287 1802 2367 δισκαίονσσ,

220 2377 356 2458 ιιιιυροίίι
368 2379 527 2438 Ammonius
539 2393 648 2452 autem
670 2392 700 2438 ιιι
714 2391 858 2438 narrarunt
876 2383 963 2437 Aure·
982 2385 1168 2514 Εχοησρῶδ*
1190 2384 1315 2466 ἀφορήτῳ
1258 2383 1380 2456 ήτωτλν
1404 2380 1557 2462 ἐπιφάνειαν
1579 2379 1644 2454 δλην
1664 2380 1804 2449 τοῖςδω·

219 2467 274 2528 hus
285 2483 313 2528 et
327 2469 482 2544 sisinnius,
495 2469 566 2529 circa
585 2483 648 2530 vrtae
659 2483 763 2530 exutum
777 2465 1002 2550 prophetavit,
1019 2475 1058 2546 ξιο
1077 2476 1270 2557 lapsuum,
1285 2474 1372 2534 κώλω
1389 2496 1418 2532 τι
1433 2480 1550 2552 συνιχαίς
1568 2469 1804 2552 &solim-'1¹⁸-

220 2574 282 2641 post
295 2581 421 2665 magnam
434 2575 646 2642 persecutionem
658 2575 685 2622 et
697 2561 855 2621 schismata
871 2559 967 2631 Eccle-
1018 2568 1062 2637 vl<
1084 2566 1188 2649 περίτι
1206 2566 1265 2635 sobe
1291 2565 1570 2646 πόδαςίδρωπιῶντας
1583 2564 1719 2679 οἰδήματα
1740 2590 1804 2629 ται-

219 2652 260 2712 εἰε
277 2654 542 2736 pessimumexitum
557 2668 741 2736 reportaturos
759 2674 818 2735 eJus
830 2668 964 2729 auctores,
1018 2660 1110 2721 λιδνά·
1102 2657 1214 2742 ·ιτίραυ
1236 2658 1264 2718 δλ
1288 2656 1406 2738 ῥεύματα
1426 2656 1487 2736 περλ
1509 2654 1596 2714 ιδ’
1565 2678 1682 2736 ττσσσρα
1706 2654 1804 2740 δρδρι

220 2758 248 2805 τι
275 2746 315 2805 sic
333 2746 469 2806 Ecclesias
489 2748 597 2806 unitum
623 2746 669 2811 iri.
694 2743 780 2822 Quod
791 2745 909 2827 quidem
929 2769 963 2809 ex
1016 2749 1114 2832 θερμὸν
1127 2751 1229 2833 ψυχρὸν
1246 2746 1307 2817 τοὺς
1328 2754 1417 2816 κακῶς
1430 2748 1634 2829 ὑπογράφοντας
1647 2746 1803 2818 occumbas

219 2849 297 2916 parte
316 2836 419 2896 sactum
430 2851 488 2909 est,
502 2853 529 2898 et
542 2837 600 2897 fiel.
616 2839 684 2897 Inde
697 2838 770 2898 enim
784 2838 964 2917 quorumdam
1017 2842 1134 2927 lpprscs,
1147 2851 1194 2904 τοῦ
1209 2866 1238 2902 τε
1248 2842 1332 2924 ήτρου
1346 2841 1491 2921 φλεγμονὴ,
1503 2840 1549 2899 καλ
1564 2839 1607 2898 διδ
1619 2839 1714 2922 μορίω
1723 2841 1803 2911 πινδς

219 2930 408 3011 episcoporum
421 2945 448 2990 et
460 2930 592 2991 laieorum
614 2951 726 3012 corpora
746 2931 859 2991 morbus
878 2952 963 2992 oocu-
1018 2934 1140 3008 σηπεδδνν
1157 2933 1286 2997 διοσιδίαν
1305 2936 1341 3001 εἰς
1356 2933 1458 3012 μακρὸν
1478 2928 1803 3011 παρατιίνονταρσιιύ-

218 3041 297 3102 pans,
313 3022 397 3081 variis
412 3021 553 3082 doloribus
572 3021 753 3099 distrahebat,
768 3023 839 3084 lenta
853 3022 962 3102 quidem
1017 3030 1103 3101 ληκας
1112 3033 1240 3110 γεννῶσα
1252 3027 1413 3108 Ὀρδάπνοιά
1426 3049 1455 3085 τε
1470 3027 1536 3105 πρδς
1549 3024 1650 3093 τούτοις
1663 3025 1801 3088 solote-
1825 3036 1869 3088 λιι

217 3113 331 3173 febre
304 3135 406 3174 viscera
421 3134 564 3218 perurens,
584 3129 665 3194 atque
676 3114 838 3174 intolerabili
854 3116 962 3195 pruritu
1016 3143 1105 3195 πνοια,
1127 3120 1173 3180 καὶ
1192 3120 1299 3180 πάντων
1319 3123 1373 3178 τῶν
1388 3121 1475 3196 μελῶν
1462 3117 1634 3185 νδιαταίσεις
1644 3120 1800 3200 φαντασίαι
1861 3160 1869 3174 .

218 3219 303 3266 totam
324 3207 446 3287 corporis
466 3206 639 3288 superficiem
662 3206 800 3286 unguibus
820 3206 961 3312 iudicans,
1016 3234 1047 3271 τι
1059 3211 1208 3292 νυκταριναιλ
1218 3211 1300 3279 εἰς
1268 3234 1348 3278 κυνσς
1360 3212 1511 3276 λυττωντας
1529 3209 1707 3290 καλξιφήρεις
1721 3214 1799 3297 βαρ·

217 3299 354 3379 crassique
368 3313 488 3359 intestina
500 3313 621 3360 οοιιιιιιυι
614 3298 750 3360 dolores
768 3299 828 3358 Alio
843 3319 911 3378 aqua
922 3321 963 3360 rn-
982 3314 1000 3362 ι
1016 3301 1123 3383 θύρσος,
1137 3302 1333 3384 ἀλλόγλωσσοι,
1348 3300 1492 3380 κυματώδη
1507 3301 1618 3382 φωνήν·
1623 3295 1798 3382 ἰξηχδῦντες,

217 3403 320 3451 terente
338 3391 488 3462 laborante,
512 3391 592 3452 lividi
607 3391 707 3472 pedum
726 3406 867 3451 tumores:
883 3392 962 3454 elteri
1018 3397 1292 3480 μιτεαχημαιτίζαντο,
1315 3397 1413 3457 ἀύπνου
1436 3395 1482 3456 τὸν
1506 3395 1586 3456 ὕπνον
1607 3398 1797 3460 ἀποτελῶσιν.

219 3499 309 3547 antem
318 3487 447 3547 humores
456 3507 527 3546 nunc
534 3485 632 3563 calidi,
644 3506 716 3545 nuno
723 3485 829 3566 lugidi
839 3506 888 3567 per
896 3509 962 3567 qna·
1016 3485 1170 3567 Ἕταροςδλ
1192 3487 1219 3557 ἐξ
1236 3487 1320 3548 ἵππου
1334 3485 1432 3559 πεσὼν,
1409 3487 1497 3549 stul
1512 3487 1644 3569 καυληδδν
1661 3487 1695 3548 ot
1706 3485 1796 3559 διξεδν

218 3592 281 3639 tuor
297 3579 424 3640 articulos
440 3578 592 3640 defluentes
598 3579 735 3660 ,digitos‚
749 3599 798 3659 qur
790 3579 883 3640 male
893 3582 963 3641 sub-
1016 3578 1145 3649 κατεάξας
1156 3579 1262 3651 σκίλος
1272 3577 1525 3660 παραυτίκατδζῇν
1539 3562 1700 3659 ἀπίρρηξεν·
1709 3578 1796 3650 ἀλλος

218 3671 396 3753 scripserant,
411 3685 528 3732 tremore
537 3672 708 3732 alliciebant·
719 3671 963 3735 etabdominisin-
1016 3672 1198 3740 ἀποκλεισθείς
1208 3670 1258 3743 τήν
1269 3668 1367 3750 φωνήν
1377 3669 1562 3752 δκτσμηνιαίω
1573 3671 1662 3752 γρίνιρ
1674 3670 1795 3733 ἰπλνιλί

218 3762 367 3824 ίίειιιιιιειίυ
380 3785 426 3823 σου
441 3777 544 3839 ιυιιιοι,
561 3777 587 3823 et
597 3785 645 3845 per
660 3763 815 3824 membrum
825 3763 1003 3862 quoddam
1016 3774 1063 3836 νης
1077 3761 1262 3844 ἰταριχιύιτο,
1284 3761 1400 3842 μηδλτ”
1367 3786 1403 3820 τω
1426 3760 1485 3843 ἰδίῳ
1497 3761 1613 3838 στόματι
1634 3760 1794 3844 τδςχειρις

156 3904 160 3911 .
217 3853 335 3934 putredo
348 3854 496 3934 pessimum
509 3808 620 3913 ociorem
641 3852 737 3935 procul
750 3852 918 3934 dispergens,
937 3869 963 3916 οι
977 3822 1159 3970 Λσροσάγιιν
1170 3853 1350 3944 δεδυνημένος.
1355 3851 1469 3935 ίιτιρος
1477 3856 1527 3928 ζων
1534 3852 1569 3913 τά
1581 3852 1726 3924 σκίληίεες
1739 3876 1792 3937 γο-

218 3966 323 4006 vermes
341 3965 480 4024 generans.
499 3948 631 4005 Praeterea
648 3944 807 4026 orthopnoea
826 3959 854 4004 et
873 3945 962 4028 respi-
1015 3944 1101 4006 νάτων
1118 3948 1177 4006 καθ’
1191 3930 1411 4025 δλίγονίπρίζετο
1429 3943 1502 4003 ἰπὶτ
1504 3943 1602 4026 ριετίαν
1610 3943 1792 4025 ,ἰρυσιετθσν

218 4036 298 4097 randi
310 4036 459 4097 difficultas
461 4039 696 4116 ,atqueomnium
710 4037 894 4098 membrorum
907 4038 964 4100 (lis-
1012 4039 1092 4110 δήδιν
1106 4037 1154 4106 et<
1171 4038 1294 4118 ἀφορμδις
1312 4040 1473 4116 γεννῶντος·
1491 3968 1571 4104 σίλλος
1593 4035 1643 4109 τήν
1661 4038 1792 4116 γλῶσριν

218 4128 326 4189 tentio.
347 4129 414 4189 item
427 4143 564 4188 nocturnae
577 4127 710 4208 imagines
730 4128 759 4188 in
778 4128 899 4190 rabiosos
913 4150 964 4191 σε·
1016 4130 1162 4203 οἰδήσας,’
1146 4154 1184 4197 ως
1196 4128 1271 4209 φασί,
1286 4127 1355 4207 μετὰ
1374 4127 1474 4208 λάὅρου
1490 4132 1613 4208 πυρετοῦ,
1625 4128 1791 4212 ὥςδιάφριι·

219 4238 277 4295 nes,
299 4234 326 4280 et
346 4219 447 4280 strictis
464 4219 575 4280 ensibus
587 4220 735 4292 barbaros,
754 4221 924 4301 peregrinam
938 4237 965 4284 et
1015 4244 1072 4301 γμε
1086 4226 1187 4283 κεῖσθαι
1201 4222 1241 4303 τῷ
1258 4221 1373 4298 στόματι
1385 4219 1539 4301 ἀντερείδων
1553 4229 1608 4288 τοῖς
1620 4222 1728 4295 ὀδοῦσι,
1748 4223 1788 4303 μή

219 4313 404 4375 turbulentam
413 4333 505 4373 vocem
518 4326 642 4373 sonantes
655 4314 965 4377 transformmanturin·
1014 4313 1153 4396 χωρούσης
1170 4316 1218 4385 τῆς
1241 4312 1365 4395 γλώσσης
1383 4316 1410 4372 ἰν
1429 4315 1467 4393 τῷ
1486 4311 1626 4396 ὡρισμίιιρ
1648 4311 1724 4393 παρὰ
1740 4318 1790 4388 τῆς

210 4409 339 4464 'nemnem
349 4425 474 4465 somnum
488 4404 689 4485 peragentibus.
702 4405 778 4465 Alius
791 4419 883 4466 autem
893 4451 901 4482 ,
913 4408 963 4487 qui
1014 4406 1116 4486 φύσεως
1126 4405 1210 4488 τόπιρ,
1224 4406 1251 4465 ἰν
1265 4403 1349 4486 πυξίῳ
1364 4402 1469 4484 γράψας
1479 4401 1667 4484 ἐξομολόγησιν
1686 4408 1791 4467 ἀτονεῖ·

219 4516 255 4556 τι
264 4517 333 4577 equo
344 4496 490 4568 decidens,
501 4519 565 4558 curn
576 4498 663 4557 caulis
674 4498 703 4558 in
717 4520 818 4559 morem
833 4499 963 4563 dextrum
1012 4521 1053 4559 το.
1067 4499 1120 4559 Καὶ
1137 4489 1170 4571 ήν
1178 4499 1242 4558 ἰδεῖν
1256 4498 1382 4570 θεήλατον
1396 4496 1477 4577 ὀργὴν
1491 4495 1625 4575 διαφόροις
1643 4497 1791 4580 τιμωρίαις

219 4607 283 4648 crus
302 4588 355 4648 sibi
373 4589 510 4668 fregisset,
524 4589 617 4648 statim
631 4589 716 4649 vitam
731 4591 962 4672 abrupitzalius,
1014 4597 1223 4673 στρατηγοῦσαν.
1242 4592 1285 4650 0t·
1301 4586 1352 4671 γδιρ
1376 4589 1420 4649 τὸν
1435 4590 1489 4646 τῶν
1511 4590 1603 4668 ψυχῶν
1626 4587 1719 4670 ἰατρδν
1741 4591 1791 4655 καί

123 4734 126 4738 .
219 4678 364 4741 intentus
383 4700 466 4756 voce,
484 4693 544 4739 octo
564 4701 668 4740 menses
682 4681 710 4740 in
724 4681 793 4742 lecto
809 4699 962 4746 maceratus
979 4700 996 4746 ts
1013 4685 1136 4746 ἰπσυιδδν
1159 4682 1359 4765 παροξύναντας,
1374 4683 1421 4742 καλ
1442 4680 1714 4759 μεταιτήσαντεςτῶ
1739 4689 1792 4759 τῆς

219 4784 271 4847 σει,
285 4772 335 4851 qui
347 4792 381 4832 ne
397 4772 437 4831 ori
451 4770 561 4851 quidem
576 4792 625 4831 suo
638 4793 735 4833 manus
751 4772 897 4835 admovere
910 4797 963 4836 νε·
1014 4775 1148 4857 σωτηρίας
1157 4775 1330 4857 ἐργαστηρίου
1343 4774 1387 4834 τδν
1400 4771 1537 4853 ὑποφήτην
1551 4771 1654 4848 τούτου,
1664 4783 1721 4843 τοῖς
1733 4779 1790 4838 τῦν

218 4865 301 4929 lebat.
314 4864 399 4924 Alteri
413 4864 478 4926 vivo
492 4885 571 4925 crura
586 4865 622 4924 ad
636 4885 722 4944 genua
734 4887 819 4946 usque
831 4867 964 4949 paulatim
1014 4868 1148 4948 σαιραίτων
1168 4868 1267 4949 ἰατροῖς
1288 4870 1325 4934 εἰς
1339 4862 1463 4945 αἰκισμδν
1487 4864 1670 4945 παραδίδοντο,
1690 4868 1791 4943 ἰδίην

251 5048 267 5089 b
283 5045 390 5114 [Codex
403 5046 529 5115 σταχύων]
1026 5048 1172 5116 Georgius]

251 5134 262 5158 ⁹
277 5126 370 5194 (ἴσοις.
381 5135 423 5187 τὴν
440 5129 514 5187 ἔξοδον
531 5130 572 5178 τοῦ
585 5132 646 5192 βίου.
659 5123 669 5190 1
681 5123 754 5176 Idem
773 5124 838 5176 intra
853 5133 977 5183 λπιαιάπυν
1058 5137 1069 5161 t
1086 5127 1168 5196 [Ἐστι.
1182 5134 1326 5195 ιεηχούντας,
1338 5122 1461 5176 barbaros
1473 5125 1614 5190 nempe,ch
1626 5134 1745 5195 ιξπχαιηα
1757 5132 1793 5186 ὼ

217 5224 244 5258 τε
255 5211 293 5256 και
301 5210 421 5273 κληρικων,
430 5209 512 5272 δμοίως
522 5207 546 5255 δε
554 5211 593 5256 και
604 5209 707 5264 leucos
718 5203 800 5274 Διοσας]
1024 5207 1095 5272 eugris
1107 5208 1180 5271 ipsis:
1196 5218 1222 5256 et
1234 5204 1309 5274 paulo
1321 5215 1381 5255 ante
1392 5205 1431 5257 κκι
1448 5208 1579 5271 κυματώδη,
1599 5207 1712 5275 itemque
1725 5228 1792 5266 mox

250 5283 263 5322 ἆ
281 5283 365 5348 [Cod.
384 5287 498 5343 σκώληκα.
513 5285 581 5332 Forl.
600 5287 721 5343 σκωλήκια.
741 5284 837 5336 Scitin.
860 5292 975 5349 σκοίληκσις
1023 5287 1201 5352 ἀποτελοῦσαν]
1709 5307 1713 5314 ’
