3714 5970
158 461 229 512 200
642 462 674 511 S·
699 460 841 513 totunm
863 459 1098 514 mutsosmttt
1123 461 1222 533 vm,

155 588 200 648 sni
214 589 451 649 amatium
460 591 617 650 laam
626 586 894 660 nuumobtendere,
947 588 989 649 Ea
1002 589 1075 649 enim
1087 603 1127 650 cst
1140 590 1184 650 vis
1196 588 1332 662 raritatis,
1347 591 1433 672 inquit
1446 586 1507 669 ille,
1524 607 1588 669 quae
1601 602 1688 646 uum·

154 681 380 761 qumquam
399 683 480 743 multi
497 696 586 755 eant,
602 683 652 761 qni
668 694 730 763 pos
748 680 895 741 ὥιοιεειιιιι
949 700 1032 758 quam
1048 681 1151 762 expleri
1172 683 1271 762 possit,
1290 682 1328 743 ita
1347 696 1377 742 nt
1396 681 1419 742 si
1438 681 1554 762 decuplo
1576 679 1689 758 longior

153 774 515 856 eimcacnsrmrearrant.
811 765 813 768 ’
948 771 1061 852 epistola
1075 773 1184 850 inisset,
1200 772 1571 835 breristamenvisaiuisset
1587 789 1691 830 aman-

194 868 351 951 Epistulau
361 870 468 929 assat
480 867 638 950 Elpidinm,
652 866 808 948 episcopum
824 866 896 925 Lao·
948 863 1031 926 tibus.
1046 865 1112 925 llaec
1122 879 1212 926 autem
1224 865 1271 926 ille
1279 867 1403 948 pluribus
1416 866 1594 948 persequitur.
1610 865 1691 938 Quo·

152 959 405 1036 dieameuden
418 961 526 1022 circiter
535 974 657 1042 tempore
668 958 805 1040 scripsisse
818 956 898 1019 ride·
948 955 1021 1014 niam
1035 978 1100 1018 vero
1118 957 1171 1039 ipsi
1187 958 1285 1018 hortati
1300 958 1493 1019 illuminarent
1507 971 1538 1017 ut
1552 959 1691 1031 Romano,

153 1066 212 1114 ιιι.
228 1055 298 1115 lint
314 1055 364 1116 ille
378 1056 500 1115 §nemus
512 1052 629 1131 amicus,
643 1067 671 1113 et
687 1065 776 1112 umen
791 1071 821 1111 se
836 1069 897 1110 raro
948 1047 1108 1130 presbytero
1126 1050 1309 1128 Antiocheno,
1331 1050 1504 1113 maronia
1527 1062 1555 1110 et
1577 1068 1691 1109 morum

152 1145 196 1206 itti
218 1146 359 1228 scripsime
373 1147 478 1226 tatem
493 1171 502 1208 ι
517 1164 614 1206 rmum
634 1156 662 1204 et
677 1142 741 1202 anni
754 1153 897 1222 tempestas
947 1139 1082 1201 suavitate
1100 1141 1217 1221 insigni,
1234 1143 1325 1203 literas
1341 1143 1454 1204 mitteret
1467 1168 1476 1204 r
1491 1160 1595 1203 mamm
1618 1141 1689 1222 ipsis

154 1251 183 1298 et
195 1238 316 1298 solitudo
330 1239 401 1317 loci,
422 1238 520 1318 inquo
537 1237 637 1297 arctius
651 1255 732 1315 quam
750 1233 897 1294 incarcere
947 1253 1053 1315 gerens,
1069 1235 1210 1317 epistolam
1226 1239 1266 1298 23
1279 1238 1315 1297 ad
1330 1239 1479 1299 homanum
1495 1237 1691 1320 presbyterum

153 1330 277 1391 inermus
287 1331 440 1409 tenebatur,
452 1345 480 1392 et
490 1351 583 1391 eorum
595 1329 643 1409 qui
655 1349 684 1389 se
696 1327 802 1390 adirent
815 1325 897 1385 inire-
948 1327 1035 1404 misit,
1050 1349 1132 1405 quem
1146 1343 1178 1389 nt
1194 1329 1312 1391 caritatis
1324 1329 1383 1407 lege
1398 1329 1451 1388 sibi
1465 1349 1570 1408 semper
1583 1327 1689 1388 adsut-

153 1422 274 1503 qnentia‚
283 1442 351 1502 quos
362 1434 450 1481 tamen
465 1440 518 1481 non
531 1439 623 1481 omnes
634 1418 688 1479 sibi
703 1417 773 1478 fidos
781 1436 839 1478 esse
849 1435 898 1496 pu·
948 1430 1023 1479 ctum
1041 1417 1135 1478 laudat
1148 1440 1165 1478 a
1181 1440 1289 1480 morum
1301 1419 1459 1498 virtutisque
1472 1419 1617 1496 suavitate,
1633 1441 1690 1500 qna

152 1513 243 1591 tabat,
262 1534 294 1575 ac
311 1513 428 1592 denique
440 1514 568 1590 morbus,
587 1513 635 1590 qui
654 1511 734 1570 illum
749 1531 796 1590 per
812 1521 897 1568 totam
948 1530 1041 1571 omnes
1060 1511 1107 1589 qui
1123 1510 1159 1571 ad
1178 1511 1269 1592 ipsum
1287 1511 1446 1572 accedebant
1464 1533 1528 1573 suos
1547 1511 1687 1575 redderet.

153 1607 209 1666 tere
222 1605 348 1687 hyemem
359 1606 429 1668 lecto
445 1604 583 1665 affixerat:
597 1604 656 1668 haee
670 1600 774 1677 omnia,
791 1600 896 1679 inquit,
948 1603 1038 1682 Rogat
1058 1617 1148 1663 autem
1168 1602 1260 1664 literas
1282 1604 1335 1663 sibi
1355 1605 1457 1681 mittat,
1477 1618 1504 1665 et
1523 1627 1553 1666 se
1572 1613 1730 1688 precum·

153 1719 183 1761 se
195 1720 230 1760 ne
241 1700 334 1783 plures
351 1700 480 1763 scriberet
494 1699 587 1759 literas
604 1695 797 1770 cohibuerant,
815 1713 897 1771 seque
947 1713 1060 1755 suarum
1077 1694 1198 1756 subsidio
1214 1697 1301 1777 juvet
1322 1697 1457 1757 Romanus
1472 1718 1537 1759 vero
1555 1697 1610 1759 bac
1628 1698 1691 1780 epi-

153 1805 243 1852 tamen
261 1792 477 1872 frequentissime
489 1791 569 1851 illum
586 1803 617 1851 ut
631 1788 719 1850 fidum
731 1786 848 1847 amicum
866 1783 903 1871 in
947 1787 1016 1847 stola
1030 1789 1195 1865 concitatus,
1207 1810 1262 1850 non
1276 1789 1356 1850 modo
1366 1789 1462 1852 Joanni
1473 1791 1626 1872 rescripsit,
1639 1790 1690 1853 sed

152 1885 245 1946 animo
260 1906 376 1947 versare.
946 1879 1027 1936 etiam
1039 1878 1069 1938 id
1081 1880 1183 1958 effecit,
1201 1895 1231 1941 nt
1243 1882 1361 1942 caritatis
1375 1895 1401 1941 et
1417 1881 1611 1944 benevolentia
1623 1904 1689 1965 erga

183 1977 299 2044 Eadem
309 1977 417 2038 circiter
423 1989 579 2058 tempestate
586 1973 711 2037 Anatolio
722 1970 830 2052 scripsit
838 1967 895 2051 epi·
948 1969 1172 2052 Chrysoatomum
1185 1995 1240 2033 sue
1258 1975 1328 2034 fama
1343 1996 1396 2035 non
1410 1974 1439 2034 iu
1452 1977 1611 2036 Armeniam
1624 1989 1691 2038 tan·

153 2071 251 2133 uotam
264 2072 333 2134 tos.
347 2070 415 2131 Erat
425 2070 472 2129 ille
487 2068 629 2131 Anatolius
640 2063 794 2149 ἐπαρχιιιόι,
807 2061 894 2139 idest,
945 2071 1021 2133 ium,
1035 2063 1081 2124 sed
1092 2065 1159 2125 etin
1174 2066 1387 2155 Cappadociam,
1402 2072 1504 2150 quavis
1515 2074 1590 2131 tnta
1603 2072 1690 2132 lucu·

153 2176 185 2223 ut
208 2176 294 2244 puto,
309 2161 518 2244 Exprmsectus
531 2158 791 2241 [Proesectianust
804 2157 817 2233 ]
830 2177 837 2210 ι
848 2153 897 2232 qui
949 2152 1056 2214 lentius
1074 2157 1241 2237 pervaderet.
1256 2160 1386 2219 llortatur
1398 2174 1487 2221 autem
1504 2162 1586 2223 illum
1604 2177 1636 2224 ut
1653 2164 1690 2226 de

153 2269 297 2337 postquam
310 2257 427 2318 loannes
439 2267 529 2313 noster
545 2252 574 2312 in
588 2251 715 2311 exsilium
725 2247 821 2330 pulsus
833 2248 897 2306 iue-
948 2248 1102 2311 valetudine
1121 2273 1170 2311 sua
1187 2252 1240 2312 sihi
1256 2253 1419 2333 frequentius
1432 2255 1524 2316 literas
1538 2258 1648 2337 mittut,
1661 2272 1690 2320 et

152 2359 196 2407 rat
203 2393 214 2422 ,
224 2347 310 2407 multa
324 2346 353 2407 in
362 2348 421 2429 ejus
437 2344 552 2426 gratiam
562 2341 668 2402 dixerat
677 2341 834 2418 feceratque.
848 2339 896 2400 lit
946 2341 976 2403 in
987 2343 1114 2424 precibus
1126 2347 1168 2404 sui
1180 2345 1337 2406 memoriam
1348 2368 1402 2406 non
1415 2349 1584 2410 intermittat.
1598 2351 1690 2412 Aliam

151 2458 218 2498 reto
229 2460 257 2501 se
267 2485 275 2513 ,
286 2459 321 2499 ne
330 2437 383 2519 ipsi
397 2436 527 2496 scriberet
538 2479 546 2509 ,
558 2433 637 2512 longa
649 2431 771 2513 corporis
785 2431 897 2511 agritu·
948 2455 1056 2514 quoque
1074 2436 1212 2515 epistolam
1229 2441 1289 2498 Μ
1306 2438 1380 2499 misit
1396 2439 1490 2500 iisdem
1504 2442 1688 2524 presbyteris,

152 2528 217 2591 dine
233 2530 372 2591 detentum
390 2527 488 2600 luisse,
507 2525 544 2585 ab
560 2524 661 2603 illoque
673 2523 741 2604 petit
755 2536 784 2582 ut
800 2523 896 2583 desua
948 2526 1041 2600 Caso,
1054 2526 1174 2598 Valerio,
1191 2528 1345 2609 Diophanto
1359 2543 1385 2590 et
1398 2531 1523 2614 Cyriaoo,
1536 2534 1587 2612 qui
1599 2534 1689 2615 ipsum

153 2641 320 2702 suorumque
336 2618 491 2682 valetudine
510 2637 539 2676 se
551 2616 637 2676 literis
650 2614 789 2676 certiorem
806 2614 894 2675 saciat.
947 2631 977 2676 ut
987 2617 1093 2697 prolixa
1102 2619 1155 2678 sibi
1165 2619 1277 2699 epistola
1287 2619 1456 2702 responderet
1464 2625 1565 2703 precati
1573 2625 1689 2687 mmet.

115 2766 144 2797 s·
194 2716 265 2775 Cum
286 2712 459 2776 Antiochenis
485 2708 604 2769 maxime
629 2708 769 2769 literarum
792 2728 896 2788 semper
947 2710 1046 2769 Mutuo
1057 2725 1146 2770 autem
1159 2711 1221 2770 illos
1235 2712 1333 2772 amoris
1345 2713 1453 2774 vinculo
1463 2717 1624 2778 mustrictos
1639 2718 1688 2779 de·

116 2831 143 2862 ο.

115 2881 144 2926 tl.

154 2806 318 2867 consortium
326 2804 434 2880 babuit,
447 2792 542 2863 etcum
553 2801 631 2860 Clero
642 2801 762 2881 ejusdem
771 2800 896 2863 civitatis.
947 2802 1086 2882 praelicat,
1109 2817 1253 2884 optatoque
1276 2826 1305 2866 sc
1327 2805 1395 2867 dicit
1416 2821 1446 2867 ut
1469 2830 1614 2890 congressu
1634 2813 1690 2873 irui

154 2899 240 2960 Erant
260 2910 350 2956 autem
367 2894 428 2955 istie
448 2906 564 2972 quatuor
577 2891 729 2972 presbyteri
747 2892 799 2952 sibi
816 2892 897 2952 addi·
946 2893 1041 2972 liceat,
1056 2893 1103 2955 sed
1118 2897 1181 2981 quia
1197 2897 1226 2955 id
1239 2918 1345 2978 sperare
1355 2920 1407 2958 non
1423 2914 1540 2981 poterat,
1552 2902 1688 2984 ingentem

155 2986 268 3047 ctissitm
293 3001 375 3066 atque
400 2984 519 3045 amicitia
545 2997 639 3043 mutua
667 2985 894 3066 conjunctissimi,
947 2987 1041 3048 saltem
1055 2988 1193 3047 literarum
1208 2989 1331 3070 copiam,
1348 2991 1458 3072 stpddet
1474 2995 1639 3072 ὶπιιτολῶν,
1653 2997 1687 3058 ad

154 3097 251 3157 nempe
262 3078 370 3150 Castus,
383 3076 521 3150 Valerius,
532 3075 702 3156 Diophantus
712 3091 737 3137 et
748 3077 877 3158 Cyriacus
888 3103 896 3140 r
947 3099 975 3139 ae
993 3079 1109 3141 mittant.

153 3165 197 3228 his
223 3188 289 3228 veto
314 3167 365 3226 hoc
397 3168 504 3227 circiter
522 3182 643 3248 tempore
661 3167 801 3248 epistolam
824 3170 896 3230 scri-
987 3169 1109 3251 Epistola
1122 3173 1160 3233 93
1179 3174 1278 3256 scripta
1294 3175 1348 3235 tuit
1368 3176 1538 3257 Aphthonio,
1557 3179 1689 3242 Theodo-

154 3260 208 3342 psit
220 3261 288 3321 tto.
304 3259 420 3319 Orditur
435 3273 524 3319 autem
539 3258 642 3335 dicens,
656 3260 776 3320 caritatis
787 3261 895 3322 vincula
947 3278 986 3339 to,
1006 3264 1122 3325 Chaereae
1139 3267 1305 3348 presbyteris
1318 3281 1344 3327 et
1356 3267 1511 3348 monacbis,
1528 3270 1645 3352 aliisque
1660 3274 1689 3333 in

153 3350 286 3413 creditore
296 3352 395 3432 quotis
406 3352 603 3415 vehementiora
616 3373 680 3413 esse.
691 3352 814 3413 Creditor
824 3355 895 3414 enirn
947 3354 1071 3417 sodalitio
1090 3357 1243 3440 Zeugmatis
1258 3350 1427 3421 uersantihus
1444 3385 1451 3419 t
1466 3383 1617 3443 eorumque
1628 3386 1690 3446 pre·

152 3455 294 3527 postquam
304 3441 409 3504 debitas
420 3444 473 3504 sibi
486 3443 611 3525 pecunias
620 3445 732 3525 recepit,
743 3446 814 3506 nihil
825 3448 896 3508 ultra
947 3450 1025 3511 cibus
1043 3472 1099 3510 sese
1115 3452 1299 3526 commendat,
1316 3467 1346 3518 ιιι
1364 3454 1423 3532 qui,
1439 3476 1503 3514 cum
1519 3456 1625 3517 mundo
1639 3479 1690 3525 aa·

151 3532 347 3614 requirendum
356 3535 619 3613 habere,seddebita
630 3538 747 3598 caritatis
753 3552 896 3621 postquam
947 3543 1105 3604 ledixissent
1124 3545 1221 3626 etjam
1239 3546 1268 3605 in
1286 3546 1432 3624 tranquillo
1450 3561 1532 3628 portu
1549 3569 1688 3612 versaren-

150 3624 238 3684 soluta
256 3637 339 3700 sunt,
362 3627 455 3688 eadem
474 3648 596 3706 manere,
616 3632 671 3689 imo
684 3651 788 3711 semper
802 3653 894 3695 accre-
948 3648 1008 3711 tur,
1028 3649 1119 3696 noctes
1137 3636 1167 3695 in
1186 3637 1245 3697 dias
1262 3636 1298 3696 ad
1315 3638 1481 3719 precandum
1500 3658 1688 3705 commutare·

150 3734 235 3793 soem.
260 3716 335 3791 Quia
353 3739 419 3780 tero
443 3720 485 3779 illi
504 3718 539 3778 de
559 3719 642 3799 ipsius
662 3722 816 3783 valetudine
833 3747 896 3786 cer·
946 3727 1020 3804 rint3
1040 3728 1203 3810 insuperque
1217 3744 1248 3789 ut
1265 3729 1299 3789 de
1317 3730 1471 3791 valetudine
1488 3753 1538 3792 sua
1556 3754 1586 3794 se
1602 3734 1687 3797 literis

151 3806 233 3867 tiores
247 3806 309 3868 fieri
320 3811 508 3893 peroptabant,
519 3811 559 3871 ait
571 3810 618 3871 ille
629 3833 657 3872 se
666 3814 796 3874 stomachi
806 3815 897 3877 imbe-
947 3821 1085 3881 certiorem
1098 3821 1197 3891 faciant
1209 3836 1328 3904 exoptat.
1342 3822 1445 3883 Eadem
1454 3825 1510 3884 sere
1520 3827 1581 3907 ipsa
1594 3829 1687 3908 repetit

150 3897 265 3960 utilitate
282 3899 429 3965 liberatum
447 3925 520 3980 esse,
537 3917 616 3982 atque
632 3903 738 3984 valere,
758 3927 807 3968 nec
821 3909 897 3970 obsi·
947 3913 977 3972 in
999 3914 1111 3995 epistola
1133 3916 1173 3975 70
1193 3914 1230 3974 ad
1249 3914 1356 3975 eosdem
1373 3916 1454 3977 missa
1471 3940 1479 3975 t
1494 3917 1523 3978 in
1543 3920 1623 3999 cujus
1634 3921 1688 3983 fine

148 3987 246 4074 tione,
265 4012 315 4054 nec
330 3996 468 4058 latronum
482 3996 693 4074 incursionibus,
707 4018 756 4060 nec
767 3999 822 4060 loci
834 4003 897 4062 soli·
948 4005 1031 4083 dicit,
1050 4005 1200 4085 sequidem
1220 4021 1314 4066 exacta
1330 4006 1428 4090 hyeme
1440 4021 1466 4069 et
1483 4024 1582 4070 exortu
1598 4032 1688 4073 verca

150 4075 257 4153 tudine,
271 4101 321 4144 nec
334 4087 456 4149 adversis
469 4087 576 4148 casibus
587 4088 751 4160 conturbari,
767 4090 816 4151 sed
829 4093 895 4172 otio,
947 4097 1024 4177 gravi
1034 4097 1128 4157 morbo
1141 4095 1285 4158 liberatum
1297 4098 1389 4171 t'uisse,
1404 4098 1452 4159 sed
1463 4100 1551 4181 ipsius
1562 4102 1688 4183 reliquias

148 4169 296 4234 securitate
316 4198 349 4239 ac
369 4180 458 4259 quiete
473 4179 546 4254 frui,
564 4200 597 4239 ac
616 4178 730 4262 singulis
748 4182 846 4245 diebus
862 4186 897 4247 de
947 4189 1037 4250 adbuc
1050 4189 1239 4262 circumferre,
1254 4211 1322 4269 quas
1335 4189 1468 4270 augebant
1481 4192 1564 4252 etiam
1578 4194 1689 4255 Isaurici

148 4257 261 4323 illerum
278 4279 352 4329 statu
367 4293 461 4333 curam
473 4273 583 4350 habere,
598 4293 630 4331 ac
643 4294 704 4332 cum
718 4274 753 4335 iis
765 4276 897 4356 quiacce·
949 4282 1080 4344 tumultus
1095 4306 1102 4340 ι
1115 4302 1198 4360 quare
1212 4281 1241 4341 in
1260 4302 1442 4341 aerumnarum
1457 4283 1587 4344 solatium
1599 4285 1688 4346 literas

147 4348 249 4415 deluat
270 4355 405 4426 derebus
424 4365 460 4427 ad
475 4365 549 4448 ipsos
564 4365 746 4447 spectantibus
761 4368 896 4449 colloquia
949 4375 1001 4457 ipsi
1014 4375 1144 4435 miserunt
1164 4373 1343 4447 Theodorus,
1363 4375 1492 4435 Nioolaus
1507 4389 1533 4437 et
1553 4377 1687 4456 chesas,

146 4443 269 4511 ιιιίιιιιι.
947 4467 1024 4548 queis
1042 4466 1253 4527 testificabantur
1272 4487 1301 4527 se
1320 4467 1458 4528 Cucusum
1477 4468 1566 4550 ipsius
1585 4470 1689 4532 visendi

187 4535 255 4601 ttae
279 4546 397 4626 epistola
417 4555 479 4616 aliis
499 4553 696 4638 circumpositis
720 4556 828 4638 longior
846 4571 894 4619 est.
949 4581 1029 4622 causa
1043 4573 1169 4621 venturos
1181 4559 1272 4633 luisse,
1286 4558 1339 4619 uisi
1356 4561 1510 4621 isaurorum
1524 4563 1689 4625 incursiones

147 4628 253 4693 b'otttttt
278 4634 365 4702 aliam
388 4645 440 4706 bac
464 4647 612 4730 longiorem
634 4650 701 4730 ipsis
724 4650 821 4724 misit,
846 4651 895 4712 ubi
949 4651 1140 4734 impedimento
1154 4650 1208 4711 sibi
1220 4650 1341 4712 fuissent.
1354 4651 1403 4712 His
1416 4652 1555 4734 respondit
1569 4655 1690 4737 Chryso·

147 4724 235 4789 stulta
247 4746 359 4796 snauat
367 4737 403 4799 de
415 4744 591 4803 tentationum
602 4757 628 4804 et
636 4744 827 4807 adversitatum
838 4747 896 4807 sru-
949 4760 1051 4807 stomus
1063 4744 1175 4826 epistola
1185 4742 1254 4819 tto,
1263 4764 1292 4803 se
1302 4757 1390 4804 tamen
1401 4744 1474 4826 ipsos
1483 4766 1517 4806 ex
1528 4747 1629 4808 affeetu
1642 4749 1689 4811 tati

147 4828 193 4881 ctu
208 4819 270 4883 tait
284 4843 353 4889 veru
367 4851 411 4906 se,
425 4833 487 4893 licet
505 4836 624 4916 epistolae
639 4837 738 4898 limites
752 4841 896 4901 excessisse
948 4838 1026 4920 quasi
1039 4849 1180 4919 praesentes
1197 4857 1301 4915 semper
1318 4835 1432 4910 habere,
1450 4858 1499 4897 nec
1517 4838 1646 4903 dubitare
1661 4862 1689 4903 se

147 4906 286 4987 tutetur,
313 4937 424 5001 sperare
445 4937 534 4987 tamen
557 4926 629 5008 ipsos
654 4929 769 4991 vinculis
795 4934 893 4996 amoris
949 4932 1015 5012 quin
1035 4928 1180 5008 aliquando
1200 4942 1302 4987 mutata
1322 4949 1413 4987 rerum
1435 4928 1592 4994 conditione
1607 4933 1646 4994 ad
1661 4953 1689 4994 se

147 4998 310 5081 cludetur,
327 5008 481 5075 breviorem
501 5017 576 5077 illam
594 5040 650 5079 esse
667 5035 808 5102 putaturos
827 5046 892 5086 esse.
948 5012 1066 5088 veniant.
1080 5023 1115 5082 Se
1130 5033 1219 5080 autem
1236 5020 1274 5078 ait
1284 5019 1373 5097 quiete
1390 5034 1416 5082 et
1429 5021 1561 5097 otioirui,
1577 5046 1689 5106 corpus·

149 5088 203 5155 lita
221 5112 258 5159 ta
277 5112 344 5162 tutu
361 5103 555 5188 chrysostomo
573 5112 674 5171 cessit:
693 5113 801 5194 longam
822 5118 893 5178 enim
948 5138 1001 5197 que
1018 5136 1098 5175 suum
1114 5113 1176 5171 licet
1195 5132 1248 5170 non
1266 5113 1369 5193 integra
1388 5113 1548 5175 valetudine
1562 5117 1688 5193 iruattu,

149 5180 227 5251 illata
244 5188 389 5277 epistulam
408 5198 518 5263 brevem
533 5201 586 5262 sibi
604 5203 690 5264 visam
711 5206 794 5267 fuisse
811 5207 894 5269 dixe·
947 5223 988 5268 sat
1001 5204 1141 5269 commode
1155 5225 1184 5264 se
1196 5203 1305 5281 bahem,
1317 5219 1344 5266 et
1356 5207 1513 5268 Isaurorum
1523 5206 1689 5274 hassones

150 5289 232 5351 aaut.
250 5294 283 5345 ιιι
296 5280 327 5348 iu
344 5286 459 5371 epistola
472 5294 512 5357 29
529 5293 564 5355 ad
580 5294 652 5376 ipsos
665 5296 746 5358 missa
761 5313 894 5363 namatur.
950 5299 1102 5363 valetudini
1116 5319 1171 5359 suae
1183 5296 1298 5359 officere.
