3750 6052
689 546 810 621 sturm
837 561 1000 626 nunnoni.

60 685 111 746 κά·
125 687 194 747 Οὐαὶ
208 684 279 754 ἔθνος
293 685 460 768 ἇμαρτωλόν.
474 683 510 745 Ὁ
523 685 550 745 δέ
565 680 644 754 ἄλλος
656 687 702 746 καί
720 687 829 767 θρήνους
887 688 969 746 rum?
985 687 1059 747 Elias
1073 706 1137 746 vero
1143 686 1245 746 inferne
1255 687 1265 766 (
1273 685 1387 762 clamat)
1403 707 1409 741 ι
1427 687 1554 746 Domina
1561 730 1572 764 ,
1583 686 1665 750 ‹tl-3.
1674 699 1734 761 Itog.
1745 716 1783 764 ¹9·

1561 566 1626 628 27¹

59 769 218 846 ὁλοκλήρους
232 769 344 847 ἔγραψεν
354 811 362 838 ,
374 772 388 826 6
402 766 535 844 Ἱερεμίας
548 789 554 802 ·
568 771 582 826 6
599 765 647 842 μὲν
661 771 764 842 πενθεῖ,
775 762 829 828 ὁδί
847 768 866 815 Ε
887 771 963 825 taria
974 779 1027 826 tua
1040 767 1259 839 destruxerunt,
1272 768 1429 847 propbetas
1442 779 1507 826 tuos
1519 768 1632 827 οτσὶάε-
1643 776 1681 812 ¹⁰·

59 851 158 925 θρηνεῖ,
171 852 185 906 6
199 846 226 907 δὲ
237 848 406 926 παρακαλεῑ’
421 852 435 906 6
449 846 517 911 θεὸς
536 843 651 905 ἄνωθεν·
662 843 830 925 Ἐγκαταλό·

60 929 141 983 λοιπε
154 926 198 984 τόν
211 917 281 985 οἶκόν
296 923 432 1002 μου.Ποία
447 926 522 991 ἐλπίς
540 925 641 996 λοιπόν,
655 924 717 985 όταν
733 930 747 984 ὁ
763 928 829 994 Θεδς

31 1045 38 1056 ,
59 1006 136 1083 λέγῃ,
146 1005 379 1082 Ἐγκαταλέλοιπα
390 1005 423 1063 τθι
438 1004 687 1085 σύμπαντα,άφ’ήκα
700 1005 748 1078 τήν
763 1009 831 1080 κλη-

63 1084 186 1163 ρονομίαν
200 1108 258 1161 μου,
273 1083 359 1144 ἔδωκα
371 1085 418 1156 τήν
439 1083 615 1162 ἠγαπημένην
628 1085 716 1165 ψυχήν
728 1110 780 1162 μου
795 1089 832 1155 εἰς

61 1172 152 1242 χεῖρας
167 1166 268 1243 ίχθρῶν
285 1189 351 1241 μους
364 1162 399 1223 ‘0
415 1163 509 1231 Ἠλίας
531 1163 668 1223 κάτωθεν·
682 1164 778 1244 Κύριε,
796 1165 832 1226 τόν

64 1242 239 1323 θυσιαστήριά
253 1266 299 1303 σου
312 1242 497 1324 κατέσκαψαν,
509 1242 622 1310 salente
635 1244 771 1323 προφήτας
786 1269 832 1305 σου

65 1322 230 1391 ἀπέκτειναν,
241 1321 316 1402 κάγῶ
329 1323 486 1401 ὑπελείφθην
504 1321 667 1398 μονώτατος,
681 1324 726 1383 καί
740 1327 833 1397 ζητού·

67 1425 94 1460 σι
108 1403 156 1473 τήν
167 1403 255 1482 ψυχήν
270 1426 329 1480 μου.
340 1405 381 1475 ,El
392 1403 420 1460 δὲ
434 1405 461 1461 έν
475 1407 509 1482 τῇ
523 1402 638 1481 Ἰουδαίᾳ
651 1408 752 1471 ταῦτα,
767 1404 832 1465 ὅπου

886 848 1001 919 dmum,
1012 859 1040 904 et
1049 866 1101 925 ego
1115 846 1271 904 derelictus
1280 865 1344 904 sum
1355 847 1448 917 solus,
1460 857 1488 904 et
1497 860 1633 926 querunt

887 930 1017 984 anioram
1027 925 1168 985 meamSi
1183 945 1247 985 vero
1263 924 1393 985 iandaea
1407 924 1549 984 haosaota
1559 939 1632 997 sunt,
1650 996 1653 1003 Ι

888 1004 935 1062 nbi
950 1005 1006 1074 lex,
1024 1004 1071 1062 nbi
1088 1004 1233 1084 templum,
1250 1003 1298 1062 ubi
1316 1026 1388 1078 arca,
1407 1004 1454 1062 ubi
1469 1005 1633 1066 sacrificium

887 1082 1046 1156 ludaicum;
1060 1083 1124 1161 quid
1137 1083 1230 1142 ridere
1250 1096 1306 1141 erat
1322 1084 1368 1142 ulii
1382 1083 1461 1143 nidor
1478 1097 1504 1142 et
1518 1084 1631 1159 sumus,

888 1163 980 1241 iniqua
1000 1163 1169 1235 ministeria,
1192 1163 1344 1243 impietates
1355 1186 1363 1232 ;
1378 1163 1427 1220 ubi
1438 1162 1504 1222 vitia
1518 1185 1568 1244 pro
1579 1164 1634 1224 diis

888 1242 1066 1318 habebantur,
1078 1243 1124 1300 nbi
1139 1263 1236 1301 canum
1257 1263 1350 1300 rocem
1374 1242 1569 1315 imitabantur,
1585 1244 1633 1323 qui

889 1322 988 1382 Racchi
1001 1322 1068 1381 festa
1081 1320 1263 1394 celebrabant,
1275 1321 1374 1402 pellem
1386 1342 1529 1400 caprarum
1549 1335 1575 1381 et
1585 1344 1633 1382 ca·

889 1422 955 1460 num
973 1422 1072 1475 voces,
1091 1415 1121 1459 ut
1136 1400 1304 1461 nobilitatem
1324 1422 1434 1480 prorsus
1457 1402 1633 1462 amitterent?

65 1481 158 1557 νόμος,
168 1485 234 1541 ὅπου
247 1482 321 1553 ναὸς,
335 1480 399 1541 ὅπου
415 1483 537 1553 κιόωτὸς,
550 1480 615 1540 όπου
630 1482 706 1542 θυσία
721 1475 835 1544 Ἰούδαῑ-
852 1490 870 1538 F
890 1481 984 1555 Canes,
995 1502 1090 1562 pot-cm
1102 1479 1167 1540 deos
1180 1481 1243 1540 lecit
1259 1479 1395 1554 diabulus,
1408 1481 1514 1560 viperas
1535 1481 1597 1540 lecit
1606 1494 1634 1542 et
1688 1549 1691 1555 ,

64 1562 99 1631 κή
107 1583 114 1597 ·
128 1559 155 1619 τί
167 1552 199 1632 ils
211 1560 275 1620 όπου
289 1560 401 1633 εἴδωλα,
413 1556 480 1622 ὅπου
494 1561 589 1621 κνίσσα
600 1561 645 1620 καί
656 1563 768 1634 καπνός,
781 1587 835 1624 πα·

65 1640 175 1717 ράνομυι
189 1640 307 1714 τελεταί,
321 1641 458 1701 εἰσέὸειαι·
474 1641 539 1700 ὅπου
553 1642 587 1702 τὰ
606 1643 678 1712 πάθη
692 1643 834 1703 torruerat·

890 1575 1035 1641 serpentes,
1052 1560 1159 1641 aspides
1172 1560 1247 1618 albas
1261 1560 1409 1619 constituit.
1427 1562 1484 1619 Lex
1496 1560 1632 1621 imbecilla

890 1655 939 1710 est,
955 1640 1243 1732 propbetaeincusant.
1263 1639 1339 1714 Quid
1361 1639 1499 1717 itaque,o
1521 1641 1633 1701 miser?

65 1741 110 1788 το,
134 1719 198 1778 ὅπου
217 1725 301 1779 κυνῶν
324 1720 413 1800 φωνήν
433 1725 591 1798 ἐμιμοῦντο,
613 1721 706 1788 οἵτινες
721 1721 765 1781 ἐπί
786 1729 878 1795 1062„
890 1720 1014 1780 Christus
1034 1733 1152 1792 intrans,
1171 1733 1197 1779 et
1217 1719 1289 1778 bunc
1312 1719 1445 1779 mundum
1466 1718 1632 1800 comperiens

63 1797 192 1858 Διονύσου
204 1800 363 1878 ὠργιάζοντο
376 1800 460 1880 δέρμα
475 1803 556 1879 αἰγῶν
569 1800 615 1859 καί
628 1805 712 1859 κυνῶν
729 1802 833 1881 φωνὴν,
850 1812 871 1859 Δ

62 1875 107 1934 ἵνα
118 1878 246 1937 πάντοθεν
258 1877 306 1950 τήν
324 1880 454 1956 εὐγένειαν
471 1879 640 1953 άπαλέσωσις
655 1878 756 1952 Κύνας,
772 1882 832 1962 χοί-

66 1977 123 2035 ρους
137 1958 258 2029 ἐποίησεν
272 1962 286 2016 6
307 1958 444 2031 διάόολος,
456 1959 524 2038 ἔχεις
539 1959 675 2031 ίποίηοεν,
688 1959 759 2039 όφεις
775 1960 832 2044 τίφ-

63 2034 173 2113 γάσατο,
185 2037 297 2105 ἀσπίδας
312 2038 489 2097 κατεσκεύασε
502 2038 619 2105 λευκούς.
631 2036 666 2097 Ὁ
680 2038 758 2116 νόμος
772 2045 832 2100 άτο·

63 2125 111 2183 νεῖ,
123 2119 146 2174 ol
157 2120 292 2216 προφῆται
306 2125 492 2198 κατηγοροῦσι.
503 2117 539 2177 Τί
549 2109 603 2190 σύν,
612 2117 701 2192 uoltu
709 2118 832 2180 ιίσελθιλν

64 2194 110 2253 καί
127 2199 209 2274 εὑρων
222 2197 270 2268 τὴν
289 2197 442 2272 οἰκουμένην
461 2196 528 2255 οὕτω
545 2195 721 2273 κακουμένην,
737 2197 832 2276 ίμελλε

888 1800 956 1858 adeo
973 1800 1043 1859 male
1060 1799 1199 1870 habitum,
1218 1812 1361 1858 ornaturus
1385 1812 1442 1857 erat
1467 1801 1584 1870 calum,
1604 1814 1632 1860 et

888 1895 990 1957 aegtum
999 1880 1111 1938 missum
1124 1879 1265 1937 facturus?
1273 1881 1309 1937 At
1320 1877 1371 1937 boc
1383 1899 1436 1937 non
1448 1879 1527 1951 lecit3
1538 1879 1585 1938 sed
1594 1879 1631 1940 ad
1685 1877 1687 1880 ’

888 1979 991 2036 aegrum
1003 1959 1131 2034 accurrit,
1148 1971 1258 2038 propter
1272 1978 1352 2035 quem
1365 1957 1506 2030 etcaelum,
1522 1972 1632 2039 propter

888 2058 968 2114 quem
982 2052 1008 2097 et
1023 2052 1092 2096 terra
1105 2052 1132 2096 et
1144 2058 1228 2111 mare,
1236 2051 1261 2094 et
1268 2057 1314 2095 aer
1322 2050 1348 2095 et
1361 2037 1573 2114 reliquaomnia.
1584 2038 1631 2097 ld·

887 2116 959 2175 circo
986 2137 1071 2196 neque
1096 2117 1191 2175 celum
1220 2129 1363 2175 sanaturus
1392 2130 1471 2189 erat,
1494 2114 1543 2175 sed
1576 2116 1629 2179 bo-

888 2197 997 2256 minem.
1014 2198 1159 2276 Propterea
1181 2194 1210 2253 id
1231 2193 1305 2273 quod
1322 2215 1394 2286 agro
1413 2209 1557 2278 cognatum
1573 2209 1630 2256 erat

65 2273 109 2331 τὸν
125 2275 234 2352 οὐρανὸν
255 2275 443 2344 καλλωπίζειν,
458 2275 504 2334 καί
522 2275 626 2355 ἀφιέναι
640 2276 686 2335 τὸν
697 2278 806 2358 νοσηρόν
821 2302 830 2355 3
886 2274 1024 2354 assumsit,
1034 2290 1061 2334 et
1070 2275 1143 2335 venit
1157 2288 1293 2352 tamquam
1307 2293 1329 2332 ει
1341 2275 1399 2353 ipse
1412 2295 1482 2354 aeger
1491 2275 1541 2334 illu¹
1557 2275 1630 2334 fuis·

65 2351 136 2410 Ἀλλ’
153 2356 201 2412 οὐκ
213 2354 321 2424 ἐποίησε
334 2356 485 2428 τοῦτο,άλλ’
496 2351 608 2433 έδραμεν
623 2355 666 2414 lai
676 2356 721 2415 τὸν
730 2364 833 2419 νοσοῦν
887 2368 944 2424 set,
957 2355 1018 2414 lioet
1041 2375 1093 2414 non
1108 2374 1179 2433 aeger
1198 2367 1282 2413 esset:
1300 2373 1362 2412 nam
1387 2355 1545 2413 Peccatum
1569 2357 1662 2425 non„
1676 2379 1740 2428 pm,
1754 2398 1778 2431 2·

64 2455 108 2502 τα,
116 2433 149 2489 δι’
159 2433 186 2491 ὃν
195 2433 240 2492 καί
247 2434 397 2512 οὐρανὸς,δι’
407 2436 435 2494 ὃν
445 2434 491 2493 καί
498 2439 533 2512 γῆ
544 2434 590 2494 καί
601 2435 718 2495 θάλαττα
724 2437 769 2496 καί
779 2437 832 2518 ἀὴρ
885 2437 959 2512 fecit
971 2479 978 2508 ,
992 2455 1045 2493 uec
1062 2441 1197 2492 inventus
1220 2445 1263 2493 est
1273 2433 1360 2493 dolus
1370 2436 1403 2491 in
1421 2453 1470 2493 ore
1480 2436 1543 2514 ejus
1556 2455 1565 2489 .·
1580 2434 1628 2494 sed
1638 2454 1661 2486 ε-

66 2509 112 2568 καί
124 2510 159 2569 τδι
175 2513 244 2571 ἄλλα
263 2514 359 2573 πάντα.
373 2514 425 2574 Διὰ
447 2521 524 2574 τοῦτο
542 2513 599 2574 οὐδὲ
614 2515 724 2593 ούρανοῦ
737 2522 832 2597 σμῆμα
878 2503 962 2572 ἰἐοιι
971 2512 1234 2572 νεείιοίιεσεοαιυτεε
1243 2511 1390 2591 illiusaegri
1401 2527 1554 2592 cognatum.
1567 2514 1629 2574 Nun
1641 2505 1699 2552 ¹⁸⁶¹·
1711 2502 1779 2568 ⁶²⁹·

66 2589 191 2650 ἀνελαόεν
203 2614 210 2627 ·
224 2594 254 2650 οὐ
274 2592 327 2672 γὰρ
351 2593 457 2671 οὐρανόν
475 2593 571 2670 έμελλι
589 2593 756 2674 θεραπεύειν,
771 2598 830 2657 ἀλλ’
887 2595 962 2652 venit
981 2613 1043 2652 cum
1065 2591 1308 2669 nuda-divinitate,
1325 2612 1358 2650 ne
1377 2593 1480 2672 lugeret
1494 2606 1627 2672 aegrotus,

65 2671 210 2748 ἄνθρωπον.
226 2671 277 2730 Διὰ
291 2679 367 2731 τοῦτο
379 2680 425 2733 τοῦ
436 2678 571 2741 νοσοῦντος
583 2673 614 2732 τὸ
633 2673 755 2751 συγγενίς
768 2680 832 2736 ἀνι·
848 2700 867 2749 Β
888 2693 921 2731 ne
931 2671 1184 2762 abigeret-praedam
1201 2694 1207 2728 ι
1224 2692 1319 2731 rerum
1342 2670 1413 2731 sicut
1425 2670 1545 2731 medicus
1558 2692 1630 2753 sape

64 2749 197 2820 κτήσατο,
213 2751 259 2810 καί
273 2753 380 2832 ἔρχεται
400 2755 437 2820 ὡς
454 2752 529 2819 αὐτὸς
543 2756 639 2820 ἐκεῖνος
652 2755 667 2811 6
686 2758 786 2830 νοσῶν,
801 2758 831 2816 οὐ
886 2771 981 2830 genere
990 2751 1125 2810 nobilrset
1136 2751 1308 2832 conspicuus,
1318 2750 1398 2810 claris
1411 2751 1629 2832 progenitoribus

63 2830 146 2887 νοσῶν
161 2829 237 2896 αὐτός
247 2853 253 2867 ·
265 2828 408 2910 Ἁμαρτίαν
424 2831 476 2912 γὰρ
490 2834 537 2891 οὐκ
553 2831 692 2906 ἐποίησιν,
705 2834 832 2911 utrm
885 2845 971 2901 omns,
986 2845 1013 2891 et
1028 2830 1244 2890 scricisamictus
1255 2830 1387 2903 vestibus,
1405 2851 1468 2890 curn
1501 2850 1628 2922 superem

63 2910 107 2974 λος
121 2910 212 2987 εὑρέθη
228 2912 255 2969 ἐν
269 2915 307 2991 τῷ
326 2910 439 2988 στόματι
452 2914 546 2972 αὐτοῦ·
562 2912 621 2970 ἀλλ’
632 2903 697 2983 ἦλθε
709 2913 832 2992 συγγενίς
885 2909 943 2969 adit
956 2923 1139 2991 egrotantem,
1156 2910 1203 2989 qui
1217 2910 1261 2969 rel
1271 2910 1439 2991 operatione,
1454 2852 1500 2969 rel
1512 2910 1567 2970 alrn
1583 2932 1630 2971 re-

64 2987 133 3067 ἔχων
146 2993 192 3060 τῆς
207 2988 305 3049 ἐκείνω
321 2990 423 3070 φύσεως
438 2997 536 3058 σκεῦος.
545 2992 604 3050 Οὐκ
614 2982 679 3063 ήλθε
728 2999 781 3070 μνῆ
796 3000 829 3068 εῆ
860 2989 974 3049 medio
989 3011 1057 3081 opus
1070 2989 1159 3066 babet,
1168 3001 1252 3049 vestes
1265 2991 1342 3049 eruit
1354 3003 1379 3047 et
1390 2990 1537 3049 claritatem
1546 2989 1629 3071 depo·

64 3067 183 3141 θεότητι,
196 3066 238 3125 ίνα
253 3067 291 3139 μὴ
306 3069 376 3149 φύγῃ
390 3072 405 3128 6
425 3073 527 3140 νοσῶν,
540 3067 585 3130 ίνα
605 3070 643 3147 μὴ
658 3093 675 3129 ε
708 3059 830 3151 ήεη’τὴ’ν
885 3070 940 3138 nit,
952 3083 978 3128 et
994 3069 1076 3129 linteo
1086 3082 1195 3150 accepto
1206 3090 1235 3127 se
1247 3068 1445 3148 circumcingit,
1462 3069 1566 3128 ustione
1586 3068 1629 3131 vel

63 3147 159 3226 θήραν·
174 3150 233 3207 ἀλλ’
255 3146 346 3228 ὥσπερ
360 3149 448 3228 ἰατρὸς
461 3149 589 3217 πολλάκις
607 3149 713 3227 εὐγενής
726 3147 763 3229 ῶν
784 3152 830 3212 καί
885 3148 1001 3208 sectione
1015 3169 1122 3222 usurus,
1136 3170 1184 3207 nec
1195 3147 1323 3226 dignitati
1336 3169 1402 3224 ευιε,
1418 3148 1465 3208 sed
1476 3149 1571 3208 morbo
1582 3150 1628 3208 la-

63 3226 207 3307 ἐπιφανὴς,
221 3227 356 3305 προγόνων
378 3227 445 3307 έχων
462 3228 649 3325 περιφάνειαν,
662 3228 709 3288 καί
732 3230 831 3309 σηρικὰ
884 3228 1005 3288 borantis
1019 3228 1152 3287 curationi
1171 3227 1287 3287 consulit
1302 3254 1309 3286 ε
1323 3229 1359 3286 ita
1372 3229 1479 3306 quoque
1496 3229 1557 3287 lecit
1568 3231 1628 3289 Do-

62 3304 286 3384 περιθεόλημένος
302 3305 410 3382 ἱμάτια,
424 3309 530 3366 ἐπειδαν
551 3307 653 3387 είσελθη
669 3309 735 3387 πρὸς
757 3333 831 3370 πτω-
885 3308 1146 3388 minusangelorum,
1158 3308 1235 3388 cujus
1246 3306 1332 3385 gloria
1342 3308 1487 3367 inellabilis
1499 3331 1507 3368 ε
1519 3306 1628 3369 desnen-

62 3385 111 3463 χδν
134 3388 260 3444 νοσοῦντα
280 3385 401 3462 δεόμενον
415 3389 650 3467 χειρουργηθῆναι,
666 3385 685 3457 ἢ
707 3387 772 3448 ἄλλο
788 3414 829 3465 τι,
884 3387 926 3448 dit
941 3401 971 3445 ut
984 3387 1081 3462 homo,
1094 3387 1194 3459 linteo,
1205 3399 1299 3445 natura
1318 3407 1412 3467 nempe
1426 3400 1514 3447 nostra
1527 3409 1555 3446 se
1568 3388 1627 3447 cir·

62 3464 204 3523 ἀποδύεται
216 3462 250 3522 ed
263 3464 358 3541 ἱμάτια
371 3462 417 3523 καί
432 3464 524 3544 ἀφίησι
534 3466 583 3538 τήν
597 3463 769 3547 περιφάνειαν
782 3469 829 3529 καί
884 3466 1032 3526 cumcinxit
1045 3489 1052 3522 ε
1064 3469 1113 3543 qui
1125 3466 1203 3525 dives
1217 3479 1283 3539 erat,
1296 3466 1381 3525 factus
1390 3480 1429 3525 cst
1444 3487 1555 3548 pauper,
1571 3486 1624 3529 non

60 3543 192 3620 λαμόοίνει
205 3541 324 3617 λέντιον,
338 3543 384 3602 καί
403 3543 573 3612 διαζώννυσιν
591 3546 700 3618 ἑαυτὸν,
724 3547 828 3624 μέλλων
844 3558 864 3608 c
883 3545 990 3606 amissis
1005 3545 1125 3619 divitiis,
1139 3545 1186 3604 sed
1198 3545 1360 3604 occultatis‘r
1371 3545 1456 3606 Scitis
1469 3550 1555 3621 euim,
1565 3547 1604 3607 ait
1611 3591 1622 3625 ,
1633 3583 1658 3615 2.
1671 3568 1725 3617 cor.
1736 3572 1761 3621 ςς,

60 3625 163 3697 καίειν,
189 3623 292 3698 μέλλων
314 3623 434 3701 τέμνειν,
449 3623 496 3683 καί
516 3627 545 3683 οθ
567 3627 640 3697 ζητεῖ
662 3618 711 3697 τὴν
734 3629 828 3689 έοιυτοῦ
882 3633 1009 3707 gratiam
1022 3627 1311 3705 Domini‚quontam
1322 3638 1439 3704 propter
1456 3645 1509 3684 nos
1519 3647 1625 3706 egeram
1633 3645 1658 3693 9.

60 3701 146 3776 ἀξίαν,
157 3701 225 3762 ἀλλὰ
237 3701 284 3773 τήν
299 3701 456 3780 κηδεμονίαν
467 3709 514 3762 τοῦ
526 3703 684 3781 κάμνοντοςι
701 3703 771 3766 σύτο)
783 3707 827 3768 καί
873 3708 984 3787 sactus
994 3718 1048 3776 est,
1062 3725 1126 3764 cum
1137 3717 1210 3764 esset
1223 3702 1313 3776 araas,
1328 3720 1359 3763 ut
1370 3705 1451 3764 illius
1461 3709 1560 3784 inopia
1573 3726 1626 3766 nos

59 3786 74 3839 6
88 3783 225 3855 Δεσπότης
242 3787 296 3841 τῶν
308 3781 427 3861 ἀγγέλων
447 3782 570 3852 ίποίησεν
578 3826 588 3855 ,
599 3774 630 3842 οὗ
643 3789 661 3856 ή
676 3783 738 3853 δόξα
752 3788 797 3845 ἀνι
816 3822 828 3835 -
884 3786 988 3845 divites
1000 3802 1136 3844 essemus.
1149 3783 1252 3850 Vidisti
1266 3798 1451 3864 paupertatem
1465 3783 1626 3845 divitiarum

43 3861 203 3936 ,μήνευτος
223 3861 324 3935 κατέόη
354 3865 390 3928 ὡς
417 3861 568 3958 ἄνθρωπος,
592 3863 713 3933 διέζωσεν
735 3811 828 3928 trualt
884 3863 1125 3924 matrem?ridisti
1136 3862 1313 3943 indigentiam
1323 3863 1496 3923 abundantias
1507 3864 1627 3924 occasio-

57 3940 172 4015 λέντιον,
187 3941 307 4008 διέζωσεν
332 3941 424 4000 έαυτδν
446 3964 495 4014 την
519 3941 596 4021 φύσιν
616 3941 664 4013 τήν
679 3946 827 4025 ἡμετέραν·
884 3944 964 4003 nem?
978 3943 1055 4002 dives
1065 3942 1150 4003 lactus
1159 3956 1198 4002 est
1208 3963 1320 4023 pauper,
1330 3957 1360 4002 ut
1371 3965 1421 4024 ego
1434 3964 1538 4040 parsper
1547 3943 1626 4005 dives

58 4020 161 4098 ἐγένετο
178 4020 285 4099 πτωχός
298 4025 312 4079 6
326 4020 465 4093 πλούσιος,
478 4020 525 4080 οὐκ
539 4020 671 4091 ἀπολέσας
682 4023 728 4083 τὸν
740 4027 827 4085 πλοῦ·
883 4024 957 4083 fiam.
973 4024 1012 4083 Ut
1022 4022 1143 4082 medicus
1156 4022 1239 4082 linteo
1254 4043 1282 4081 se
1292 4022 1496 4083 circumcinxit:
1516 4026 1626 4099 Quous-

30 4111 39 4125 ·
57 4121 117 4170 τον,
129 4098 198 4158 ἀλλὰ
213 4101 315 4178 κρύψας
334 4099 379 4159 τόν
392 4102 524 4159 πλοῦτον·
538 4101 687 4162 Γινώσκετε
699 4102 767 4183 γθρ,
778 4129 828 4184 φη-
882 4124 936 4182 que
947 4100 1108 4162 descondit?
1119 4102 1179 4162 Non
1187 4101 1312 4161 satisfuit
1324 4103 1365 4161 illi
1373 4117 1497 4162 naturam
1506 4101 1625 4163 nostram

59 4178 103 4249 εὶ,
119 4178 168 4250 τήν
189 4179 269 4256 γόριν
289 4183 335 4237 τοῦ
351 4178 463 4258 Κυρίου,
477 4178 519 4239 ὅτι
536 4181 569 4239 δι’
585 4186 658 4258 ἡμᾶς
672 4183 826 4264 ίπτῶχευεε
882 4181 1004 4257 induere,
1019 4181 1067 4241 scd
1081 4195 1108 4241 et
1121 4184 1191 4241 servi
1204 4183 1318 4241 formam
1330 4183 1475 4256 assumsit,
1488 4202 1537 4243 nec
1552 4183 1624 4253 servi

57 4254 183 4323 πλούσιος
195 4245 245 4330 ῶν,
265 4256 443 4336 ίναήμεῑςτῇ
462 4256 561 4319 ίκείνου
575 4259 828 4342 πτωχείφπλουτή-
882 4276 1006 4322 naturam
1031 4275 1147 4323 tantum.
1161 4262 1245 4323 Venit
1266 4261 1366 4339 igitur,
1381 4263 1480 4343 reperit
1499 4274 1624 4321 naturam

58 4360 156 4413 σωμεν.
175 4327 251 4403 Εἶδες
267 4335 402 4415 πτωχείαν
416 4337 529 4397 πλούτου
552 4339 673 4420 μητέρας
695 4333 760 4411 εἶδες
773 4367 825 4402 πε-
882 4356 1000 4402 nostram
1010 4355 1195 4420 egrotantem,
1208 4342 1341 4400 lactusest
1357 4341 1477 4421 idipsum
1490 4340 1563 4419 quod
1574 4361 1625 4419 ego

57 4416 113 4474 νίαν
125 4415 275 4496 περιουσίας
285 4416 426 4487 θπόθεσινς
437 4415 583 4484 θπλούσιος
596 4419 699 4499 ἐγένετο
708 4421 826 4501 πτωγδς,
842 4435 861 4482 n
881 4443 953 4490 stim,
989 4435 1078 4480 eccato
1089 4441 1152 4480 exce
1174 4433 1213 4495 to;
1227 4419 1338 4478 venitin
1352 4421 1502 4499 tugurium,
1518 4419 1626 4498 ubiego

55 4496 99 4553 ’ίνα
113 4494 166 4575 ἐγὼ
187 4501 201 4555 6
223 4496 411 4574 πτωχδςγενῶ
423 4493 557 4564 πλούσιος.
574 4496 623 4567 Ὡς
638 4499 725 4581 ἰατρὸς
738 4489 826 4583 arepto.
881 4501 976 4561 derum
1012 4500 1138 4559 bam:vi
1161 4500 1182 4557 it
1196 4519 1307 4572 vermes,
1320 4499 1391 4558 vidit
1403 4499 1568 4589 putredines,
1582 4500 1626 4558 vi.

56 4574 158 4641 ζώσατο
170 4575 280 4634 λέντιον.
295 4576 352 4634 Ποῦ
370 4574 491 4648 κατέὸης
506 4575 616 4637 Λέντιον
634 4579 824 4659 περιεζώσατο·
882 4580 923 4640 dit
932 4580 1051 4640 soetorem
1060 4578 1186 4650 multum,
1200 4579 1290 4658 legem
1301 4599 1353 4638 non
1364 4579 1550 4658 opitulantem,
1562 4600 1625 4660 pro·

55 4656 102 4712 οὐκ
115 4653 230 4731 ήρκηαεν
245 4655 316 4734 αὐτῷ
331 4659 379 4726 τῆς
394 4653 496 4734 φύσεως
510 4660 527 4728 ἡ
545 4678 579 4715 πε
598 4655 683 4730 ιόολή,
698 4659 825 4720 ἀλλὰκαὶ
881 4660 976 4741 phetas
987 4673 1158 4732 accusantes,
1180 4671 1320 4738 peccatum
1339 4656 1514 4730 incumbens,
1531 4660 1625 4740 egroti

55 4735 149 4810 σχῆμα
161 4732 252 4791 δούλου
267 4733 527 4814 ἀνακόπτεσθαι
539 4681 631 4796 uulso
647 4728 824 4815 μόνον.Ἦλθε
879 4739 1033 4820 cupidinem
1048 4736 1238 4813 inordinatam,
1258 4738 1387 4797 contineri
1408 4739 1553 4812 nolentem,
1576 4760 1625 4799 noc

53 4810 158 4885 τοίνυν,
173 4817 299 4871 νοσοῦσαν
314 4804 378 4892 ηὗρε
390 4811 440 4883 τὴν
453 4812 531 4894 φύσιν
543 4815 593 4887 τὴν
605 4817 754 4896 ἡμετέραν,
767 4821 780 4878 ί
799 4819 824 4878 ί·
856 4837 860 4844 ’
879 4819 996 4879 medicos
1009 4818 1203 4878 admittentem.
1218 4819 1287 4876 Non
1304 4819 1437 4890 occides,·
1450 4818 1497 4878 ille
1509 4818 1623 4878 eccidit:

53 4915 113 4950 νετο
129 4895 206 4950 τοῦτο
227 4888 292 4970 ύπερ
311 4891 452 4971 είμί·ίγὼ,
467 4895 599 4975 ἁμαρτίας
615 4896 704 4972 μέντοι
721 4842 798 4979 χωρί
815 4920 823 4936 ·
879 4900 947 4957 Non
954 4900 1156 4966 moecbaberis;
1168 4899 1374 4977 Unusquisque
1383 4899 1423 4971 ad
1431 4919 1548 4957 uxorem
1556 4919 1623 4977 pro·
1631 4917 1680 4962 ter.
1698 4917 1721 4963 5.
1732 4917 1757 4965 8.

51 4964 130 5042 ήλθεν
145 4971 182 5037 είς
199 4970 247 5043 τήν
262 4969 380 5044 καλύόην
395 4975 431 5037 είς
443 4971 476 5043 ήν
489 4974 666 5053 κατεκείμην·
683 4967 735 5036 εἶδε
749 4975 823 5038 σκύ-
877 4981 952 5036 αἰπιι·
959 4982 1006 5038 sur'
1013 4979 1167 5036 dirimebat
1179 5000 1188 5034 .·
1199 4976 1393 5059 Noasurtum
1403 4979 1514 5052 saciesr
1528 4978 1625 5038 Male·
1634 5013 1699 5057 Osee.
1712 5009 1737 5071 g,
1750 5025 1775 5056 2,

52 5053 151 5122 ληκας,
172 5040 224 5109 εἶδε
248 5050 408 5120 σηπεδόνας,
421 5041 473 5110 εἶδε
492 5054 620 5115 δυσωδίαν
643 5054 760 5127 πολλὴν,
779 5080 823 5116 τον
877 5059 986 5117 dietum
1001 5069 1029 5118 et
1044 5057 1227 5115 mendacium
1241 5071 1268 5115 et
1280 5057 1456 5115 adulterium
1471 5070 1498 5115 et
1501 5056 1623 5138 furtum

52 5131 133 5205 νόμον
153 5132 182 5188 αθ
199 5128 433 5207 βοηθοῦντα,τοθς
446 5153 482 5210 πρ
516 5132 581 5205 ήτας
600 5139 820 5216 κατηγοροῦντας,
847 5148 849 5153 “
878 5138 1096 5196 inundaverunt
1109 5136 1258 5195 interram.
1277 5137 1337 5194 Alia
1351 5135 1458 5195 dicebat
1481 5135 1622 5213 modicus,

53 5208 102 5280 τήν
126 5209 259 5311 άμαρτίαν
276 5209 459 5287 ἐπικειμένην,
479 5155 528 5283 ils
546 5214 687 5292 ἐπιθυμίαν
706 5221 752 5276 τοῦ
772 5216 821 5275 καί·
878 5216 930 5274 alia
949 5215 1066 5276 faciebat
1080 5229 1204 5295 agnotus.
1219 5215 1298 5289 Quid
1315 5213 1489 5275 laciendum?
1504 5215 1624 5276 medicus

55 5310 163 5365 μνοντος
177 5311 300 5359 ατεκεον,
311 5290 358 5348 οθκ
369 5289 570 5372 έγκρατιύεοθαι
586 5292 823 5372 βουλόμενον,ούδί
878 5295 1018 5376 precepit,
1030 5316 1052 5354 ae
1071 5295 1370 5375 ernonobtemperarit
1383 5317 1390 5350 ι
1405 5294 1516 5354 morbus
1529 5308 1625 5358 auctus

55 5368 212 5447 ἀνεχόμενον
234 5374 287 5429 τῶν
308 5365 415 5451 ἰατρῶν.
441 5371 482 5430 Οὐ
503 5371 649 5452 φονεύσεις,
663 5379 738 5444 οθτυς
761 5372 824 5455 ἐφό-
879 5315 1624 5460 est,mangoillcdiaboluspermansitsicutserruslugi7
