3750 6052
723 649 727 656 Ι
780 585 897 633 sonum
925 587 1086 651 annau.

152 713 223 787 ἡμᾶς
235 709 340 777 εὐθύνας
352 713 405 769 τῶν
419 707 638 811 ἁμαρτημάτων,
652 710 759 769 ἀπαιτεῖ
780 717 851 787 ἡμᾶς
864 713 916 768 τῶν
971 709 1019 767 εἰο.
1039 709 1068 768 Si
1085 727 1136 767 non
1156 707 1285 789 creditis,
1307 707 1396 769 videte
1419 706 1584 768 meretricem
1594 708 1713 786 „uidete

151 789 535 867 πλημμελημάτων·κολασαι
548 793 619 867 ἡμᾶς
635 787 702 890 ίχει,
717 787 763 848 καί
775 789 835 849 τότε
847 795 918 866 ἡμᾶς
971 786 1126 860 latronem,
1150 786 1241 848 videte
1272 809 1384 868 magos,
1431 788 1607 867 nblicannm,
1635 789 1712 849 Cha·

152 869 314 950 διορθοῦται·
328 866 371 928 ίνα
388 868 479 946 μηδεὶς
492 875 569 928 τοῦτο
582 868 783 968 έννοησαςρύγη
799 887 806 900 ·
821 871 917 940 Δεῦτε,
971 887 1107 926 nanaeamr
1123 866 1256 926 indicium
1272 868 1352 928 vobis
1367 868 1384 943 d
1421 869 1429 926 i
1444 868 1479 927 ab
1490 866 1620 927 exordiis.
1637 869 1712 928 Num

170 950 225 1022 eol,
237 948 302 1030 πρός
316 951 426 1025 μεθύει
438 941 515 1021 ἦλθον
527 946 569 1006 ίνα
580 947 660 1028 κρίνω
672 951 715 1007 τδν
727 951 916 1025 κοσμον,αἰλλ’
973 947 1059 1005 ussi?
1089 967 1154 1005 num
1182 947 1283 1006 secui?
1306 968 1393 1006 nonne
1417 947 1543 1007 meretrix
1567 947 1642 1006 flevit
1665 969 1713 1008 so.-

138 971 192 1095 Ιίνα
207 1028 285 1087 σώσω
303 1029 346 1087 τὸν
368 1028 476 1106 κόσμον.
502 1027 586 1086 Οὐδὲν
608 1026 691 1107 βαρύ·
708 1031 756 1087 οὐκ
770 1028 825 1108 έχω
843 1027 918 1098 σιδή-
972 1026 1047 1099 Ιυιιι,
1063 1040 1089 1085 et
1102 1027 1171 1086 lacta
1189 1041 1228 1085 est
1244 1027 1397 1105 virginibus
1411 1027 1612 1086 continentior?
1626 1049 1713 1088 nonne

170 1130 222 1177 ιον,
236 1110 283 1166 οῦκ
297 1107 351 1187 έχω
365 1113 418 1187 πῦρ
431 1110 520 1178 καῖον,
539 1108 569 1165 οὗ
584 1106 667 1181 καίω,
680 1109 710 1165 οὐ
727 1107 829 1184 τέμνω·
846 1106 917 1167 dut-'o-
937 1104 954 1152 Ρ
973 1105 1045 1184 magi
1057 1108 1215 1180 adorarunt,
1230 1120 1256 1165 et
1270 1107 1332 1165 sacti
1348 1120 1409 1165 sunt
1421 1107 1613 1185 evangelistae?
1627 1129 1714 1166 nonne

152 1130 224 1252 δυνος
238 1193 254 1259 ἠ
270 1187 385 1265 ἰατρεία,
399 1187 480 1266 χωρὶς
494 1186 574 1246 πόνου
594 1193 610 1258 ἡ
625 1186 761 1267 θεραπεία.
782 1189 816 1246 El
832 1188 862 1244 ού
874 1212 918 1246 πι-
974 1185 1124 1245 Chananaea
1137 1185 1223 1258 venit,
1238 1200 1264 1245 et
1275 1186 1338 1244 filiae
1353 1186 1491 1245 sanitatem
1506 1187 1632 1266 aceepit?
1646 1190 1715 1248 Νοιι

151 1265 268 1337 οτεύετε,
284 1266 395 1345 βλέπετε
407 1266 455 1338 τὴν
471 1265 586 1344 πόρνην,
602 1264 714 1345 βλέπετε
733 1266 778 1326 τδν
798 1266 918 1346 ληστλν,
973 1269 1045 1324 veni
1062 1279 1093 1324 ut
1108 1266 1239 1345 judicem
1259 1266 1412 1339 mundum,
1433 1268 1486 1325 sed
1504 1279 1535 1324 ut
1555 1267 1715 1347 salvificem

151 1345 261 1423 βλέπετε
272 1345 329 1412 τοῦς
350 1345 463 1423 μάγους,
475 1345 519 1403 τὸν
540 1345 671 1419 τελώνην,
683 1346 730 1418 τλν
750 1346 918 1405 Χαναναίαν·
928 1375 964 1414 ρει
975 1346 1126 1403 mundum.
1143 1347 1245 1404 Venite
1255 1345 1295 1402 ad
1304 1367 1349 1403 me
1361 1339 1523 1424 omnesqui
1533 1344 1676 1407 laboratis
1685 1360 1716 1407 et

150 1426 298 1502 ὑπόδειγμα
317 1431 378 1501 ὑμῖν
399 1424 484 1483 ἔδωκα
506 1427 537 1483 ἐκ
558 1425 720 1505 προοιμίων·
738 1424 775 1503 μὴ
800 1424 919 1501 ἔκαυσα,
937 1434 956 1476 Α
974 1428 1089 1483 onerati
1101 1430 1179 1484 estis.
1197 1424 1352 1484 llaecserha
1364 1425 1445 1483 ell'ero
1463 1447 1470 1479 τ
1489 1424 1620 1483 Dominus
1633 1446 1713 1501 sum,

151 1503 188 1582 μὴ
209 1506 315 1580 ἔτεμον;
330 1505 377 1564 οὐκ
390 1503 516 1582 ἐδάκρυσε
532 1503 609 1581 μόνον
623 1511 640 1576 ἡ
652 1505 746 1584 πόρνη,
758 1506 803 1564 καί
817 1505 919 1585 παρθέ-

150 1608 202 1643 νων
220 1584 320 1662 ἐγένετο
343 1583 504 1682 σεμνοτέρας
526 1587 556 1642 οὐ
567 1589 766 1665 προσεκύνησαν
781 1589 808 1643 el
823 1585 917 1662 μάγοι,

151 1664 196 1723 καί
215 1664 398 1741 εὐαγγελισταί
417 1666 550 1741 έγενοντο,
564 1665 611 1723 οὐκ
630 1656 708 1736 ἦλθεν
728 1668 745 1734 ἡ
765 1664 920 1740 Χαναναία,

150 1743 195 1802 καὶ
209 1743 257 1814 τλν
272 1741 387 1844 ἰατρείαν
404 1741 484 1801 ἔλαύε
505 1747 552 1800 τοῦ
574 1744 729 1824 θυγατρίου;
745 1746 804 1803 Οὐκ
824 1737 919 1818 ἦλθον,

150 1822 192 1880 ἵνα
207 1823 288 1902 κρίνω
302 1845 346 1881 τον
360 1822 475 1899 κόσμον,
494 1823 555 1881 ἀλλ’
564 1821 607 1881 ίνα
620 1822 708 1882 σώσω.
728 1827 809 1883 Δεῦτε
824 1826 921 1894 πάντες

150 1907 174 1960 οἱ
189 1907 331 1968 κοπιῶντες
344 1901 390 1961 καί
404 1901 614 1982 πεφορτισμένοι.
630 1905 724 1962 Ταῦτα
737 1902 807 1982 λέγω
827 1904 860 1964 τὰ
875 1904 918 1984 δή·

151 2000 242 2059 ματα·
257 1980 394 2054 Δεσπότης
414 1982 483 2057 είμί,
498 1982 527 2038 οὐ
542 1980 634 2060 χρείαν
646 1983 717 2062 έχω,
733 1985 780 2041 οὐκ
794 1986 850 2062 εἰμί
865 1987 921 2043 δοῦ-

149 2063 194 2128 λος
207 2059 376 2136 ὑποκείμενος
397 2059 487 2141 νόμῳ·
500 2070 642 2140 κατηγορεῖ
656 2084 703 2120 σου
718 2066 732 2122 δ
745 2062 836 2139 νόμος,
852 2063 920 2124 ἀλλὰ

149 2141 205 2199 λύω
228 2140 276 2212 τλν
299 2141 477 2220 κατηγορίαν·
492 2140 570 2199 αὐτὸν
593 2139 637 2200 τὸν
662 2142 807 2221 κατήγορον
829 2143 917 2203 παύω.

975 1524 1025 1562 οοο
1037 1502 1156 1582 indigeo,
1173 1524 1225 1563 non
1237 1525 1399 1563 sumservns
1410 1502 1463 1583 legi
1477 1503 1602 1562 subditus
1615 1528 1621 1561 :
1635 1526 1715 1564 accu-

974 1597 1015 1642 sat
1029 1596 1055 1642 te
1064 1583 1121 1657 lex,
1133 1583 1181 1643 sed
1196 1584 1391 1643 accusationem
1399 1583 1488 1659 solvo,
1502 1584 1589 1664 ipsum
1600 1605 1716 1643 accusa-

973 1675 1058 1722 torem
1073 1672 1222 1744 compesco.
1237 1663 1405 1737 Quomodo?
1423 1663 1515 1742 lpsnm
1537 1664 1609 1722 enim
1628 1665 1715 1742 gnatia

973 1763 1031 1801 com
1053 1743 1136 1801 escuit
1163 1743 1336 1824 :prophetae'
1352 1755 1493 1816 accusant,
1515 1742 1561 1801 sed
1586 1745 1717 1824 majorem

974 1764 1081 1902 praeiet)
1103 1821 1266 1887 libertatem.
1289 1821 1408 1882 Veniens
1427 1820 1511 1900 igitur
1533 1836 1559 1881 et
1583 1824 1717 1903 reperiens

974 1915 1098 1960 naturam
1107 1903 1177 1961 male
1189 1923 1216 1960 se
1224 1903 1378 1978 habentem,
1389 1915 1415 1960 ct
1426 1902 1474 1960 bos
1482 1901 1593 1980 quidem
1606 1903 1633 1961 in
1643 1925 1717 1963 scor·

974 1981 1085 2054 tatione,
1095 1981 1162 2040 alios
1172 1982 1200 2041 in
1209 1980 1352 2054 adulterio,
1364 1979 1485 2040 nidorem
1499 1994 1525 2039 ct
1539 1983 1643 2040 fumum
1655 2004 1717 2043 aera

974 2061 1147 2141 polluentem,
1160 2074 1306 2140 caeteraque
1320 2060 1409 2119 omnia
1419 2084 1429 2138 5
1440 2059 1506 2138 quid
1518 2061 1580 2120 lacit
1589 2063 1602 2118 θ
1612 2063 1717 2127 Videns

974 2155 1188 2219 genusnostrum
1200 2141 1274 2199 febre
1288 2139 1423 2213 laborans,
1438 2139 1522 2215 lavat,
1539 2141 1718 2221 primumdi·

150 2221 231 2292 Πῶςς
246 2219 368 2279 Ἐπαυσε
390 2217 442 2296 γάρ
457 2219 534 2278 αὐτὸν
548 2224 565 2290 ἡ
579 2219 675 2301 χάρις·
688 2228 878 2300 κατηγοροῦσιν
896 2226 920 2283 ol
939 2230 956 2278 B
975 2241 1046 2312 cens,
1065 2221 1158 2297 Lava,
1172 2233 1198 2278 et
1212 2220 1281 2279 liber
1295 2233 1351 2278 esto
1365 2241 1381 2277 a
1395 2219 1490 2278 morbo
1503 2222 1594 2278 :lavat
1607 2242 1717 2300 regene·

150 2303 293 2402 προφῆται,
308 2298 376 2357 σἰλλδι
391 2299 497 2374 μείζονα
513 2297 607 2377 δίδωμι
622 2299 669 2371 τὴν
685 2301 843 2381 ἐλευθερίαν.
860 2302 922 2362 ’Elt-

151 2384 203 2437 θων
214 2377 300 2437 τοίνυν
321 2378 366 2436 καί
387 2375 469 2457 εὑρὼν
481 2376 529 2448 την
543 2376 621 2476 φύσιν
634 2381 723 2449 κακῶς
735 2379 862 2460 ἔχουσαν,
874 2383 920 2442 καί

151 2458 211 2523 τοὺς
234 2457 328 2555 plexis
348 2455 478 2557 popualu,
493 2455 553 2556 τοίρς
572 2458 600 2516 δε
621 2459 648 2517 έν
668 2405 790 2539 μοιχεία,
812 2461 920 2521 κνίσσαν

151 2537 197 2595 καί
219 2559 319 2634 καρτνον
332 2559 374 2594 τον
389 2559 453 2634 espa
473 2538 634 2635 poliorcetes,
646 2539 679 2597 τίι
693 2527 761 2598 ἄλλα
774 2540 881 2612 πάντα,
894 2541 921 2601 τί

150 2623 236 2751 χοαὶ,
262 2619 340 2752 (ipius
355 2637 482 2753 uppprtpu
496 2617 665 2756 τογγένοςλχτδ
684 2618 822 2718 ἡμέτερον,
830 2619 918 2772 ἐρέει·

150 2718 619 2854 τορςοίτλούύεέλεόυίριξύυτσιάιλίγζένέέίές
632 2719 791 2857 κάίσέλείίρύέι
799 2723 920 2839 ΥΟκαίμέδί

152 2853 281 2932 χρίσματι
296 2861 341 2913 τοῦ
356 2853 437 2933 μύρου
453 2854 552 2933 ἀλείρω
564 2877 613 2925 σε,
637 2855 683 2915 καί
696 2859 766 2916 λούω
778 2859 823 2917 καὶ
838 2840 921 2938 μετά-

974 2300 1085 2359 ratronis
1098 2300 1216 2372 lavacro,
1233 2314 1259 2359 et
1270 2299 1365 2377 ungit:
1380 2297 1416 2357 Et
1429 2299 1559 2376 unguenti
1570 2300 1717 2360 chrismate

975 2400 1046 2459 ungo
1058 2394 1116 2439 teet
1130 2380 1204 2460 lavo,
1216 2394 1242 2438 et
1254 2391 1403 2438 transmuto
1416 2391 1449 2436 te.
1461 2378 1585 2437 Tantane
1594 2393 1633 2438 cst
1645 2380 1718 2439 lava·

974 2460 1013 2516 cri
1041 2459 1107 2520 vis?
1131 2461 1229 2530 Tanta,
1255 2457 1392 2517 Descende
1411 2457 1548 2519 deorsum.
1574 2458 1718 2518 Descendit

974 2537 1112 2614 deorsum,
1127 2552 1244 2598 etvetus
1258 2538 1339 2597 homo
1354 2558 1405 2597 non
1416 2551 1513 2596 manet.
1528 2539 1587 2596 Non
1601 2560 1668 2620 opus
1677 2552 1718 2598 est

974 2619 1057 2692 ferro,
1079 2639 1132 2678 non
1152 2618 1267 2677 sectione
1281 2632 1307 2677 et
1321 2616 1415 2676 dolore
1431 2637 1513 2675 :cum
1527 2617 1665 2694 voluptate
1677 2631 1717 2679 est

974 2699 1089 2771 utilitas,
1107 2719 1160 2757 non
1175 2698 1309 2758 laboriosa
1321 2711 1361 2757 est
1377 2695 1489 2755 medela.
1505 2699 1541 2755 Et
1553 2697 1621 2775 quid
1635 2699 1718 2758 lacie-
1804 2694 1814 2709 ⁴
1836 2708 1865 2729 ““

974 2798 1035 2837 mres
1056 2793 1085 2837 ut
1101 2777 1171 2837 salvi
1191 2777 1299 2836 simus?
1314 2776 1424 2841 infinita
1442 2775 1512 2835 mala
1533 2777 1716 2857 patravimus,

974 2857 1164 2917 conscientiam
1179 2857 1307 2916 habemus
1319 2858 1427 2930 malam,
1441 2855 1583 2936 periimus.
1597 2858 1672 2918 Dicit
1686 2873 1718 2919 ut

150 2933 241 2993 ὅάλλω
253 2957 291 2993 σε.
304 2933 357 2992 Καί
373 2932 514 3006 τοσαύτηὴ
530 2932 604 3014 ἰσχῦς
615 2938 797 3018 τοῦ·λουτροῦ;
812 2941 838 2998 Τ
839 2939 917 2999 οσαύ·
938 2936 957 2985 C
973 2938 1141 3018 baptizemur
1155 2951 1180 2997 et
1195 2936 1307 2996 salutem
1322 2956 1525 3013 consequamur.
1542 2937 1650 2996 Etenim
1667 2960 1682 2996 a
1706 2974 1717 2985 ·

152 3036 196 3084 τη.
213 3013 352 3085 Κατάύηθι
367 3013 450 3072 κάτω.
459 3013 623 3084 Καταύαίνει
636 3015 723 3090 κάτω,
736 3018 781 3076 καί
804 3022 833 3078 οὐ
848 3019 921 3097 μένει

150 3098 164 3152 δ
178 3094 289 3160 παλαιὸς
306 3093 452 3172 ἄνθρωπος.
469 3092 515 3165 Μὴ
542 3093 649 3173 σιδήρου
664 3119 669 3128 ·
685 3097 760 3173 ρεία;
786 3097 823 3174 μὴ
838 3104 922 3176 τομῆς

151 3171 197 3231 καί
209 3171 317 3244 όδύνης,
332 3174 359 3230 έν
374 3173 453 3250 ἡδονῇ
468 3175 485 3240 ἦ
503 3171 635 3252 ὠφέλεια·
653 3119 689 3251 μέλ
711 3176 862 3250 έπίπονοςὴ
877 3182 922 3237 ία-

151 3252 245 3329 τρεία,
261 3252 313 3310 Καί
339 3250 365 3308 τί
379 3253 524 3325 ποιήσομεν
540 3250 584 3310 tva
606 3256 748 3330 σωθῶμεν;
764 3256 846 3336 μυρία
870 3261 922 3339 είρ·

153 3331 291 3409 γασοίμεθα
314 3328 399 3401 κακδι,
412 3330 526 3406 πονηρὸν
549 3329 646 3408 ἔχομεν
669 3335 797 3408 συνειδὸς,
812 3339 921 3396 trutt-

155 3414 232 3486 μεθα.
248 3408 328 3487 Λέγει
343 3409 515 3486 βαπτίζεσθαι
533 3410 578 3467 καί
593 3409 736 3479 σώζεσθαι·
747 3414 792 3473 καί
806 3417 856 3495 γάρ
870 3417 922 3475 λα-

154 3487 208 3546 ὅὼν
223 3488 311 3594 χρίει,
321 3486 408 3560 λούει,
423 3479 479 3546 elea
492 3488 581 3569 τρέφει
593 3491 700 3571 στερεὰν
713 3493 821 3574 τροφήν.
833 3495 922 3555 ’Erret-

155 3566 186 3638 δὴ
201 3592 253 3645 γαρ
269 3571 352 3646 ἀθῷος
372 3570 386 3626 ὁ
407 3566 516 3646 νοσηρδς
536 3567 652 3647 ἐγένετο,
667 3569 757 3649 τρίρει
780 3574 857 3634 αύτδν
877 3575 923 3636 καί

153 3647 243 3726 τρέφει
256 3647 286 3706 τὸ
307 3650 385 3721 σῶμα
401 3645 432 3705 τὸ
452 3649 560 3723 ἑαυτοῦ,
583 3647 629 3707 καί
649 3650 750 3718 ποτίζει
762 3652 793 3712 τὸ
812 3644 879 3732 αἷμα
892 3655 923 3716 τδ

975 3018 1118 3097 prehensos
1132 3017 1222 3096 ungit,
1237 3017 1326 3090 lavat,
1341 3016 1439 3076 deinde
1454 3017 1540 3074 nutrit
1557 3016 1645 3076 solido
1664 2961 1715 3077 aii-
1800 3092 1803 3097 Ι

976 3111 1075 3157 mento.
1095 3099 1239 3175 Postquam
1260 3096 1331 3155 enim
1350 3109 1464 3175 aegrotus
1487 3096 1614 3156 innoxius
1632 3099 1719 3158 factus

976 3190 1028 3251 est,
1043 3177 1136 3236 nutrit·
1149 3197 1210 3236 eum
1224 3188 1250 3234 et
1263 3195 1374 3255 corpore
1386 3197 1434 3234 suo
1449 3175 1547 3249 nutrit,
1564 3190 1590 3236 et
1604 3179 1718 3267 sangui-

976 3277 1036 3314 nem
1051 3254 1167 3315 suumin
1183 3269 1275 3336 potum
1288 3255 1355 3335 τίσις
1368 3276 1463 3326 suum,
1478 3254 1604 3333 inquam,
1621 3257 1718 3337 ipsius,
1732 3250 1737 3257 ’
1750 3274 1792 3341 :⁸

976 3336 1024 3413 qui
1038 3350 1077 3394 est
1091 3335 1148 3393 sine
1163 3347 1280 3416 peccato.
1297 3336 1367 3392 Cum
1386 3335 1457 3392 enim
1474 3348 1503 3391 tn
1519 3355 1566 3413 per
1579 3335 1719 3411 lavacrum
1765 3334 1790 3423 ’ζ
1866 3394 1872 3401 ,

976 3416 1062 3474 factus
1075 3414 1112 3473 sis
1120 3415 1178 3474 sine
1187 3427 1306 3494 peccato,
1319 3412 1428 3491 quando
1438 3413 1492 3472 tale
1501 3433 1598 3493 corpus
1608 3412 1718 3495 accipis,

976 3508 1003 3554 te
1021 3495 1110 3586 ungit,
1131 3494 1216 3568 lavat,
1240 3493 1334 3551 nutrit.
1359 3493 1423 3551 tlaec
1438 3505 1477 3551 est
1497 3513 1567 3552 nova
1585 3508 1716 3556 creatura.
1764 3518 1768 3525 ·
1808 3554 1813 3563 ,

977 3575 1046 3634 Cum
1060 3586 1143 3634 antrat
1156 3572 1285 3650 cinaedos,
1296 3585 1322 3631 et
1336 3571 1367 3631 [it
1376 3573 1481 3652 justus,
1493 3592 1581 3632 nonne
1593 3587 1633 3633 est
1646 3595 1718 3636 nova
1816 3588 1826 3613 ’

977 3653 1123 3714 creatura?
1138 3673 1200 3714 cum
1214 3652 1296 3713 intrat
1308 3663 1403 3732 rapax,
1417 3665 1443 3710 et
1456 3671 1470 3709 a
1486 3652 1601 3731 peccatis
1615 3652 1718 3714 libera·

154 3731 261 3786 έαυτοῦ·
278 3728 357 3802 ἐμοῦ,
372 3724 451 3805 ρησί,
463 3731 509 3785 τοῦ
522 3729 612 3802 ἀναμα
658 3753 721 3800 ,rou
738 3730 848 3807 Ἐπειδὴ
870 3734 922 3816 γὰρ
976 3749 1038 3809 tur,
1052 3754 1140 3794 nonne
1154 3747 1193 3792 est
1210 3752 1280 3793 nova
1299 3730 1446 3792 creatura?
1466 3730 1569 3790 Vidisti
1585 3732 1613 3792 in
1630 3735 1715 3812 gratia

154 3805 242 3882 ἐγένου
254 3806 285 3866 σὺ
298 3804 484 3884 ἀναμάρτητος
496 3805 549 3866 ἀπὸ
562 3813 607 3867 τοῦ
633 3811 831 3887 ουτροῦ,λαύὼν
843 3816 921 3891 σῶμα
938 3828 963 3875 n·
975 3813 1149 3874 creaturam?
1169 3811 1232 3874 vide
1246 3811 1326 3872 etiam
1342 3811 1370 3870 in
1387 3811 1450 3871 vitae
1468 3808 1590 3872 instituto
1610 3827 1718 3873 creatu-

153 3893 286 3959 τοιοῦτον,
309 3883 394 3965 χρίει,
418 3884 507 3953 λούει,
530 3885 628 3968 τρέφει.
655 3889 742 3950 Τοῦτό
764 3892 820 3952 ἐστι
841 3896 920 3969 καινὴ
974 3916 1043 3954 ram.
1063 3895 1137 3969 Quot
1150 3892 1300 3952 meretrices
1313 3890 1485 3951 deseruerunt
1502 3891 1617 3969 theatra,
1631 3885 1717 3955 iestes

154 3963 336 4027 κτίσιτ.”οταν
351 3963 454 4042 εἰσέλθῃ
468 3963 572 4046 πόρνος,
581 3966 627 4025 καί
637 3967 737 4046 γίνεται
752 3970 862 4046 δίκαιος,
874 3978 921 4036 οῦκ
974 3974 1071 4035 sericas
1080 3973 1174 4032 missas
1185 3974 1314 4044 lecerunt,
1326 3971 1414 4030 cinere
1423 3971 1717 4052 seinsperserunt,sac·

154 4044 210 4103 ἔστι
222 4044 299 4117 καινὴ
312 4043 412 4116 xristu
427 4044 488 4102 όταν
503 4045 606 4126 είσέλθη
618 4046 779 4126 άρπαξ,“καί
793 4054 919 4114 άπαλλα-
973 4076 1018 4116 oos
1030 4052 1183 4121 induerunt,
1191 4065 1217 4112 et
1225 4073 1297 4112 nunc
1307 4050 1335 4110 in
1345 4051 1453 4132 Christo
1460 4050 1544 4111 vitam
1554 4052 1718 4113 instituunt?

154 4128 189 4201 γῇ
201 4126 254 4181 τῶν
269 4124 486 4201 ἁμαρτημάτων,
499 4127 547 4183 οὐκ
562 4126 619 4185 ἔστι
632 4128 711 4199 καινὴ
732 4129 833 4206 κτίσις,
844 4123 921 4204 Εἶδες
973 4155 1061 4194 annon
1071 4147 1112 4194 est
1125 4153 1193 4192 nova
1203 4146 1325 4192 creatura
1336 4132 1349 4190 ί
1362 4132 1507 4210 (Inmergo
1520 4131 1621 4192 rideris
1632 4155 1715 4193 mere

154 4206 181 4262 ἐν
196 4206 229 4280 τῇ
244 4201 334 4283 χάριτι
357 4201 404 4273 τὴν
418 4203 521 4276 κτίσιν,
534 4205 615 4282 βλέπε
638 4209 684 4266 καί
704 4211 731 4268 έν
752 4234 786 4290 τη
799 4214 921 4293 πολιτείᾳ
973 4215 1068 4275 tricem
1080 4234 1133 4273 non
1146 4212 1264 4304 amplius
1277 4212 1454 4285 meretricem,
1471 4211 1517 4269 sed
1531 4211 1636 4291 virgine
1652 4233 1718 4272 con·

154 4279 203 4351 t'lt
213 4279 397 4340 κτέαναίίόσαι
411 4281 506 4361 πόρναι
517 4282 672 4344 κατελειπον
683 4286 717 4345 τδι
730 4289 844 4372 θέατρα,
854 4295 921 4371 ἀρῆ-
975 4294 1160 4370 tinentiorem3
1173 4293 1235 4364 dre,
1250 4291 1361 4359 Crestus
1373 4304 1413 4349 est
1424 4289 1474 4370 ipsi
1487 4291 1609 4360 animus,
1624 4305 1716 4350 muta-

154 4384 204 4419 καν
218 4360 316 4439 σηρικὰ
330 4359 436 4437 ἱμάτια,
452 4361 652 4423 κατεπάασαντο
666 4368 772 4441 σποδδν,
783 4372 922 4450 περιεύάλ·
976 4389 1034 4434 tum
1046 4387 1086 4433 est
1099 4394 1146 4432 cor
1159 4372 1226 4452 ejus,
1244 4390 1370 4430 conversa
1383 4382 1420 4428 est
1434 4369 1524 4428 anima
1542 4373 1600 4450 ejus
1614 4391 1629 4428 a
1644 4392 1718 4430 more

153 4443 231 4500 λθντο
248 4439 376 4514 σάκκους,
396 4439 442 4498 καί
465 4445 509 4499 νῦν
531 4442 712 4504 πολιτεύονται
740 4450 767 4507 έν
791 4452 920 4534 Χριστῷ,
976 4453 1102 4535 pristino3
1117 4473 1170 4511 non
1184 4450 1256 4509 ultra
1267 4454 1295 4508 in
1308 4451 1411 4507 theatro
1423 4463 1569 4528 comparet,
1584 4469 1637 4509 nou
1651 4450 1719 4509 alios

154 4523 201 4579 οὒκ
222 4519 278 4579 ἵστῑ
291 4518 373 4592 καινὴ·
392 4514 651 4594 1146103'0122032
675 4524 732 4605 ἴδῃς
753 4525 803 4601 τὴν
822 4529 922 4611 πόρνην
976 4534 1060 4594 trahit
1073 4533 1101 4592 in
1113 4534 1251 4609 laqueum,
1267 4528 1314 4588 sed
1328 4529 1425 4608 etipsa
1438 4542 1577 4603 servatum
1592 4550 1643 4588 non
1659 4551 1720 4588 am·

155 4599 251 4677 μηκέτι
272 4598 386 4678 πόρνην,
408 4598 477 4659 ἀλλὰ
502 4600 631 4682 παρθένου
648 4607 825 4686 σεμνοτέραν,
842 4611 899 4671 εἰπέ
913 4632 921 4647 ·
976 4614 1051 4695 plius
1064 4611 1125 4672 aliis
1139 4608 1277 4670 offensioni
1292 4621 1341 4678 est,
1357 4606 1404 4666 scd
1417 4606 1497 4666 saluti
1512 4631 1519 4665 ι
1536 4608 1631 4670 vident
1647 4611 1719 4669 enim

154 4679 261 4750 ἕκτίῦθη
275 4681 356 4748 “Vtile
369 4681 386 4750 ἡ
401 4678 505 4755 γνώμη,
522 4681 673 4757 μιτεὸλίθη
689 4686 800 4759 «isitii
815 4688 924 4771 καρδία,
940 4713 960 4760 ις
978 4691 1090 4766 cinaedi,
1104 4704 1131 4751 et
1148 4690 1216 4749 liunt
1231 4687 1307 4747 casti.
1322 4686 1420 4746 Videu’
1435 4707 1531 4747 novam
1548 4690 1720 4749 creaturam?

144 4756 270 4845 ,perlem
284 4764 301 4830 ἡ
317 4755 418 4817 διάνοια
433 4758 486 4818 άπὸ
501 4767 548 4820 τοῦ
566 4761 663 4843 τρόπου
675 4783 682 4796 ·
695 4765 743 4823 οὐκ
757 4766 797 4826 ίτι
810 4769 875 4842 αθτλ
889 4771 925 4838 είς
980 4774 1051 4833 Cum
1066 4767 1167 4831 videris
1180 4788 1315 4849 rapacem,
1333 4766 1471 4834 Graecum,
1488 4789 1547 4828 aras
1560 4769 1718 4848 lingentem,

153 4838 184 4896 τδ
200 4835 324 4913 θέατρον,
336 4835 423 4896 οὐκέτι
444 4838 550 4906 ἄλλους·
561 4840 691 4921 βροχίζει,
706 4845 775 4904 ἀλλὰ
798 4846 844 4906 καί
857 4848 925 4921 αὐτὴ
981 4866 1072 4912 contra
1081 4848 1249 4911 Christianos
1259 4847 1446 4934 insanientem,
1460 4846 1614 4908 innumeros
1622 4850 1722 4930 orpha·

155 4914 289 4982 σώζεται·
314 4915 402 4974 οὐκέτι
427 4917 517 4985 ἄλλοις
540 4921 641 5000 γίνεται
667 4922 833 4999 σκάνδαλος,
858 4928 928 4989 titt
983 4953 1031 4991 nos
1054 4929 1230 5011 spoliantem,
1256 4927 1409 5001 innumeras
1432 4926 1579 4992 nudantem
1607 4929 1720 5004 viduas,

155 4994 291 5074 σωτηρία·
308 4992 435 5073 illim*
451 4995 486 5075 tl
513 5003 538 5058 Οἱ
559 4999 660 5079 πόρνοι,
683 5001 728 5062 καί
743 5005 874 5087 σώφρονες
904 5008 930 5066 ί-
985 5010 1167 5071 Christiamrnt
1180 5008 1358 5079 factumue
1373 5006 1537 5096 pauperibus
1550 5008 1721 5085 largientem,

154 5072 455 5176 vortat-‘Opfftxtttlv
503 5077 734 5152 νκτίσινςὍταν
747 5083 805 5164 ίδης
818 5086 863 5146 τὸν
881 5031 928 5167 dp·
984 5089 1059 5151 etad
1073 5086 1215 5170 pervigilia
1229 5085 1393 5160 venientem,
1408 5085 1471 5157 dre,
1489 5088 1599 5146 Creatus
1614 5088 1721 5147 estille.

157 5178 248 5233 παγα,
261 5153 306 5214 τδν
331 5155 457 5226 Ελληνα,
470 5155 514 5215 τδν
535 5157 638 5236 βωμοὺς
652 5161 791 5240 λείχοντα,
805 5166 850 5225 τδν
868 5190 931 5243 μαι·
985 5173 1091 5248 ltaque,
1104 5167 1134 5227 St
1148 5187 1206 5246 qua
1215 5170 1248 5224 ιἰι
1260 5167 1385 5238 Christo,
1400 5185 1478 5223 nova
1490 5154 1636 5225 creaturd.
1650 5166 1724 5226 Vide

156 5234 263 5310 νόμενον
281 5232 351 5293 κατδι
365 5233 544 5314 Χριστιανῶν,
560 5237 667 5316 μυρίους
682 5240 831 5302 άποδύοντα
845 5248 931 5325 δρρα-
987 5250 1089 5328 ubique
1102 5260 1235 5306 terrarum
1252 5265 1348 5305 novam
1362 5257 1522 5305 creaturam.
1539 5246 1611 5305 Cum
1623 5245 1725 5306 videris

157 5311 226 5386 volt,
238 5312 333 5391 μυρίας
346 5319 495 5392 γυμνοῦντα
505 5316 601 5418 χήρας,
611 5318 769 5400 Χριστιανὸν
783 5324 933 5402 γενόμενον,

159 5391 206 5451 καί
217 5391 251 5452 τδι
275 5395 367 5452 ἑαυτοῦ
392 5392 502 5454 διδόντα
518 5419 630 5476 πενησι,
649 5397 697 5458 καί
716 5403 752 5470 είς
773 5403 934 5484 παννυχίδας

321 5490 393 5532 roas.
417 5490 489 5533 ¹111.

987 5327 1131 5390 monachos
1150 5324 1282 5385 montium
1294 5325 1360 5405 juga
1376 5337 1548 5403 occupantes,
1568 5325 1724 5399 crucifixos,

988 5408 1174 5472 conculcantes
1190 5419 1294 5465 nature
1316 5401 1497 5478 necessitates,
1521 5403 1727 5542 imppnitatea
