3714 5970
528 462 618 511 nuuc
645 456 775 511 resnou
803 459 1003 508 snonnsrs.
1472 451 1537 534 147

120 586 266 660 tioebenas,
279 608 315 647 au
337 587 408 648 inter
426 586 732 669 Comtruunopolitauas
784 583 894 666 propria
904 598 1094 645 commemoret
1106 585 1184 647 initio
1193 586 1317 649 secunde
1328 587 1437 649 decus:
1448 589 1528 650 Nom

120 704 126 741 r
140 694 282 764 oporteat,
294 700 348 739 non
370 679 407 739 ita
432 677 510 739 facile
522 690 563 740 est
578 677 705 757 augurari
719 699 730 754 5
784 678 928 737 didicistis
942 681 1146 757 inscriptiones
1159 683 1326 761 etnomino
1338 692 1367 741 et
1380 682 1526 761 simplices

120 794 194 835 tmen
206 772 277 832 lucis
296 793 332 832 ex
350 772 396 847 iis,
417 793 477 851 qun
491 785 551 852 post
565 769 731 852 principium
783 769 987 838 salutationes,
1002 770 1159 850 diligenter
1168 778 1200 829 in
1213 770 1369 854 Scripturis
1380 778 1528 834 excutien-

121 887 187 935 ‚nos
198 865 319 925 mutuari
335 887 413 945 posse
423 880 561 947 putamus.
578 866 730 946 Depropo-
784 863 860 920 dos?
873 881 946 934 cum,
959 860 1081 940 inquam,
1099 861 1283 943 inscriptiones
1296 878 1322 925 et
1337 865 1457 940 nomina,
1473 865 1526 928 i.e.

121 980 161 1019 rue
173 980 255 1039 egens
268 958 491 1040 chrysostomus,
506 979 612 1039 nempe,
629 961 730 1033 Pater,
784 953 892 1013 nomina
906 953 1025 1034 propria,
1039 970 1246 1030 commemorat,
1262 955 1434 1021 subindicare
1448 979 1528 1038 pror·

121 1051 163 1111 ile
182 1065 240 1125 est,
258 1063 392 1111 transeat
405 1072 482 1110 ame
496 1052 578 1110 colis
590 1054 665 1110 istc:
681 1071 731 1114 oe·
783 1068 829 1106 sus
847 1046 955 1107 videtur
974 1045 1100 1106 homilias
1122 1067 1188 1125 quas
1205 1046 1239 1107 de
1256 1047 1430 1129 inscriptione
1444 1055 1527 1110 Acto-

121 1168 150 1207 ιι
160 1168 222 1206 non
234 1152 312 1206 sicut
326 1167 380 1227 ego
390 1146 470 1217 nolo,
486 1148 539 1205 sed
550 1150 625 1205 sicut
637 1159 678 1221 tu,
695 1145 731 1205 ita
787 1161 858 1215 rum,
881 1138 969 1218 depue
984 1138 1045 1199 aliis
1068 1139 1214 1219 Scripturae
1235 1161 1316 1200 sacrae
1340 1141 1527 1221 inscriptioni·

122 1262 160 1298 :rr
173 1240 246 1298 Nam
259 1252 286 1298 et
308 1239 408 1298 multos
421 1238 664 1317 quaererenrbitror
677 1258 731 1315 qua
782 1232 844 1302 bus,
859 1252 960 1292 necnon
970 1245 1085 1311 quatuor
1096 1232 1172 1302 alias,
1185 1253 1252 1309 quas
1264 1231 1299 1291 de
1313 1232 1469 1293 nominibus
1480 1234 1525 1295 rel

123 1328 185 1391 irasc
201 1330 274 1389 dicta
293 1330 349 1389 sint
362 1351 378 1388 a
401 1329 528 1400 Christo,
540 1351 571 1388 ac
584 1329 732 1389 verisimile
783 1324 973 1385 demutatione
984 1325 1124 1384 nominum
1133 1323 1285 1384 Antiochiae
1295 1323 1426 1384 babuerat
1439 1348 1445 1383 :
1458 1324 1530 1387 uude

122 1422 274 1496 uiadsunt,
287 1420 427 1480 haereticos
443 1419 501 1480 haec
515 1421 598 1481 verba
622 1421 730 1501 accipe·
783 1418 863 1478 etiam
888 1418 993 1478 eruitur
1007 1415 1087 1478 besee
1107 1416 1234 1478 homilias
1258 1416 1408 1477 Antiochiae
1423 1417 1530 1478 habitas

122 1534 184 1594 sque
192 1535 226 1573 ex
236 1512 450 1593 simplicioribus
461 1513 591 1572 iratribus
602 1513 731 1593 supplau-
784 1512 875 1573 sitisse.

123 1600 177 1663 nde
196 1600 283 1681 liquet
306 1600 447 1660 hereticos
466 1600 544 1675 illos,
559 1600 606 1678 qui
627 1600 729 1659 Filium
824 1605 868 1666 Jo.
885 1604 1114 1686 Chrysostomus,
1128 1602 1176 1682 qui
1191 1623 1243 1662 non
1268 1622 1375 1683 semper
1387 1615 1584 1684 extempo-Ts
1597 1611 1679 1676 pets.

122 1714 204 1755 neem
218 1695 325 1776 ipsique
334 1692 494 1754 dissimilem
507 1693 642 1767 dicebant,
654 1715 731 1753 nem·
785 1696 853 1757 rales
865 1696 962 1758 habuit
974 1696 1125 1766 conciones,
1141 1694 1289 1754 Homiliam
1302 1693 1337 1753 de
1351 1689 1530 1776 Eleemosyna

123 1808 186 1859 ms,
201 1787 388 1869 Chrysostomi
404 1786 580 1847 concionibus
594 1786 732 1846 interfuis·
784 1789 869 1862 dixit,
882 1789 1021 1849 occasione
1041 1787 1227 1848 mendicorum
1245 1800 1271 1846 et
1284 1807 1448 1864 egenorum,
1461 1809 1530 1867 quos

135 1895 229 1942 ante·
248 1882 402 1960 frequenter
416 1879 567 1939 nnuocbiae
580 1878 727 1952 accidisse,
783 1879 881 1940 hiemis
891 1895 1011 1961 tempore
1021 1881 1149 1960 jacentes,
1163 1900 1225 1939 eum
1246 1901 1294 1960 per
1308 1876 1396 1940 iorum
1410 1890 1437 1940 et
1449 1880 1530 1962 augi-

123 1987 216 2035 nentes
231 1972 372 2032 haereticos
385 1969 597 2053 Chrysostomus
607 1969 729 2030 ooniuta·
783 1986 877 2055 portus
890 1973 925 2033 ad
938 1972 1077 2033 ecelesiam
1094 1985 1224 2053 pergeret,
1236 1983 1380 2051 repererat.
1401 1974 1480 2033 Hune
1493 1971 1529 2032 nd

123 2062 214 2125 liserte
220 2063 260 2124 ait
271 2065 360 2124 Tomo
371 2063 460 2145 primo
473 2062 509 2121 dc
520 2062 731 2142 lnoomprehen·
785 2065 1000 2126 concionandum
1010 2079 1180 2146 apparatum,
1190 2062 1258 2123 dum
1267 2063 1319 2123 iter
1333 2064 1530 2140 iaceret,rdor·

123 2170 164 2219 tra
178 2160 322 2217 Auomoeos
336 2178 364 2237 p.
378 2157 453 2215 t50:
462 2154 638 2236 idipsumque
653 2166 730 2235 post·
786 2158 873 2233 navit,
885 2171 911 2218 et
925 2157 996 2218 banc
1008 2157 1044 2217 de
1053 2156 1222 2237 eleemosyna
1233 2155 1387 2215 concionem
1402 2161 1532 2238 occoepe-

124 2248 191 2313 lint
204 2272 233 2332 p.
248 2250 320 2326 525,
334 2263 361 2308 et
377 2270 408 2330 p.
423 2251 500 2320 52⁷,
515 2248 541 2307 in
562 2247 620 2306 haec
638 2245 731 2321 verbu,
785 2249 894 2322 διαστὴς
904 2263 995 2309 orator
1006 2247 1203 2329 pronuntiarit.
1222 2248 1471 2311 tnrioehtaeautem
1488 2251 1532 2311 ba·

124 2342 204 2404 risttrs
228 2343 340 2401 Petrum
356 2341 469 2422 repulit,
484 2342 567 2400 Vade
580 2353 647 2420 post
664 2361 727 2411 me,
785 2339 870 2399 bitam
883 2338 1084 2414 luisseindicat,
1098 2360 1150 2399 uon
1169 2338 1250 2398 modo
1262 2360 1324 2399 cum
1333 2339 1479 2421 sit,seper
1492 2342 1532 2403 io·

124 2448 175 2496 eto.
190 2431 296 2495 Eadem
312 2455 378 2515 pene
398 2434 475 2514 ipsa,
488 2454 549 2512 quae
568 2432 631 2507 bic,
648 2431 730 2513 paulo
786 2454 847 2491 rrrrn
861 2448 887 2492 et
902 2433 1063 2514 angiportus
1076 2433 1215 2492 ecclesiam
1230 2433 1350 2514 petiisse,
1363 2431 1412 2511 sed
1426 2434 1530 2514 etiam,

124 2526 268 2599 umbabes,
280 2525 431 2605 iisdemque
444 2525 500 2585 lere
511 2524 602 2584 verbis
615 2545 729 2584 comme·
785 2538 812 2583 et
824 2526 903 2605 longe
919 2526 1031 2597 clarius,
1047 2525 1094 2584 ubi
1108 2525 1148 2585 ait
1167 2545 1241 2584 num.
1261 2529 1291 2596 o,
1303 2547 1365 2587 cum
1380 2526 1464 2587 fames
1483 2549 1532 2588 or·

124 2619 278 2680 ramobrem
284 2618 438 2701 putaverim
445 2617 515 2678 bane
522 2616 665 2677 homiliam
671 2620 731 2677 An·
785 2618 848 2678 bem
863 2618 990 2680 invasura
1005 2631 1083 2692 esset,
1098 2617 1178 2676 istam
1192 2616 1348 2694 civitatem,
1362 2638 1458 2700 nempe
1471 2622 1532 2680 An-

125 2712 228 2775 ubitam
241 2711 333 2783 inisse,
346 2732 395 2770 uec
408 2711 521 2770 sortasse
530 2708 579 2770 diu
597 2724 657 2791 post
672 2709 733 2769 ilias
787 2707 927 2780 tiocbiam,
940 2728 988 2788 per
1001 2706 1157 2767 Bernabnm
1171 2720 1197 2767 et
1209 2707 1322 2767 Saulum
1342 2706 1470 2788 pecunius
1486 2710 1533 2771 Je-

125 2824 236 2865 romosos
250 2804 411 2864 conciones:
427 2802 500 2882 quod
514 2816 604 2862 tamen
617 2823 653 2861 ex
664 2822 731 2861 con·
787 2795 951 2877 rosolyrnam
977 2795 1093 2854 misisse.
1112 2796 1152 2853 De
1165 2815 1236 2854 anno
1248 2808 1338 2854 autem
1350 2795 1451 2856 habitas
1465 2816 1530 2856 oon·

125 2911 205 2959 ntum
214 2895 343 2957 dicimus.
787 2886 872 2947 cionis
888 2885 955 2946 nibil
969 2884 1115 2946 dicendum
1127 2885 1257 2967 suppetit.

125 3010 174 3053 nes
186 2990 248 3051 illas
258 2989 327 3050 duas
339 2989 367 3051 in
378 2988 453 3048 bunc
463 2986 542 3049 Pauli
554 2987 656 3061 locum,
673 2988 733 3046 Sn-
825 2979 959 3040 Homilias
974 2992 1028 3038 tres
1041 2998 1152 3037 numero
1167 2977 1263 3037 habuit
1276 2978 1487 3060 chrysostomus
1504 2977 1680 3069 intspnsq.

125 3084 279 3154 riscillass,
292 3097 357 3157 etc,
370 3101 405 3142 ex
418 3081 560 3143 verisimili
580 3080 733 3160 conjectura
785 3070 855 3131 illud
867 3068 990 3152 Apostoli
1001 3092 1008 3126 :
1018 3067 1168 3129 Habentes
1178 3070 1312 3128 eumdem
1324 3074 1468 3149 spiritum,
1477 3083 1531 3130 etc.

125 3175 262 3237 ebabitas
280 3175 362 3234 luisse
377 3188 514 3255 putamus.
535 3172 642 3231 Etenim
655 3171 734 3230 iilum
787 3162 935 3224 Antiochiae
952 3182 1018 3222 vero
1042 3160 1149 3221 habitas
1167 3161 1266 3239 fuisse,
1286 3161 1400 3221 suadent
1421 3183 1451 3222 ea
1471 3183 1532 3240 qun

143 3266 298 3351 presbyteri
311 3264 406 3327 ordine
419 3264 503 3324 iuisse
516 3263 626 3323 ridetur
640 3262 734 3333 exiis,
785 3257 852 3316 dicit
861 3257 895 3315 de
915 3253 1054 3315 monacbis
1067 3253 1197 3314 verticem
1214 3253 1348 3313 montium
1371 3255 1533 3337 occupanti-

126 3357 294 3421 soerdotibus
307 3358 395 3432 istius,
408 3357 437 3417 in
452 3378 507 3436 qua
520 3355 643 3435 degebat,
658 3354 734 3414 urbis
787 3348 858 3422 bus,
870 3366 1046 3427 asperumque
1060 3345 1122 3405 ritae
1141 3345 1270 3404 rationem
1291 3346 1449 3425 agentibus,
1462 3368 1532 3426 quos

126 3451 212 3515 ‚locis
223 3452 271 3526 ait,
281 3451 400 3510 maxime
411 3471 477 3509 vero
488 3449 516 3508 in
527 3448 644 3508 secunda
656 3468 732 3511 num,
787 3461 850 3500 sane
868 3437 1014 3499 monachos
1028 3438 1055 3497 iu
1072 3436 1244 3497 Antiochenis
1265 3437 1440 3498 concionibus
1459 3460 1532 3499 com·

126 3544 246 3607 dim
269 3565 396 3626 carpens,
416 3541 492 3622 quod
514 3542 626 3618 quidam
640 3563 734 3602 eorum
788 3553 936 3592 memorare
948 3531 1026 3603 solet,
1038 3550 1115 3589 secus
1127 3529 1154 3588 in
1164 3529 1476 3610 constantinopolitanis.
1489 3533 1533 3591 An

126 3637 296 3721 ,probam
309 3636 439 3696 amiciis
452 3649 609 3712 onerarent,
625 3635 672 3694 alii
687 3657 736 3694 ve.
788 3621 973 3705 Chrysostomi
1001 3642 1065 3680 rere
1087 3619 1143 3680 sint
1168 3619 1209 3678 ba}
1233 3619 1370 3691 bomilia,
1389 3642 1472 3681 ausus
1491 3636 1534 3682 est

127 3728 253 3802 aima,
268 3728 414 3788 „1210de
428 3727 490 3787 '11103
503 3748 557 3786 110„
579 3747 734 3808 compesce.
786 3716 921 3797 quispiam
932 3713 1069 3784 dubitare,
1080 3733 1143 3772 cum
1157 3726 1245 3772 tamen
1259 3711 1357 3793 stylus,
1366 3713 1461 3787 dictio,
1476 3729 1533 3775 tro·

127 3842 139 3882 ι
151 3821 225 3881 intur
236 3841 245 3878 ε
255 3846 270 3877 e
285 3818 361 3895 Quid
372 3818 427 3879 illis
438 3819 519 3879 suerit
531 3819 654 3889 beatius,
668 3817 734 3897 quid
787 3831 839 3891 pus
849 3808 1074 3889 chrysostomum
1086 3805 1241 3884 loquentem
1253 3804 1379 3886 prodent.
1396 3805 1533 3867 Dubitan-

127 3913 175 3975 rbis
196 3913 341 3973 miserius?
354 3911 584 3992 Quandoquidem
605 3911 646 3970 illi
669 3932 734 3970 san-
787 3902 815 3961 di
835 3921 920 3960 causae
939 3899 1000 3960 viro
1021 3897 1142 3978 alioquin
1161 3896 1240 3957 docto
1262 3895 1418 3977 hujusmodi
1434 3898 1532 3959 fuere:

127 4009 272 4068 ‘mimam
292 4026 342 4086 ppo
362 4002 574 4086 praeoepgoribus
586 4002 735 4086 profunde·
788 3993 861 4073 quod
872 4013 968 4073 nempe
978 3990 1025 4050 bic
1033 3991 1204 4050 condonabo?
1212 3990 1391 4064 hom-istd
1411 3989 1535 4073 Semipe-

127 4111 234 4158 ,summ
248 4117 338 4175 neque
349 4097 465 4157 verbum
479 4116 529 4176 pro
545 4095 736 4154 communibus
788 4087 901 4169 lagianis
913 4086 1004 4145 farere
1019 4084 1154 4158 rideatur,
1168 4104 1231 4143 eum
1245 4082 1313 4144 dicit
1327 4082 1363 4142 de
1376 4084 1454 4144 initio
1468 4084 1534 4145 iidei

128 4189 243 4251 mittere
253 4186 396 4255 audemus.
407 4187 454 4247 sed
467 4209 529 4246 cum
542 4185 689 4246 audiamus
698 4186 737 4244 eis
789 4182 945 4260 loqueum
960 4179 1053 4256 Neque
1066 4176 1139 4236 enim
1148 4177 1232 4251 Deus,
1247 4196 1332 4259 neque
1343 4175 1462 4256 Spiritus
1469 4197 1534 4256 grs-

136 4295 164 4343 ot
177 4281 307 4341 oonriciis
325 4302 371 4340 eos
389 4279 559 4341 dehonestari
572 4292 624 4338 eta
640 4278 697 4337 suis
710 4291 737 4337 et
789 4274 825 4333 tis
838 4285 959 4331 nostrum
970 4269 1100 4350 prevenit
1111 4269 1297 4350 propositum,
1309 4265 1354 4327 sed
1366 4266 1470 4326 etiarnsi
1483 4288 1535 4328 ro-

128 4373 306 4451 gmledicos
319 4395 405 4453 neque
425 4371 636 4453 compescimus,
651 4391 737 4449 neque
789 4379 841 4441 cet,
857 4375 993 4443 exspectat
1004 4374 1092 4419 tamen
1107 4372 1137 4419 ut
1152 4373 1246 4440 sponte
1261 4373 1288 4419 et
1306 4358 1414 4441 propria
1435 4357 1540 4449 voluu-¹

128 4467 231 4546 limum,
246 4489 333 4547 neque
354 4465 568 4548 prohibemus.»
585 4464 648 4522 Haec
667 4477 738 4522 certe
791 4455 1028 4526 tateaccedamus;
1045 4473 1078 4513 ac
1097 4467 1156 4511 tum
1170 4451 1296 4525 demum,
1310 4451 1535 4536 cumlaccesseri·

128 4574 186 4623 rtur
200 4581 257 4620 esse
271 4561 344 4620 dicta
359 4558 547 4640 Chrysostomi
557 4559 614 4637 jam
629 4556 737 4637 episco-
791 4572 862 4625 mus,
877 4547 957 4607 uobis
972 4567 1053 4604 suum
1065 4558 1153 4604 toturn
1167 4543 1279 4605 exbibet
1291 4545 1465 4606 auxilium.»
1478 4544 1536 4606 sed

128 4653 226 4714 senisu
240 4653 296 4729 ille,
307 4652 331 4712 si
346 4651 489 4733 episcopus
502 4650 603 4724 suisset,
616 4645 738 4707 sacerdo·
790 4638 1061 4703 animadvertendum
1072 4651 1122 4711 cst,
1138 4635 1286 4717 quodcum
1299 4659 1340 4711 ea,
1353 4658 1413 4716 quae
1425 4635 1460 4697 sd
1472 4658 1537 4719 gra·

129 4745 246 4806 ruriciis
258 4744 467 4825 impetebantur,
481 4762 637 4802 communes
651 4752 739 4821 patres
792 4736 858 4795 tiam
867 4731 1032 4814 spectabant,
1046 4728 1165 4789 noudum
1176 4729 1204 4790 iu
1218 4730 1429 4791 controversiam
1438 4745 1536 4791 rorata

129 4852 164 4900 st.
176 4839 209 4898 ln
223 4837 299 4897 hisee
312 4858 392 4919 porro
406 4836 514 4895 duabus
520 4833 642 4894 homiliis
650 4832 678 4892 id
691 4832 740 4893 de·
793 4828 915 4900 fuissent,
930 4845 982 4883 nou
995 4835 1071 4881 erunt
1087 4843 1117 4881 ea
1130 4822 1211 4882 certis
1224 4842 1322 4882 rorum
1335 4821 1469 4882 limitibus
1483 4822 1538 4881 cir·

129 4929 264 5000 enititur,
276 4928 348 5008 quod
361 4942 387 4988 et
401 4927 467 4987 alibi
482 4927 642 5005 frequenter,
657 4925 741 4985 nimi·
794 4922 972 5001 cumscripta;
987 4939 1073 4997 neque
1088 4917 1200 4993 mirum,
1209 4917 1231 4978 si
1242 4932 1463 4999 extemporaueus
1473 4939 1538 4978 ora*

129 5024 272 5107 riptioues,
288 5023 395 5082 nomina
413 5021 535 5103 propria,
552 5020 741 5093 salutationes,
795 5032 848 5096 tor,
862 5013 896 5074 ad
910 5013 980 5073 bona
993 5009 1145 5092 peragenda
1157 5009 1399 5081 concitarerolens,
1408 5010 1472 5071 talia
1479 5031 1540 5093 pro·

129 5114 435 5197 ptantumrismiuimas
445 5114 742 5195 Scriptnraesacrnpar·
797 5113 890 5178 iceret,
905 5126 966 5183 quae
982 5124 1035 5164 nou
1049 5102 1085 5162 ad
1103 5103 1232 5162 trutinam
1248 5116 1311 5162 ante
1325 5102 1537 5163 examinaverat.

129 5227 171 5269 on
184 5227 416 5289 supervacaneas,
431 5205 479 5266 sed
498 5205 642 5287 diiigenter
656 5228 742 5265 cxcu-
796 5206 827 5263 ln
837 5200 880 5260 bis
893 5199 974 5258 etiam
987 5194 1171 5268 concionibus,
1183 5194 1210 5253 in
1222 5193 1336 5273 aliisque
1348 5194 1476 5274 operibus
1488 5214 1542 5256 nou

130 5320 195 5361 rsse.
209 5299 282 5359 Cum
303 5319 366 5360 reso
386 5297 574 5380 inscriptiones
592 5311 619 5358 et
633 5297 742 5359 nomina
798 5311 884 5376 pauca
895 5288 971 5364 dicit,
982 5286 1058 5369 queis
1066 5287 1199 5370 probatur
1209 5284 1299 5367 ipsum
1306 5289 1439 5430 oepquim
1447 5287 1484 5348 ad
1494 5288 1546 5348 ini·
