3714 5970
696 411 786 461 NUNC
816 407 947 460 arthur!
974 407 1173 462 ADQRfthd·

143 539 278 616 ciliciam,
294 550 326 598 ut
338 551 418 599 vocat
430 537 505 618 ipse,
519 535 660 617 pervenit,
674 555 772 616 magno
784 534 892 616 agmine

146 633 232 692 ancti
257 645 348 712 patres
369 643 397 690 et
419 629 564 704 monachi,
587 627 759 708 virginesque
781 626 891 687 obviam

145 725 199 805 ipsi
212 723 350 804 prodiere,
363 721 499 782 infinitam
513 721 696 803 lacrymarum
710 719 767 780 vim
781 721 892 800 profun-

145 816 248 876 dentes.
264 816 390 894 Cumque
401 813 482 873 illum
496 813 525 874 in
538 814 666 873 exsilium
682 825 787 872 ιιιιιιιιιι
800 831 893 872 ιιιιι-Ι

146 923 221 981 rent,
241 909 269 966 in
283 908 362 968 fletus
380 906 611 987 prorumpebant,
629 905 674 964 his
688 918 784 964 mutuo
803 901 892 963 verbis

144 1014 268 1061 utentes:
279 999 371 1061 Satius
384 997 479 1058 fuisset
495 998 580 1057 solem
597 997 688 1056 radios
701 1016 764 1056 suos
780 1007 891 1054 contra-

143 1093 219 1164 here,
235 1114 318 1173 quam
329 1091 442 1154 Joannis
453 1111 483 1151 os
493 1090 634 1150 conticere.
652 1084 812 1168 Hujusmodi
828 1106 892 1146 vero

143 1186 299 1265 spectacula
312 1187 400 1264 magis
420 1187 510 1264 ipsum
522 1181 669 1242 turbabant
681 1194 707 1240 et
718 1177 892 1252 cruciabant,

143 1299 228 1357 quam
240 1277 306 1358 ipsae
317 1296 443 1336 aemmnae
454 1289 480 1335 et
493 1272 666 1347 calamitates,
680 1291 748 1351 quas
761 1270 892 1331 constanti

143 1389 253 1450 semper
267 1368 360 1428 animo
371 1367 493 1446 pertulit.
517 1363 641 1425 Tandem
659 1385 724 1424 vero
742 1365 891 1437 cucusum,

143 1462 238 1522 exsilii
256 1461 363 1536 locum,
377 1459 497 1522 advenit.
516 1458 583 1517 Erat
603 1477 669 1518 vero
686 1457 808 1543 Cucusus
825 1475 892 1534 par·

145 1576 211 1615 rum
224 1568 309 1633 atque
322 1552 534 1613 desertissimum
548 1546 694 1630 oppidum,
710 1561 740 1607 ut
752 1567 822 1626 saepe
838 1567 892 1605 ιιι-

144 1645 209 1725 pius
220 1645 304 1704 refert
315 1644 373 1725 ipse
383 1643 602 1724 Chrysostomus,
616 1639 645 1698 in
656 1638 782 1698 Annenia
793 1637 891 1696 minori

144 1738 229 1797 situm
242 1736 375 1816 :quidam
388 1755 454 1794 vero
468 1733 497 1792 in
512 1731 700 1813 Cappadocia,
716 1729 764 1789 alii
782 1729 810 1789 in
824 1727 890 1790 Cili·

144 1828 186 1887 cia
199 1828 302 1904 locent,
317 1827 447 1907 quoniam
461 1824 600 1885 iubarum
613 1822 754 1904 regionum
767 1821 891 1883 confiniis

144 1921 230 1981 situm
241 1934 309 1981 erat.
324 1921 396 1979 Tam
405 1918 539 1978 desertum
550 1931 641 1981 autem
651 1914 814 1997 oppidulum
825 1926 891 1990 mat,

146 2026 178 2072 ut
190 2034 278 2092 neque
290 2013 382 2072 forum
394 2009 533 2072 renalium
545 2007 667 2068 haberet.

183 2105 310 2178 Quidam
323 2124 404 2184 porro
418 2102 461 2162 ιιι
470 2123 506 2161 ιι
517 2098 656 2181 primariis
665 2096 770 2178 oppidi,
780 2096 892 2157 Diosco-

143 2219 193 2258 rus
208 2196 338 2268 nomine,
360 2195 407 2273 qui
421 2197 551 2256 loannem
569 2203 692 2250 nostrum
711 2188 832 2270 apprime
844 2208 893 2246 re·

144 2289 311 2359 iterabatur,
334 2287 383 2346 ubi
396 2284 505 2344 audivit
526 2283 605 2342 illuni
621 2283 757 2340 Cucusum
776 2279 871 2338 mitti
863 2299 891 2337 ιιι

143 2380 287 2449 exsilium,
304 2393 330 2438 et
342 2379 411 2438 istuc
422 2388 576 2457 pergentem
587 2393 676 2433 moras
689 2371 822 2450 quasdam
836 2371 893 2430 Cae·

145 2494 228 2532 sareu
240 2472 346 2545 facere,
364 2470 413 2529 illo
428 2468 504 2527 misit
520 2479 646 2546 rogatum
662 2476 688 2522 et
701 2463 889 2533 obsecratum,

146 2589 180 2627 ne
197 2563 319 2628 loannes
338 2562 433 2623 domui
461 2582 517 2622 suae
536 2561 648 2620 alteram
664 2559 813 2618 anteferret.
837 2557 892 2616 atii

97 2645 124 2711 ι
146 2678 253 2737 quoque
264 2655 385 2735 idipsum
396 2655 512 2713 fecerant
523 2675 530 2709 t
540 2671 636 2710 rerum
647 2647 771 2708 Dioscori
780 2647 894 2707 domum

146 2749 208 2808 aliis
222 2745 419 2828 preferendam
432 2765 489 2804 esse
500 2740 602 2803 censuit
612 2741 835 2822 chrysostomus,
850 2753 894 2799 at·

147 2864 198 2920 que
209 2840 287 2922 apud
300 2840 377 2900 illum
390 2838 467 2898 sedes
477 2836 577 2917 posuit.
592 2834 682 2894 Tanta
696 2854 759 2894 vero
770 2833 894 2912 largitate

145 2956 176 2994 ae
188 2932 358 2994 liberalitate
369 2930 495 2990 utebatur
508 2927 663 3000 Dioscorus,
684 2939 716 2984 ut
726 2944 756 2984 ea
767 2923 802 2983 de
815 2944 894 2984 causa

145 3040 277 3108 perpetuo
291 3045 355 3084 cum
368 3023 417 3082 illo
429 3035 536 3081 sanctus
547 3031 637 3078 noster
649 3015 841 3098 expostularet.
855 3016 895 3075 Ut

144 3140 207 3179 vero
225 3117 310 3177 latius
332 3114 451 3219 spatium
469 3112 663 3213 chrysostomo
682 3107 845 3211 relinqueret
859 3129 896 3167 ex

145 3211 250 3271 edibus
263 3209 322 3269 suis
340 3209 369 3266 in
381 3206 479 3268 uillam
498 3202 650 3281 migrarit:
663 3200 731 3280 quin
745 3200 827 3260 etiam
839 3199 894 3259 do-

146 3324 219 3364 raum
235 3303 289 3382 ipsi
280 3298 347 3359 ad
360 3296 527 3358 tolerandam
547 3293 672 3376 hyemem
691 3290 813 3350 idoneam
828 3310 895 3350 rou-

146 3395 247 3455 struxit
259 3406 361 3471 :atque
373 3391 409 3452 ita
421 3408 551 3468 magnum
565 3384 726 3445 beneficium
740 3404 839 3464 magno
852 3405 896 3443 cu·

149 3487 222 3547 molo
235 3485 326 3546 auxit.

97 3582 258 3666 *Cum
276 3579 417 3638 cucusum
430 3570 558 3677 advenit,
574 3567 771 3672 gravissimo.
754 3565 895 3626 laborabat

97 3632 261 3789 {norom
272 3691 289 3728 a
303 3668 401 3728 diebus
416 3664 489 3726 euim
503 3663 565 3744 plus
579 3682 660 3740 quam
675 3659 784 3739 triginta
799 3657 897 3717 arden-

97 3745 253 3863 'fficiam
266 3760 338 3820 febri
351 3756 534 3861 cruciabatur,
549 3753 663 3830 aliisque
675 3749 807 3811 stomachi
820 3750 897 3809 infir-

97 3896 99 3908 ·
107 3819 292 3914 nitatibus
314 3848 461 3910 maximis:
474 3867 535 3926 que
554 3843 711 3904 malahaud
724 3842 808 3902 dubie
828 3842 895 3901 tanti

97 5292 104 5341 l

154 3947 253 4007 itineris
271 3942 421 4013 molestiae,
438 3940 552 4019 aliaeque
570 3958 641 3996 curte
652 3934 895 4014 ‚sollicitudines,

152 4042 304 4099 Isaurorum
321 4049 422 4110 metus,
441 4046 523 4110 atque
537 3981 709 4090 incommbda
723 4028 798 4089 varia
814 4047 896 4108 pepe·

155 4145 246 4194 ruant
267 4132 417 4207 Postquam
438 4144 502 4186 vero
522 4124 659 4183 cucusum
679 4120 823 4202 pervenit,
849 4118 895 4177 ubi

157 4245 211 4283 cam
223 4236 299 4283 tanta
315 4218 484 4280 humanitate
497 4228 624 4296 exceptus
640 4214 711 4283 fuit,
725 4211 803 4272 brevi
823 4230 896 4270 mor·

157 4315 213 4375 bom
226 4336 335 4376 omnem
347 4310 490 4394 deposuit,
509 4308 547 4368 ita
562 4321 593 4367 ut
604 4305 686 4365 etiam
699 4304 802 4383 integra
816 4302 895 4362 vale-

160 4408 242 4469 tudine
263 4409 408 4468 frueretur.
432 4405 495 4463 Non
514 4400 595 4462 modo
615 4413 705 4461 autem
727 4396 892 4468 Dioscorus,

162 4501 223 4580 apud
235 4522 316 4579 quem
329 4494 530 4570 diversabatur,
545 4492 661 4553 ubertim
676 4491 718 4550 illi
731 4488 821 4549 omnia
833 4488 895 4547 sub

164 4591 336 4661 uinisuabat,
351 4589 401 4648 sed
414 4587 496 4647 etiam
508 4584 631 4666 plerique
643 4581 692 4640 alii
708 4594 894 4662 procuratores

165 4699 276 4746 urceum
288 4682 535 4755 administratores,
547 4676 621 4736 beris
633 4674 661 4734 id
676 4696 725 4756 per
737 4674 829 4734 literas
843 4673 895 4732 im·

167 4779 320 4854 paratibus,
331 4772 448 4835 subinde
459 4772 536 4831 illum
549 4768 660 4829 adibant
671 4767 708 4827 ad
721 4767 811 4826 officia
821 4788 895 4845 quae·

169 4868 201 4926 tis
212 4868 356 4949 prestanda
370 4866 457 4948 parati
470 4889 477 4922 ι
492 4863 566 4944 quod
577 4863 727 4922 amicorum
739 4862 892 4923 subsidium

171 4979 243 5021 omncs
261 4983 328 5043 pene
342 4958 513 5038 abstergebat
525 4956 616 5017 exsilii
631 4955 775 5015 molestias.

200 5053 309 5112 Cueusus
325 5052 375 5111 etsi
390 5070 443 5109 non
461 5049 583 5130 amplum
601 5047 733 5128 oppidum
744 5059 820 5124 erat,
834 5045 893 5126 cpi·

172 5162 261 5225 toopum
274 5160 362 5206 tamen
376 5140 511 5217 habebat,
531 5140 579 5220 qui
592 5140 817 5222 Chrysostomum
831 5159 893 5197 cum

173 5239 228 5299 omi
242 5239 405 5321 benignitate
417 5237 537 5318 excepit,
551 5255 637 5313 exque
650 5232 717 5293 tanti
732 5232 787 5293 viri
800 5231 893 5292 existi·

1613 390 1692 488 ..189

945 535 1062 596 matione
1073 551 1098 596 et
1116 534 1265 598 reverentia
1279 554 1310 596 co
1325 554 1410 615 usque
1423 533 1554 617 processit
1561 580 1572 614 ,
1588 549 1618 594 ut
1631 537 1693 617 ιρι-

944 628 1082 708 scopalem
1091 628 1133 688 illi
1144 627 1234 707 sedem
1245 626 1339 688 cedere
1349 627 1474 689 voluerit.
1485 630 1592 691 Verum
1604 626 1693 708 Chry·

945 735 1105 782 sostomusa
1123 721 1172 781 tali
1184 741 1295 781 munere
1305 719 1476 802 suscipiendo
1489 719 1570 799 longe
1583 718 1688 778 aberat.

946 811 1049 879 Eodem
1061 814 1120 894 ipso
1133 812 1191 888 die,
1209 832 1264 892 quo
1277 826 1385 872 saumas
1396 813 1441 874 ιιι
1451 814 1590 872 Cucusum
1603 809 1692 872 adre-

946 904 1001 979 nit,
1022 903 1137 964 adfuit
1129 927 1183 986 ιριι
1174 904 1348 967 Sabiniano
1366 905 1536 982 diaconissa,
1554 916 1690 963 senectute

945 949 1055 1079 quidem
1068 1014 1094 1059 et
1106 1001 1233 1061 aerumnis
1247 1020 1315 1080 pene
1327 999 1434 1074 obruta,
1455 999 1504 1059 sed
1516 1012 1591 1058 tanta
1604 997 1690 1057 animi
1683 997 1754 1062 Ῥιιι
1758 999 1815 1062 593·

945 1091 1103 1165 alacritate,
1112 1104 1187 1150 tanto
1196 1112 1259 1173 erga
1272 1091 1497 1174 chrysostomum
1509 1091 1607 1150 affectu
1623 1111 1692 1170 prae·
1701 1063 1788 1130 ‘⁵9¹¹

945 1182 1013 1253 dita,
1027 1196 1058 1242 ut
1067 1204 1096 1242 se
1105 1196 1227 1264 paratam
1235 1204 1292 1242 esse
1303 1183 1404 1244 diceret
1415 1184 1496 1243 etiam
1508 1184 1537 1244 ιιι
1547 1183 1690 1265 Scythiam

947 1275 1080 1354 proficisci
1093 1298 1100 1331 ε
1113 1295 1208 1334 rumor
1224 1274 1298 1333 eninr
1320 1286 1376 1332 erat
1397 1275 1621 1354 Chrysostomum
1642 1274 1691 1335 illo

947 1365 1148 1427 amandandum
1158 1387 1224 1429 esse.
1238 1366 1290 1426 llla
1303 1386 1367 1426 vero
1376 1365 1497 1445 cognatis
1510 1366 1636 1426 omnibus
1647 1387 1693 1426 re-

946 1458 1028 1535 lictis,
1052 1459 1142 1541 ipsum
1152 1459 1254 1537 ubique
1268 1458 1343 1538 sequi
1363 1456 1545 1517 destinaverat
1558 1480 1565 1512 ι
1576 1465 1694 1537 quapro-

948 1564 1008 1630 ριιι·
1027 1551 1064 1610 ab
1086 1551 1213 1611 omnibus
1234 1549 1361 1610 Ecclesia
1379 1548 1497 1615 alumnis
1516 1568 1614 1627 magno
1631 1568 1692 1608 cum

944 1643 1043 1705 ‚affectu
1065 1643 1260 1723 excipiebatur.
1285 1643 1368 1700 Putat
1387 1655 1477 1700 autem
1501 1640 1693 1700 Tillemontlus

948 1755 1007 1794 eam
1021 1734 1105 1814 ipsam
1124 1733 1300 1795 Sabinianum
1313 1753 1369 1792 esse
1381 1733 1514 1805 fortassis,
1527 1752 1609 1810 quam
1622 1732 1694 1790 anri·

948 1838 1004 1885 tam
1015 1826 1202 1907 Chrysostomi
1213 1825 1296 1886 fuisse
1307 1840 1397 1886 narrat
1410 1824 1549 1912 Palladius
1564 1824 1592 1884 in
1607 1824 1692 1885 hisio-

947 1918 985 1977 ria
1003 1919 1144 1977 Lausiaca.

967 2008 1157 2069 Constantius
1178 2029 1243 2069 ιιιι)
1261 2007 1417 2088 presbyter,
1437 2028 1485 2085 qur
1477 2006 1692 2088 chrysostomi
1702 2017 1849 2063 maurannus

946 2100 1048 2179 ubique
1059 2099 1187 2180 sequendi
1200 2099 1353 2203 cupiditate
1366 2099 1539 2179 flagrabat,
1528 2120 1625 2180 Jam
1596 2101 1631 2160 ab
1641 2099 1690 2160 illo
1701 2081 1791 2185 ‘ff‘
1792 2096 1844 2185 ‘io

946 2191 1101 2275 facultatem
1112 2214 1159 2273 per
1171 2192 1263 2252 literas
1278 2192 1390 2273 petierat
1402 2193 1539 2252 cucusum
1553 2175 1690 2267 veniendi,
1702 2157 1846 2249 euthymian.

948 2299 980 2344 ut
993 2284 1072 2345 illum
1083 2285 1122 2344 ibi
1133 2297 1313 2365 exspectaret,
1324 2297 1350 2344 ιι
1362 2284 1476 2344 lateri
1452 2305 1512 2364 eyus
1523 2305 1629 2363 semper
1639 2283 1693 2342 hre-

947 2392 1026 2438 reret
1048 2376 1099 2438 Sed
1116 2391 1177 2458 post
1190 2376 1377 2458 chrysostomi
1388 2373 1537 2449 adveutum
1556 2378 1693 2437 cucusum

948 2491 980 2530 eo
998 2491 1026 2529 ιι
1040 2469 1185 2531 contulisse
1201 2482 1321 2550 putatur.
1344 2469 1443 2529 Omnia
1457 2484 1528 2529 certe
1548 2468 1583 2528 ad
1597 2483 1695 2528 nutum

949 2560 1002 2643 ipsi
1018 2560 1215 2636 succedebant,
1230 2582 1399 2621 comumnes
1415 2560 1443 2621 ιιι
1457 2575 1512 2621 tota
1531 2562 1633 2621 circum
1649 2584 1695 2624 re·

949 2653 1028 2732 gioue
1038 2653 1131 2713 solatia
1145 2654 1248 2730 afferre,
1258 2668 1284 2712 et
1295 2653 1384 2714 officia
1395 2653 1551 2734 impendere
1563 2669 1696 2717 curarent.

949 2745 1121 2826 Quapropter
1132 2745 1228 2806 amicis
1240 2745 1406 2825 quibusdam
1418 2745 1512 2826 (epist.
1529 2747 1604 2822 146)
1618 2768 1648 2806 ea
1662 2747 1697 2808 de

950 2858 980 2898 re
1000 2839 1039 2898 sic
1053 2837 1235 2917 loquebatur:
1251 2838 1318 2898 eUt
1339 2859 1431 2898 rerum
1452 2851 1604 2899 nostrarum
1625 2853 1698 2901 statu

950 2930 1057 3010 cognito
1070 2930 1218 3009 laetemini,
1233 2930 1335 3015 ingenti
1348 2931 1440 3009 quiete
1457 2944 1538 3009 atque
1558 2931 1613 2991 otio
1627 2932 1698 2992 frui·

949 3043 1033 3083 mur:
1050 3042 1202 3103 corpusque
1222 3035 1364 3095 nostrum,
1389 3021 1438 3082 etsi
1454 3022 1539 3082 multa
1556 3035 1619 3081 sunt
1637 3043 1698 3100 quae

949 3114 1008 3194 ejus
1025 3114 1208 3176 valetudinem
1227 3114 1401 3191 labefactent,
1424 3113 1491 3183 satis
1510 3113 1650 3174 commode
1669 3134 1698 3174 se

949 3204 1040 3265 hahet.
1056 3205 1170 3266 Etiamsi
1184 3206 1255 3273 enim
1265 3206 1334 3266 nihil
1346 3206 1449 3277 renale,
1466 3219 1491 3265 et
1501 3203 1697 3264 medicamenta

950 3296 1025 3355 nulla
1039 3297 1084 3356 hic
1099 3297 1166 3374 siut,
1186 3296 1291 3356 etiamsi
1307 3297 1368 3357 coeli
1386 3297 1559 3378 intemperies
1578 3284 1698 3355 estatem

951 3389 1107 3448 uon'minus
1118 3410 1200 3468 qnam
1211 3389 1338 3470 hyemem
1351 3388 1490 3449 molestam
1502 3386 1625 3462 reddant,
1634 3387 1698 3447 licet
1760 3425 1762 3428 -

951 3480 1041 3560 gravis
1051 3494 1077 3540 et
1087 3493 1216 3561 perpetua
1228 3479 1343 3556 obsidio,
1352 3481 1502 3558 frequentes
1513 3499 1609 3560 nempe
1619 3480 1698 3539 lsau·

952 3591 1043 3630 rorum
1055 3570 1235 3644 incursiones,
1249 3584 1351 3630 metum
1362 3569 1494 3644 inferant,
1508 3570 1614 3650 aliaque
1630 3589 1697 3650 gra-

950 3661 996 3723 via
1006 3663 1144 3738 accidant,
1160 3675 1332 3722 cunctamen
1345 3683 1361 3721 a
1376 3661 1500 3744 graviore
1513 3661 1634 3743 periculo
1649 3674 1695 3722 at-

953 3776 1030 3834 quca
1043 3754 1138 3815 morbo
1148 3754 1257 3815 liberati
1269 3776 1375 3815 sumus.
1390 3779 1405 3811 ιι

990 3844 1741 3928 lnepistolaverodecimatertiaadOIympiademait¹⁶⁰

951 3938 1051 4012 illese,
1065 3938 1150 3998 hiduo
1161 3953 1304 4019 postquam
1317 3940 1453 3999 Cucusum
1465 3939 1621 4015 advenerat,
1635 3960 1696 4000 mo-
1736 3946 1849 4006 Epistola·

949 4031 1054 4091 lestiam
1064 4051 1172 4091 omnem
1183 4052 1218 4091 ex
1228 4045 1302 4091 tanto
1311 4031 1407 4090 itinere
1416 4045 1522 4112 partam
1532 4030 1695 4136 deposuisse,
1704 4008 1851 4132 ,fflffffi‘oi-

950 4124 1040 4204 etjam
1050 4122 1225 4183 ιιιιιιιιιιιι
1239 4123 1311 4195 Quia
1324 4144 1387 4184 vero
1397 4145 1450 4184 non
1461 4144 1540 4205 pauci
1552 4137 1617 4182 tunc
1627 4124 1806 4186 cunerono·
1826 4143 1850 4178 ι

950 4214 1124 4296 stantiuopoli
1139 4229 1214 4275 erant
1225 4215 1412 4296 Chrysostomi
1423 4215 1515 4293 amici,
1535 4202 1590 4293 qui
1595 4195 1623 4274 ib
1634 4216 1694 4276 aula
1706 4193 1751 4315 ζίῗι
1754 4207 1784 4240 ¹⁸⁸
1794 4208 1851 4241 Μ’

950 4306 1149 4387 lmperatoris'
1141 4319 1286 4411 impetrare
1302 4306 1449 4378 curabant,
1472 4319 1501 4364 ut
1516 4306 1591 4365 locus
1608 4306 1698 4366 exsilii

950 4399 1131 4478 assignaretur
1141 4397 1224 4457 ιιι
1197 4397 1325 4472 vicinior,
1341 4398 1385 4457 vel
1399 4396 1583 4473 commodior;
1598 4397 1699 4479 Olym·

950 4491 1058 4575 piadenr
1069 4505 1159 4551 monet
1171 4504 1201 4549 ut
1212 4511 1275 4550 cum
1286 4490 1342 4551 illis
1353 4491 1391 4552 ita
1401 4513 1457 4552 rem
1469 4491 1618 4574 pntdeoter
1627 4506 1699 4573 agat,

950 4598 980 4644 ut
999 4585 1022 4643 si
1036 4584 1114 4643 illum
1128 4581 1163 4643 'in
1184 4582 1273 4642 locum
1293 4583 1526 4665 Constantinopoli
1545 4585 1590 4645 vel
1605 4586 1699 4646 eodem

951 4677 995 4737 vel
1009 4675 1104 4756 majori
1116 4673 1202 4756 spatio
1215 4673 1360 4738 distantem
1373 4676 1474 4737 adduci
1489 4677 1598 4754 vellent,
1613 4677 1645 4737 id
1664 4697 1697 4737 ue

950 4766 1104 4828 admitteret
1110 4791 1120 4846 3
1143 4766 1167 4826 si
1181 4780 1272 4828 autem
1294 4767 1336 4829 vol
1358 4768 1488 4849 Cyzicum
1497 4815 1507 4842 ,
1526 4770 1571 4829 vel
1586 4768 1699 4834 alteram

952 4859 1047 4918 urbem
1062 4879 1113 4918 non
1133 4857 1228 4938 procul
1241 4880 1257 4917 a
1271 4859 1428 4922 Nicomedia
1442 4859 1587 4920 distantem
1607 4860 1698 4940 impe-
1726 4867 1730 4875 “

950 4966 1021 5012 ιιιιι
1036 4964 1160 5032 possent,
1176 4971 1273 5012 manus
1292 4952 1340 5012 illa
1359 4953 1447 5014 daret.
1469 4952 1576 5012 Brisoni
1592 4974 1699 5033 quoque

951 5042 1059 5125 scripsit
1072 5043 1160 5104 amico
1173 5047 1229 5125 (ep.
1251 5046 1338 5119 ast).
1354 5045 1475 5124 dicitque
1489 5066 1517 5104 se
1531 5059 1592 5125 post
1604 5066 1696 5105 cinen-

950 5157 1010 5196 sum
1022 5137 1191 5217 septuaginta
1201 5138 1283 5198 ferme
1291 5136 1397 5198 dierum
1411 5138 1473 5211 itcr,
1485 5139 1622 5198 cucusum
1636 5151 1695 5197 tan·

952 5229 1014 5289 dem
1029 5227 1186 5307 advenisse,
1203 5229 1395 5310 innumeraque
1407 5229 1478 5291 mala
1496 5251 1604 5311 passum
1618 5251 1694 5308 esse,
