3714 5970
494 404 539 450 DE
562 403 795 453 scuterotttotts
818 405 931 453 ltlllltlll
956 402 1204 452 consederunt.
1560 400 1631 447 xvrt

68 526 194 607 magistro
217 538 360 587 mutuatus
373 524 486 586 videtur
499 524 545 602 bie
557 539 660 601 noster,
675 547 757 607 quern
770 527 878 588 unnnbi
896 527 1009 609 praelata
1024 526 1103 588 venia
1115 525 1171 585 lere
1185 522 1220 583 ad
1235 521 1376 603 allegorias
1388 519 1548 583 descendere
1562 521 1638 581 vide·

59 641 129 679 mus.
142 618 286 681 cedrenus
305 618 392 679 solius
412 616 536 678 meminit
550 619 676 681 Canerii.
697 619 838 680 Palladius
857 620 960 701 Syrum
977 616 1123 698 quemdam
1143 637 1234 677 senem
1253 629 1443 676 commemorat
1458 613 1635 677 continentiae

55 712 194 792 imprimis
206 711 375 785 studiosum,
388 710 433 770 cui
448 731 477 770 se
489 711 593 771 socium
609 711 637 770 in
649 713 811 773 monasterio
826 710 903 771 dedit
917 713 1043 773 Joanues.
1055 712 1157 775 Utrum
1169 729 1205 768 ax
1220 705 1334 766 dnobus
1348 704 1403 765 illis
1417 726 1488 765 nnus
1497 703 1637 764 fueritiste

54 807 155 886 Syrus,
169 828 206 867 an
220 807 313 888 potins
326 805 495 888 Hesychius,
509 805 596 888 Σύρος
607 812 647 889 τῷ
661 807 731 886 γένει
747 828 762 867 a
778 806 897 887 Georgio
912 807 1084 879 nominatus,
1099 826 1153 864 non
1170 823 1280 884 possum
1299 815 1426 861 statuere.
1437 801 1483 861 Ex
1497 813 1552 859 tota
1566 812 1636 860 rorte

58 899 169 979 Georgii
178 900 344 973 narratione,
349 899 513 961 monaterio
522 898 605 961 sinon
619 901 770 982 praefuisse,
780 915 852 962 certe
864 900 901 960 ad
912 921 1018 961 omnem
1032 900 1156 981 pietatem
1169 896 1308 979 praeivisse
1319 895 1450 956 iratribus
1460 894 1546 973 iisque
1555 914 1636 975 regat·
1762 902 1767 911 ‘

59 989 97 1049 las
104 991 255 1063 ἀσκηταὰς
265 989 431 1066 condidisse,
442 990 533 1073 potius
546 1013 630 1070 qnam
643 991 694 1052 snb
707 991 818 1053 alterins
831 990 976 1074 disciplina
982 992 1084 1053 vixisse
1094 989 1337 1051 videatur.ltelicto
1350 1000 1412 1069 post
1423 984 1636 1067 quadriennium

60 1080 110 1141 boc
127 1083 306 1159 monasterio,
315 1082 452 1145 desiderio
469 1082 646 1145 delitcsomdi
660 1085 831 1145 remotiorem
845 1106 965 1146 eremum
977 1085 1055 1167 petiit
1064 1107 1071 1143 =
1081 1084 1192 1163 illioque
1207 1082 1343 1164 spelunca
1357 1081 1477 1143 inclusus
1492 1080 1634 1143 biennium

55 1178 154 1258 sorae
166 1177 284 1259 peregit.
298 1180 387 1258 Atque
396 1177 431 1240 de
443 1178 496 1241 boe
508 1179 647 1256 emmiu,
661 1192 691 1240 ut
704 1179 778 1258 dixi,
786 1181 858 1241 inter
866 1195 973 1242 autores
983 1180 1116 1242 convenit.
1127 1178 1238 1241 Indead
1249 1179 1345 1237 urbem
1358 1174 1635 1251 reversus,diaconns

62 1292 77 1329 a
88 1272 117 1331 S.
128 1272 245 1333 ldeletio
257 1273 344 1352 (quod
359 1271 430 1333 inter
442 1292 536 1335 omnes
545 1277 661 1350 constat)
673 1274 732 1355 jam
745 1274 946 1356 proficiscente,
956 1289 988 1335 ut
1000 1289 1076 1356 puto,
1090 1271 1352 1354 Constantinopolim
1365 1269 1400 1331 ad
1413 1267 1557 1331 soenndm
1570 1290 1634 1351 syn·

61 1366 143 1425 edum
162 1366 378 1447 celebrandam,
392 1388 463 1429 anno
477 1367 589 1429 Domini
611 1366 665 1430 581
686 1369 813 1445 ineunte,
826 1370 985 1446 ordinatus,
997 1368 1211 1449 quinquennium
1233 1365 1395 1429 venerandis
1412 1362 1579 1425 ministravit
1591 1363 1635 1423 al·

63 1459 176 1519 taribus.
189 1461 263 1523 Nam
274 1458 350 1539 quod
362 1475 425 1543 post
435 1461 539 1522 Meletii
551 1474 682 1538 mortem,
691 1484 752 1540 quae
762 1462 823 1544 ipso
833 1478 953 1544 tempore
967 1462 1091 1527 sentrude
1107 1460 1207 1542 synodi
1220 1459 1338 1536 accidit,
1351 1461 1476 1520 Socrates
1491 1455 1529 1517 ait
1540 1480 1548 1514 a
1562 1458 1632 1515 dve-

63 1552 186 1631 χωρήσας
199 1552 348 1629 ὂῊνης
359 1558 413 1617 τῶν
427 1556 597 1615 Makrones
607 1557 618 1629 (
627 1558 676 1627 τῆς
686 1557 801 1630 moror,
813 1555 902 1635 lnquit
916 1555 1062 1636 Georgius)
1071 1555 1116 1617 trel
1126 1561 1197 1634 epti<
1206 1550 1537 1633 ὅλουςίνιαυτοὺςὴωἱχως
1547 1550 1634 1630 διῆγι,

63 1649 238 1729 παραγίνεται
247 1653 275 1710 la
283 1652 325 1732 τῷ
338 1649 520 1732 μοναριηριφ,
529 1651 556 1710 is
566 1641 691 1732 ᾧπρῴην
702 1642 747 1724 ἥν,
756 1650 848 1729 inquit
856 1651 1008 1733 Georgius3
1020 1650 1168 1713 triennium
1178 1649 1242 1725 boe,
1251 1663 1282 1709 ut
1288 1649 1442 1729 importune
1451 1659 1545 1707 contra
1553 1641 1635 1705 ratio·

64 1762 119 1801 nem
131 1755 301 1823 temporum,
312 1741 382 1803 utin
395 1741 569 1821 sequentibus
590 1742 798 1820 monstrabitur,
813 1742 935 1804 Palladio
947 1744 1029 1807 mam
1040 1764 1094 1805 nou
1106 1743 1283 1823 suffragante,
1293 1740 1477 1823 interjectum,
1488 1758 1525 1799 ex
1538 1755 1634 1799 nume·

62 1855 90 1893 ro
101 1854 239 1895 annornm
252 1833 440 1915 chrysostomi
450 1833 626 1897 eximendum
636 1824 739 1898 ceuieo.
752 1836 817 1897 Post
828 1836 1002 1897 damnatum
1014 1856 1089 1916 ergo,
1102 1835 1245 1916 presbyter
1253 1833 1362 1908 deinde,
1374 1830 1449 1913 quod
1459 1832 1529 1895 inter
1538 1850 1633 1893 omncs

62 1929 201 2004 convenit,
215 1945 279 2011 post
297 1949 381 1991 annos
398 1930 518 2010 quinque
528 1951 546 1990 a
558 1930 693 1993 Flaviano
709 1937 792 2009 (non,
810 1946 840 1993 nt
856 1933 915 1994 vult
927 1933 1067 2007 matos,
1081 1932 1218 2012 Evagrio,
1231 1930 1342 1993 Paulini
1357 1931 1539 2005 successore),
1555 1924 1629 2006 quod

62 2036 148 2101 postea
161 2023 353 2100 ostendemus,
366 2024 509 2087 ordinatus
521 2036 573 2090 est.
588 2025 637 2089 Sic
650 2025 782 2088 hebetum
799 2049 816 2087 a
835 2027 978 2088 nativitate
994 2026 1108 2090 ,loannis
1122 2046 1207 2106 usque
1221 2024 1258 2085 ad
1274 2024 1381 2087 desota
1392 2023 1485 2085 studia
1495 2019 1631 2104 juvenilia

60 2137 159 2192 annos,
175 2118 329 2181 secundnm
346 2118 573 2202 Chrysostomnm
592 2119 701 2202 ipsum,
713 2121 830 2202 viginti,
850 2123 896 2185 vel
913 2121 1067 2183 secundnm
1092 2119 1178 2194 alios,
1195 2119 1346 2181 octodecim
1365 2143 1373 2177 ε
1394 2115 1471 2199 apud
1488 2114 1632 2177 Meletinm

61 2230 140 2272 annos
155 2214 258 2293 serm
272 2226 341 2288 tres;
355 2212 420 2274 inde
434 2213 461 2274 in
478 2234 567 2275 ormo
585 2235 671 2276 annos
678 2217 775 2296 some
797 2237 846 2277 sex
864 2240 871 2275 r
888 2217 916 2277 in
929 2216 1037 2277 diaconi
1053 2214 1141 2295 gradu
1157 2235 1241 2275 annos
1265 2214 1399 2294 quinque,
1412 2227 1452 2288 et,
1461 2224 1568 2273 exemto
1581 2208 1631 2271 illo

62 2304 177 2369 Son-atis
189 2321 218 2368 et
229 2308 413 2369 tenendorum
427 2308 558 2386 triennio,
572 2310 601 2371 in
614 2310 766 2393 presbyteri
784 2311 872 2392 gradu
887 2332 971 2373 anuos
989 2310 1143 2372 duodecim.
1157 2310 1240 2385 Quod
1253 2310 1277 2370 ai
1296 2308 1370 2391 pleni
1386 2308 1488 2368 inierint
1500 2304 1531 2367 bi
1547 2303 1613 2367 anni
1620 2349 1631 2381 ,

63 2418 110 2457 non
130 2400 193 2460 cavi
208 2413 260 2462 aut
273 2401 401 2465 labentes
417 2401 504 2482 (quod
518 2403 611 2484 potins
626 2424 702 2477 reor,
717 2404 746 2465 in
761 2405 839 2467 annis
851 2405 1000 2487 presertim
1011 2418 1075 2467 ante
1090 2403 1280 2479 diaconatum,
1292 2423 1341 2484 pro
1354 2422 1428 2462 more
1440 2399 1563 2461 omnium
1577 2397 1635 2459 lere

60 2507 200 2554 aoetoenm
209 2514 340 2557 numm
353 2515 424 2576 saepe
433 2497 601 2576 angentium,
612 2509 640 2557 et
650 2497 715 2577 quia
728 2499 894 2561 wenbutum
903 2500 998 2580 soma
1007 2497 1051 2559 bis
1061 2520 1079 2559 a
1090 2496 1213 2559 Palladio
1225 2496 1370 2577 repetitum
1383 2503 1447 2571 est),
1461 2514 1478 2553 a
1491 2490 1634 2553 nativitate

62 2583 91 2643 td
99 2586 294 2671 episcopatum
303 2588 368 2649 anni
383 2588 546 2669 colligentur
553 2590 603 2651 d6.
615 2591 730 2667 Quodsi
741 2591 811 2653 duos
823 2613 907 2653 annos
915 2613 979 2653 cum
988 2591 1113 2654 Palladio
1123 2605 1150 2651 et
1163 2588 1358 2651 recentioribus
1367 2589 1509 2649 demamus
1523 2605 1561 2646 ex
1570 2597 1632 2645 stn-

60 2675 108 2738 diis
117 2680 310 2760 juvenilibus,
322 2697 351 2744 et
361 2703 464 2745 annum
477 2704 563 2745 nuum
575 2705 626 2765 pro
637 2685 687 2745 illo
704 2686 749 2745 bis
764 2687 880 2768 repetito
889 2686 1010 2769 serum
1020 2685 1082 2745 anni
1100 2698 1205 2746 tantum
1222 2697 1303 2745 erunt
1313 2684 1363 2744 db.
1374 2679 1490 2761 lleliqna
1501 2676 1632 2759 deinceps

61 2792 159 2853 pona,
172 2774 343 2857 qroebaeque
353 2790 444 2850 certa,
459 2797 513 2838 non
530 2797 664 2838 annorum
681 2792 797 2849 tantum,
809 2777 895 2840 sedet
908 2778 1042 2838 mensium
1056 2775 1253 2859 propemodum
1268 2789 1296 2837 et
1307 2774 1427 2836 dierum.
1444 2774 1519 2834 Inter
1536 2788 1631 2833 omnes

60 2869 198 2945 romu,
207 2882 267 2931 tan
276 2882 381 2933 veteres
390 2892 473 2950 pam
487 2872 655 2944 recentiores,
666 2874 799 2935 loannem
805 2873 842 2934 ab
855 2872 971 2934 Arcadio
980 2879 1104 2953 Augusto
1114 2870 1274 2946 Antioc-bia,
1288 2870 1336 2931 nbi
1348 2870 1491 2952 presbyter
1500 2867 1569 2941 luit,
1583 2889 1632 2929 an-

61 2965 137 3027 eitnm
145 2964 259 3031 malla
269 2965 419 3049 epicopali
430 2966 662 3050 Conomdnopoli
674 2967 810 3045 locatum,
825 2969 902 3031 Coss.
918 2968 1039 3030 Honorio
1049 2970 1070 3028 d
1089 2981 1116 3029 et
1141 2967 1329 3049 Eutychiano,
1338 2967 1392 3028 boc
1404 2980 1457 3041 est,
1467 2984 1539 3024 anno
1551 2963 1633 3025 Chri·

60 3056 100 3132 sti,
108 3072 205 3120 matos
214 3078 409 3138 numeramus,
418 3061 490 3139 508,
503 3060 646 3123 Februarii
660 3064 718 3137 26,
730 3063 793 3124 sede
806 3062 927 3142 urbeque
937 3063 1048 3145 pulsnm
1064 3061 1111 3143 (de
1121 3062 1269 3144 posteriore
1281 3060 1380 3123 exsilio
1389 3063 1487 3140 loquor
1494 3083 1504 3137 3
1516 3079 1579 3119 nam
1592 3057 1629 3125 de

61 3152 142 3231 pn'ote
160 3167 262 3236 postea
281 3152 463 3234 ridebimus)
476 3155 597 3219 Honorio
611 3158 648 3233 6,
662 3171 689 3218 et
710 3159 870 3220 Aristenato
892 3158 984 3234 Coss,
997 3158 1045 3238 qni
1058 3179 1145 3220 annus
1158 3171 1199 3219 est
1214 3156 1324 3217 Domini
1345 3155 1422 3232 tot,
1436 3154 1566 3217 vicesimo
1584 3152 1631 3215 die

60 3246 141 3325 lanii,
159 3250 242 3326 sire,
261 3262 296 3309 nt
310 3249 361 3311 alii
379 3251 544 3333 loquuntur,
561 3253 682 3335 quinque
700 3254 799 3323 diebus
820 3270 881 3336 poet
899 3254 1060 3336 completam
1074 3256 1256 3314 Pentecosten.
1270 3251 1308 3315 Et
1321 3251 1432 3331 quidem
1451 3250 1558 3312 decimo
1571 3262 1631 3313 ter-

61 3341 167 3426 tiepnst
176 3342 245 3421 die,
261 3344 316 3407 laoe
327 3358 386 3413 eat.
400 3345 481 3407 tertio
492 3344 580 3421 tulii,
597 3345 662 3407 data
684 3362 722 3409 est
738 3348 851 3409 loannis
872 3347 958 3409 nostri
983 3345 1020 3407 ad
1034 3344 1230 3428 Olympiadem
1249 3344 1364 3426 epistola
1378 3364 1466 3420 nona,
1478 3356 1505 3403 ct
1528 3341 1630 3423 postri-

59 3434 94 3499 die
102 3439 164 3521 eius
179 3437 257 3515 diei,
271 3459 312 3500 sn.
327 3439 430 3502 ttulit
442 3440 486 3501 vel
498 3440 611 3502 Panemi
622 3442 738 3516 mensis,
751 3444 838 3505 altera
854 3442 890 3502 nd
908 3441 1106 3503 Constantium.
1118 3441 1150 3501 lu
1173 3440 1226 3499 hoc
1246 3437 1344 3499 exsilio
1360 3438 1433 3500 vixit
1453 3435 1555 3497 Cucusi
1576 3456 1630 3497 an·

59 3548 113 3591 tua
124 3550 239 3607 unum,
257 3528 382 3593 Arabiasi
393 3529 549 3607 hunniam,
565 3532 680 3612 reliquis
693 3535 831 3596 mensibus
847 3535 877 3596 in
890 3534 986 3595 itinere
1000 3534 1158 3616 Pityuntem
1178 3553 1272 3593 versus
1288 3530 1449 3606 consumtis,
1464 3549 1519 3610 quo
1537 3542 1628 3591 tamen

59 3622 255 3704 nonpevenit,
264 3634 357 3685 morte
365 3636 519 3705 preventus
526 3624 665 3703 Comanis,
675 3626 797 3689 Honorio
807 3632 826 3689 'l
835 3642 863 3689 et
871 3626 1025 3689 Theodosio
1032 3628 1129 3688 iterum
1139 3628 1229 3701 coo,
1238 3625 1291 3686 boc
1300 3639 1351 3701 est,
1362 3645 1433 3686 anno
1439 3623 1542 3685 Christi
1552 3624 1628 3688 tor:

56 3716 119 3795 qaod
128 3718 207 3781 inter
220 3739 319 3781 omnes
329 3732 445 3781 ennam.
458 3720 502 3783 De
510 3742 601 3784 merse
609 3723 792 3785 controversia
805 3738 847 3785 est
859 3748 866 3781 ι
877 3724 1000 3785 Socrates
1011 3723 1057 3785 die
1072 3721 1399 3785 repercussionum
1413 3719 1509 3781 scribit
1521 3742 1528 3777 ε
1540 3718 1629 3781 Geor·

55 3810 115 3889 p'ns,
124 3826 154 3873 et
163 3824 234 3893 post
243 3832 309 3873 eram
321 3812 482 3875 recentiores
492 3834 596 3892 omnes,
606 3815 843 3892 &calendarium
854 3816 1010 3890 utvidetur,
1024 3818 1179 3877 Romanum
1188 3814 1234 3876 die
1246 3813 1469 3895 ttSepternbris,
1483 3813 1543 3895 ipso
1552 3812 1628 3875 exal·

56 3904 196 3971 aomos.
208 3905 372 3971 Crucisdie.
381 3906 456 3979 Quin
463 3921 490 3969 et
499 3908 575 3989 apud
583 3910 722 3973 Socratem
733 3911 899 3991 Septembris
908 3910 1052 3991 legendum
1062 3932 1119 3970 esse
1127 3922 1232 3971 constat
1242 3930 1277 3968 ex
1288 3910 1372 3971 veteri
1383 3907 1479 3971 listina
1490 3907 1638 3988 iuterpre·'

56 4000 149 4061 atione
164 4000 195 4063 in
209 3999 371 4063 &sudori
383 4002 502 4065 Historia
518 4002 655 4084 tripartita
668 4005 718 4067 lab.
735 4007 784 4081 to,
797 4027 824 4067 c.
836 4004 885 4067 18.
902 4006 943 4066 lta
956 4006 992 4065 ab
1002 4005 1079 4065 initio
1089 4004 1260 4086 episcopatus
1274 4002 1310 4063 ad
1321 4017 1437 4065 mortem
1450 4023 1548 4064 novem
1561 4000 1628 4064 anni

56 4110 121 4167 unt,
133 4115 306 4157 mensem
316 4096 359 4157 vel
369 4111 442 4174 octo,
450 4094 510 4159 dies
518 4096 650 4175 decim,
661 4113 688 4161 et
696 4120 714 4161 a
722 4099 863 4162 nativitate
872 4098 908 4161 ad
920 4113 1035 4161 mortem
1042 4097 1192 4160 secundnm
1200 4099 1330 4178 majorem
1341 4097 1571 4180 computationem
1578 4117 1627 4157 su·

56 4212 95 4270 pra
109 4192 263 4254 collectam
274 4191 339 4253 anni
351 4195 403 4266 55,
417 4204 445 4255 et
455 4212 559 4255 nenses
571 4195 694 4275 aliquot,
706 4195 856 4259 secundum
871 4198 1004 4257 minorem
1016 4195 1244 4278 computationem
1256 4194 1320 4255 anni
1334 4194 1385 4268 52,
1397 4207 1425 4255 et
1438 4192 1542 4273 aliquot
1555 4212 1627 4274 pra-

57 4296 118 4347 terea
128 4306 253 4347 mnae.
267 4285 399 4361 Yonaraa,
411 4284 549 4349 Cedrenua
559 4300 586 4349 et
595 4286 645 4348 alii
654 4288 710 4349 sere
724 4309 831 4364 omnes,
842 4310 928 4349 annos
937 4308 998 4349 eum
1009 4288 1112 4349 vixisse
1123 4288 1247 4348 scribunt
1260 4306 1312 4348 non
1327 4286 1419 4368 plnres
1428 4285 1627 4367 quinquaginta

55 4378 158 4441 boba
169 4404 179 4437 s
191 4393 293 4441 anaor
305 4378 424 4441 incertus
438 4400 504 4461 pag.
516 4380 560 4443 54
568 4378 647 4445 Edit.
655 4381 717 4443 bat.
735 4381 919 4455 Paris.t588‚
924 4381 1004 4445 addit
1018 4403 1122 4443 nonus
1135 4396 1212 4443 octo:
1223 4381 1268 4441 cui
1282 4380 1478 4462 propemodum
1486 4379 1625 4441 assentior.

55 4472 87 4535 lu
97 4472 261 4537 mudum
273 4473 403 4556 majorem
416 4475 651 4557 computationem
666 4475 764 4539 incidit
776 4498 864 4539 annus
874 4477 1025 4539 nativitatis
1037 4478 1149 4540 loannis
1165 4478 1193 4537 in
1207 4476 1376 4538 consulatum
1389 4475 1538 4538 Constantii
1552 4477 1570 4536 5
1598 4489 1626 4536 et

56 4568 123 4630 delli
145 4568 286 4639 Caesaris,
298 4590 371 4630 anno
387 4571 502 4632 Domini
519 4572 597 4647 soa,
617 4572 769 4635 aectrndum
785 4573 932 4650 minomm,
950 4573 980 4633 in
1000 4571 1169 4633 consulatum
1190 4571 1348 4632 Arbetinnis
1365 4586 1393 4632 et
1410 4570 1548 4643 lolliani,
1571 4591 1625 4631 an-

55 4680 81 4722 an
93 4664 169 4738 555,
184 4682 298 4737 merse,
311 4677 342 4722 nt
353 4661 478 4740 videor,
490 4665 631 4744 Jannario,
647 4666 693 4727 vel
707 4667 821 4728 blaseio.
834 4670 897 4731 lam
910 4666 1040 4748 reliquias
1053 4665 1241 4747 Cbrysnstomi
1252 4666 1330 4747 jussu
1343 4667 1517 4748 Imperatoris
1529 4664 1626 4726 Theo-

55 4755 265 4839 baiijaanioris,
278 4772 304 4818 et
317 4780 400 4819 suaso
413 4758 518 4832 Procli,
527 4774 587 4821 tum
605 4761 728 4844 episcopi
740 4762 775 4822 0.
791 4765 837 4834 tt,
853 4762 982 4823 Comanis
994 4762 1023 4822 in
1036 4762 1133 4822 urbem
1146 4761 1249 4842 regiam
1262 4760 1417 4842 deportatas
1436 4774 1463 4821 et
1479 4761 1507 4821 in
1524 4759 1625 4821 basili·

56 4868 108 4911 ram
122 4850 176 4913 SS.
190 4851 384 4932 Apostolorum
399 4851 490 4913 illatas
503 4872 539 4935 ex
552 4854 690 4915 Theodor.
702 4856 752 4918 lib.
766 4857 803 4928 5,
819 4877 844 4920 c.
861 4857 916 4930 56,
929 4869 957 4916 et
969 4855 1046 4917 Socr.
1059 4854 1109 4914 lib.
1127 4857 1145 4914 ⁷
1153 4896 1163 4930 ,
1175 4875 1201 4914 c.
1215 4853 1273 4929 lb,
1288 4866 1406 4928 constat,
1417 4852 1572 4915 Theodosio
1586 4854 1626 4915 to

57 4941 174 5016 onsnle,
185 4941 241 5001 boc
256 4955 298 5001 est
315 4962 387 5002 anno
402 4942 505 5004 Christi
522 4944 593 5019 458,
611 4947 736 5008 ianuarii
748 4949 787 5011 27
800 4945 846 5006 die
860 4967 869 5006 a
884 4945 984 5021 idest,
999 4960 1061 5028 post
1073 4944 1201 5006 exsilium
1215 4944 1349 5026 posterius
1361 4945 1439 5005 annis
1451 4947 1505 5019 55,
1520 4945 1625 5006 mensi·

58 5033 105 5095 bus
116 5035 155 5111 8,
171 5049 236 5119 post
254 5049 373 5097 mortem
386 5035 465 5097 annis
480 5038 539 5115 50,
550 5039 687 5101 mensibus
700 5044 721 5101 5
734 5041 779 5103 vel
791 5042 822 5101 5.
842 5042 954 5102 Gnsmas
966 5040 1102 5118 Vestitor,
1116 5040 1184 5118 μετὰ
1202 5039 1346 5122 τριάκοντα
1360 5040 1405 5098 και
1418 5049 1489 5122 τρεῖς
1501 5040 1622 5122 χρόνοις.

60 5129 178 5190 Socrates
190 5129 246 5193 lib.
262 5130 293 5204 7,
313 5150 339 5190 e.
353 5130 411 5204 45,
425 5128 541 5192 notabili
557 5131 752 5212 incontentia,
766 5138 918 5217 τριακοστῷ
931 5132 1048 5217 aripxsqa
1062 5133 1116 5194 irat
1129 5131 1198 5213 perd
1216 5133 1266 5206 τὴν
1285 5131 1453 5213 καθαίρεσιν,
1466 5146 1493 5193 et
1510 5132 1626 5215 septimo

63 5237 119 5302 past
140 5245 236 5301 man,
256 5229 415 5309 τριαωτῷ
435 5226 554 5312 ratprsq
576 5226 631 5290 isar
661 5231 729 5309 peel
753 5230 803 5307 τὴν
826 5230 965 5309 πλωνήν,
986 5250 1049 5291 curn
1072 5229 1143 5290 inter
1164 5228 1223 5289 brec
1246 5225 1302 5288 duo
1321 5226 1472 5290 trienninm
1496 5228 1625 5291 interm·

202 5326 273 5366 101.
300 5324 373 5366 1111·
1469 5331 1483 5366 o
