3750 6052
602 580 646 634 nn
672 586 701 635 s.
730 575 864 633 tosnnn
889 581 1073 632 cantsosn.
1543 560 1613 630 523

46 711 239 802 ὡμιλήθησαν,
261 711 320 780 ούδί
342 716 459 796 συνεχῶς
473 711 542 792 μετά
560 713 592 772 τὸ
614 710 717 791 πάσχα.
740 706 819 769 Μετά
872 705 972 785 viginti
997 717 1099 785 septem
1122 704 1150 763 in
1173 702 1300 765 Genesim
1326 715 1459 763 sermones
1480 701 1615 776 habuerit.
1649 753 1652 763 .

46 815 98 894 γάρ
112 813 161 885 τήν
179 815 206 872 ἐν
222 814 256 882 τῖς
273 809 377 889 μεγάλῃ
397 805 503 887 τετράδι
515 801 707 883 ὁμιλίαν,ήτις
721 791 752 874 ήν
765 805 819 859 τῶν
871 796 978 876 Reliqui
1002 817 1066 857 veto
1086 816 1183 855 novem
1204 794 1316 886 secundi
1339 793 1406 855 tomi
1426 809 1615 870 sermones,et

47 910 84 974 εἷς
98 906 146 979 τήν
161 877 262 985 γένεσίν
275 900 325 975 κζ’,
334 901 470 979 ὡμίληται
484 898 604 978 αὐτῷκτῇ
618 893 710 976 ἐφεξῆς
725 897 762 961 εἰς
774 892 818 952 τδν
873 889 971 971 viginti
985 889 1103 968 quinque
1116 888 1202 962 tertii,
1217 908 1269 946 non
1290 886 1381 946 statim
1402 901 1429 946 et
1450 887 1616 948 continenter

45 988 248 1078 σταυρὸν,εἶτα
262 999 298 1062 είς
317 994 365 1066 τήν
384 990 542 1072 προδοσίαν,
556 988 603 1048 καί
618 988 709 1047 λοιπδν
729 985 826 1067 ἐφεξῆς
872 997 934 1065 post
951 982 1052 1042 Pascha
1072 980 1157 1041 habiti
1172 982 1256 1058 fuere.
1273 981 1337 1040 Post
1356 980 1480 1040 habitam
1495 981 1566 1040 enim
1586 983 1615 1041 in

48 1088 118 1149 κατδι
135 1089 182 1160 τὰς
202 1087 401 1152 ἀνακυπτούσας
417 1087 469 1143 τῶν
489 1084 597 1162 ἡμερῶν
615 1078 820 1159 sumpsimus:
872 1095 970 1154 magna
980 1074 1046 1134 seria
1059 1087 1155 1152 quarta
1167 1077 1177 1147 (
1188 1071 1298 1152 majoris
1309 1071 1508 1147 hebdomadae)
1526 1071 1616 1131 homi·

47 1181 94 1242 καί
111 1182 245 1247 ὑποθέσεις
260 1177 395 1256 ἀναλόγως
410 1177 437 1232 αἱ
451 1172 553 1251 ὁμιλίαι
564 1172 691 1252 ἐγένοντο.
706 1170 760 1230 Καὶ
775 1193 821 1248 με·
873 1167 959 1241 liam,
979 1186 1040 1245 quaa
1061 1178 1100 1224 est
1124 1164 1256 1244 vigesima
1279 1163 1393 1244 septima
1414 1163 1443 1223 in
1466 1163 1614 1237 Genesim,

50 1273 85 1332 τά
99 1272 146 1340 τάς
162 1273 223 1352 περί
242 1268 410 1335 ἀναστάσεως
429 1265 552 1345 ὁμιλίας,
564 1263 700 1343 ὡμίλησεν
722 1266 759 1331 είς
774 1259 824 1328 τάς
875 1272 967 1341 postea
983 1258 1156 1319 concionatus
1169 1269 1210 1316 est
1223 1255 1258 1315 de
1271 1270 1360 1314 sancta
1375 1257 1481 1323 Gtuce.
1499 1255 1563 1314 hinc
1583 1254 1631 1315 de.
1756 1323 1761 1334 ¹

51 1365 167 1445 Πράξεις
189 1367 323 1442 συνεχῶς,
345 1365 380 1427 ὡς
403 1360 481 1426 αὐτὸς
501 1361 598 1423 ἐκεῖνος
617 1355 763 1435 ἀρχόμενος
777 1358 824 1413 τοῦ
875 1350 1029 1433 proditione
1049 1344 1148 1424 Judae,
1162 1369 1194 1408 ac
1211 1346 1337 1428 deinceps
1357 1346 1506 1407 secundum
1520 1368 1619 1407 occur·
1721 1392 1724 1399 .

50 1461 170 1518 εἰκοστοῦ
183 1455 274 1536 ὀγδόου
287 1454 365 1533 λόγου
379 1457 431 1512 τῶν
447 1453 484 1520 είς
497 1449 547 1523 τήν
564 1447 668 1530 γένεσιν
683 1446 828 1526 ἐπισημαί·’
877 1458 966 1505 rentes
977 1440 1034 1502 dies
1047 1442 1128 1502 festos
1149 1454 1177 1501 et
1195 1440 1342 1500 incidentia
1361 1453 1520 1520 argumenta
1533 1440 1620 1498 homi-

51 1572 134 1610 νεται·
146 1549 184 1621 δν,
197 1552 232 1616 ὡς
249 1549 342 1620 δῆλον,
357 1546 403 1605 καί
420 1543 481 1613 τοίνς
500 1543 547 1602 σίιν
568 1545 639 1622 αύτῷ
661 1541 729 1620 μετὰ
744 1539 826 1601 mtto
843 1538 922 1603 uliae
933 1538 1013 1598 dictae
1025 1539 1141 1598 fuerunt.
1155 1537 1193 1597 Et
1213 1551 1273 1617 post
1294 1536 1427 1596 Homilias
1439 1536 1473 1596 de
1487 1539 1621 1597 Resurre-
1697 1560 1703 1570 ·

50 1642 147 1723 χρόνον
164 1638 381 1720 προσωμίλησεν.’
394 1640 430 1696 tn
448 1635 501 1719 γάρ
521 1638 558 1702 είς
577 1633 625 1701 τλς
639 1633 754 1712 Πράξεις
766 1636 829 1711 ὁμκ-
878 1631 985 1706 ctione,
1006 1631 1034 1690 in
1055 1636 1120 1691 heta
1141 1630 1294 1708 frequenter
1316 1627 1489 1712 concionatus
1512 1642 1568 1701 est,
1591 1643 1627 1687 ut
1654 1695 1659 1706 ¹

51 1734 110 1793 λίαι
127 1730 291 1803 πεντήκοντα
313 1728 362 1807 μέν
376 1731 445 1802 εἰσι,
464 1726 557 1807 σχεδδν
579 1724 608 1784 δὲ
628 1727 662 1784 δι’
674 1727 736 1783 ὅλου
756 1727 829 1806 αὐτῷ
880 1726 939 1805 ipse
952 1723 1031 1784 initia
1044 1723 1167 1804 vigesimi
1181 1721 1269 1782 octavi
1289 1721 1318 1780 in
1341 1721 1468 1782 Genesim
1492 1721 1623 1788 sermonis

54 1832 100 1885 τοῦ
114 1827 232 1883 ἐνιαυτοῦ
244 1821 402 1902 ἐρρήθησαν·
417 1823 445 1879 οὖ
457 1820 508 1899 γάρ
523 1822 582 1878 καθ’
597 1817 700 1898 ἡμέραν
715 1815 829 1891 ταύτας,
880 1818 1036 1895 signidem
1052 1834 1133 1895 (γειεια
1144 1834 1292 1874 sermonem
1303 1858 1313 1884 ,
1326 1827 1357 1872 ut
1368 1814 1458 1897 palam
1468 1827 1508 1874 est
1520 1858 1530 1891 ,
1542 1824 1570 1875 et
1583 1835 1626 1874 se·

55 1917 126 1979 ant
140 1917 187 1977 καί
197 1915 263 1994 help
274 1914 353 1974 πέντε
366 1912 412 1973 καί
421 1912 488 1989 ὑπὲρ
499 1911 567 1971 tm&
580 1913 626 1969 καί
640 1909 724 1970 πλείω
736 1915 829 1969 καθω-
879 1923 993 1990 quantes
1019 1909 1101 1989 longo
1128 1918 1188 1988 post
1213 1921 1334 1986 tempore
1358 1907 1463 1969 habuit.
1499 1907 1627 1967 Homilias

56 2010 139 2090 μίλει.
149 2009 195 2075 Ἃς
210 2009 288 2078 δῆλον
301 2005 378 2071 αὐτὸς
395 2013 481 2076 ποιεῖ,
494 2001 535 2061 ὅτι
549 2000 743 2083 ἀρχιερατεύων
761 1998 831 2061 κατίι
881 1999 954 2062 enim
968 2000 996 2060 in
1011 2003 1078 2061 Acta
1098 1997 1292 2079 quinquaginta
1306 2019 1418 2058 numero
1432 2013 1513 2058 sunt:
1529 2000 1628 2060 inillis

56 2103 92 2163 τδ
108 2102 196 2182 τρίτον
208 2098 265 2164 ἐτός
280 2096 411 2175 ὡμίλησε.
423 2092 481 2161 Τάς
496 2093 524 2154 δί
542 2096 578 2161 εἰς
597 2092 646 2166 τήν
659 2092 767 2153 Γένισιν
784 2095 832 2152 οδε
885 2091 1008 2153 dicendis
1035 2109 1138 2150 anunm
1163 2090 1218 2148 lere
1238 2088 1375 2169 integrum
1402 2089 1538 2156 insumsit.
1566 2093 1628 2152 Nou
1740 2169 1746 2177 Ι

59 2194 173 2273 ἔσχομεν
198 2193 315 2270 γνῶναι,
331 2185 409 2247 ὁπότε
431 2184 582 2264 ὁμιλήσειε·
595 2183 666 2257 πλήν
680 2186 704 2242 εί
726 2183 832 2244 ἐκείνων
883 2185 958 2246 enim
980 2181 1102 2263 quotidie
1120 2180 1259 2249 illas,sed
1283 2181 1402 2259 quinque
1412 2182 1455 2240 vel
1469 2197 1570 2263 septem
1583 2183 1628 2242 vel
1747 2230 1749 2235 .

61 2283 197 2362 μέμνηται
211 2286 263 2339 τῶν
277 2282 387 2358 ὁμιλιῶν
401 2281 428 2337 ἐν
446 2281 485 2359 τῷ
498 2272 542 2348 κη’
555 2274 626 2357 λόγῳ
647 2277 789 2354 ὁμιλῆσαι,
803 2275 834 2345 ἀς
884 2277 1011 2360 pluribus
1041 2274 1186 2357 interjectis
1209 2273 1324 2349 diebus,
1343 2274 1404 2334 illas
1424 2274 1629 2355 pronuntiavit:

61 2374 106 2434 διά
117 2379 163 2431 τοῦ
174 2370 262 2452 τρίτου
277 2371 350 2439 ίτους
359 2374 406 2442 τῆς
418 2366 615 2448 ἀρχιερωσύνης
626 2369 706 2428 αὐτοῦ
718 2366 834 2447 ἐξειργά·
885 2390 952 2449 quas
980 2388 1008 2427 se
1029 2363 1302 2442 hahtispedeclartt
1323 2385 1394 2426 anno
1423 2364 1502 2426 terlio
1521 2366 1629 2426 arehie-

60 2464 216 2532 σατσ,ἀλλά
229 2462 266 2543 μὴ
284 2463 380 2544 ὁτέρων
393 2464 472 2521 τινῶν
486 2460 560 2544 παρά
573 2459 671 2528 ταύτας
681 2459 771 2533 (οὔπω
781 2460 835 2542 γάρ
852 2477 872 2526 Β
886 2463 1042 2545 piscopatns
1056 2460 1109 2521 sui.
1122 2457 1257 2519 flomssias
1269 2477 1335 2521 veto
1353 2457 1381 2518 in
1395 2458 1530 2521 Genesim
1538 2479 1632 2541 quen·

60 2563 141 2618 τοῢτο
160 2555 273 2634 ἔγνων),
293 2556 373 2626 δῆλον
392 2552 434 2614 ότι
457 2553 503 2612 καί
521 2551 620 2620 ταύτας
638 2550 835 2633 ἀρχιερατεύων
887 2554 988 2616 donam
1001 2550 1198 2635 pronuntiarit,
1211 2550 1282 2611 scite
1300 2568 1354 2625 nott
1374 2568 1529 2633 possumus.
1545 2550 1633 2619 Gn!-

62 2647 259 2722 κατεσκεύασε,
272 2645 321 2713 τάς
336 2644 383 2724 μέν
397 2645 484 2724 κζ’τῇ
499 2649 698 2724 τεσσαρακοστῇ
713 2649 759 2703 τοῦ
775 2645 836 2703 δεύ-
888 2667 950 2708 rum
963 2649 1002 2705 an'
1018 2644 1047 2705 in
1063 2643 1195 2724 vigesimo
1211 2656 1307 2705 octavo
1320 2662 1441 2711 sermone
1455 2642 1565 2705 illarum
1578 2644 1629 2705 ho·-

61 2741 139 2821 τίρου
157 2740 245 2814 ἔτους,
264 2738 311 2805 τάς
324 2737 352 2798 dl
366 2736 460 2803 λοιπάς
480 2733 521 2795 λδ
534 2737 562 2794 ἐν
575 2740 616 2816 τῷ
636 2735 755 2816 τετάρτῳ
773 2736 835 2796 ἐστι.
888 2737 1029 2800 miliarum
1047 2735 1200 2797 meminerit
1213 2756 1280 2815 quas
1293 2736 1373 2797 tertio
1385 2734 1634 2822 etffiep’ueopatus

62 2829 99 2889 Ἥ
117 2829 145 2888 δέ
164 2830 259 2911 φράσις
284 2833 364 2888 αὐτοῦ
388 2828 458 2906 μετὰ
473 2832 522 2899 τῆς
543 2829 669 2898 συνήθους
692 2827 838 2909 σαφηνείας
889 2831 932 2892 ναί
946 2851 1016 2890 anno
1029 2827 1163 2903 emisit*,
1177 2848 1211 2887 an
1226 2827 1341 2888 aliarum
1353 2820 1446 2889 eadem
1459 2828 1550 2902 dere,
1567 2851 1634 2890 non·
1670 2849 1755 2900 ντςς.

63 2922 110 2982 καί
123 2921 302 3003 καθαρότητος
323 2921 370 2982 καί
389 2921 420 2981 τδ
440 2920 562 3001 λαμπρόν
576 2920 623 2979 καὶ
642 2920 731 3002 ιύρουν
751 2919 837 2980 ἐνδεί-
889 2922 957 2983 dum
970 2922 1039 2982 scire
1053 2920 1139 3002 potui.
1154 2921 1256 2999 Utique
1272 2941 1336 2980 cum
1355 2921 1573 3004 archiepiscopus
1587 2925 1632 2982 es-
1644 2914 1759 2965 Μέθη·

64 3038 170 3088 κνυται,
192 3015 224 3073 τὸ
247 3014 379 3094 πολύχουν
405 3018 457 3072 τῶν
478 3011 635 3090 νοημάτων,
653 3012 699 3071 καί
712 3011 760 3086 τήν
784 3015 837 3071 τῶν
891 3030 940 3089 set,
948 3015 998 3075 has
1007 3014 1208 3094 edidit3nempe
1217 3013 1315 3093 viginti
1325 3028 1427 3094 septem
1439 3015 1466 3073 in
1476 3012 1634 3095 Quadiage·
1644 2983 1758 3094 πῂ
1792 3050 1802 3075 ι

64 3105 289 3186 espicopatu
319 3104 538 3184 προσθυῑστᾶτην
567 3103 691 3185 εὐπορίαν
721 3127 838 3164 wanno·
890 3110 958 3169 sima
972 3105 1081 3168 meandi
1095 3105 1173 3180 anni,
1190 3115 1373 3166 catenesiam
1389 3107 1499 3186 triginta
1517 3090 1750 3186 quatuoioumuu
1788 3118 1796 3139 ³

66 3197 204 3276 φαίνουσα·
218 3196 387 3256 ’mmm
408 3196 437 3254 δὲ
453 3195 525 3274 itm
537 3199 586 3267 τῆς
600 3199 627 3255 ἐν
649 3204 708 3263 ταῖς
723 3195 840 3277 Πράξεσι
858 3231 861 3236 ,
891 3221 961 3260 anno
976 3213 1083 3278 quarto.
1097 3197 1188 3256 Dictio
1199 3211 1289 3257 autem
1301 3197 1375 3256 illius
1386 3220 1435 3279 pro
1445 3179 1751 3281 morope1·spi-T⁹¹¹¹‘¹‘¹¹·
1766 3190 1785 3213 '⁸

67 3288 188 3367 φράσεως
215 3288 258 3348 ἐπί
281 3289 311 3347 τὸ
334 3287 518 3367 ταπεινότερον
545 3286 764 3365 ἀπενηνεγμένη,
780 3288 841 3348 όσον
859 3313 943 3369 pena
955 3306 980 3351 et
996 3311 1065 3371 pura
1076 3335 1085 3364 ,
1098 3287 1238 3369 splendida
1259 3310 1367 3367 quoque
1387 3304 1414 3349 et
1435 3305 1531 3371 sponte
1550 3293 1640 3365 sstten!

68 3384 122 3440 τῶν
139 3383 174 3447 είς
191 3380 235 3439 τδν
253 3380 399 3439 ἀπόστολον
410 3383 555 3462 ἐρμηνειιῒνν
568 3379 615 3438 καί
629 3379 669 3439 ίτι
680 3383 734 3439 τῶν
748 3383 785 3447 εἰς
797 3379 842 3440 ehu
893 3397 951 3462 est,
965 3383 1080 3454 multam
1093 3401 1220 3440 sensuum
1240 3381 1397 3440 varietatem
1411 3395 1437 3441 et
1450 3383 1637 3462 exemplorum

66 3473 195 3553 ψαλτῆρα
215 3471 414 3550 ὑπομνημάτων
434 3477 452 3544 ἡ
473 3474 501 3531 ἐν
511 3478 569 3537 ταῖς
582 3470 716 3551 Πράξεσιν
735 3470 843 3533 ύπσλεί-
894 3475 1077 3557 eopiam'apte
1090 3485 1245 3533 contexens.
1260 3473 1349 3530 Tanto
1367 3486 1455 3532 tamen
1467 3474 1638 3553 ¹inferiorest

70 3587 161 3626 πεται.
179 3565 325 3644 Πανταχοῧ
347 3561 400 3644 γὰρ
415 3570 470 3629 τοῖς
484 3560 575 3642 λόγοις
592 3566 671 3624 αὐτοῦ
684 3564 716 3624 τὸ
728 3563 843 3645 καθαρὸν
894 3567 1000 3641 dictio,
1014 3567 1043 3627 in
1063 3564 1168 3625 humile
1182 3563 1308 3647 loquendi
1324 3585 1408 3644 genus
1428 3565 1556 3647 delapsa,
1567 3568 1639 3650 stylo

70 3655 117 3716 ital
137 3655 260 3736 λαμπρὸν
281 3654 328 3715 καί
350 3654 552 3734 εύκρινδςμετδ
569 3661 615 3716 τοῦ
629 3655 704 3727 ἡδέος
718 3679 847 3738 τεχνουρ·
895 3659 1078 3721 Homiliarnm
1091 3657 1119 3716 in
1133 3661 1217 3730 Acta,
1234 3672 1335 3735 quanto
1355 3658 1412 3718 istae
1430 3680 1446 3717 a
1462 3661 1638 3721 Commenta-

69 3751 135 3826 γῶν,
149 3747 249 3814 τούτοις
263 3770 294 3806 τε
307 3750 419 3806 ἐνταῦθα
435 3745 554 3825 μάλιστα
572 3747 729 3827 διαπρέπει,
744 3748 791 3807 καὶ
808 3739 946 3842 effluis
959 3752 988 3811 in
1003 3749 1163 3832 Apostolum
1177 3744 1204 3808 et
1215 3748 1243 3808 in
1256 3749 1376 3810 Psalmos
1387 3766 1558 3832 superantur.
1573 3753 1640 3814 Ubi-

70 3843 125 3900 τῶν
150 3840 375 3919 παραδειγμάτων
396 3839 525 3922 εθπσρίιγ,
543 3839 589 3901 καί
609 3843 643 3921 τῇ
661 3845 715 3900 τῶν
729 3843 845 3919 ἐνθυμη-
896 3866 950 3925 que
964 3846 1036 3904 enim
1050 3843 1078 3903 in
1100 3841 1227 3924 operibus
1249 3841 1306 3901 suis
1326 3841 1460 3923 puritate,
1480 3845 1640 3926 splendore,

74 3930 165 4009 μάτων
184 3929 311 4014 ἀφθονία,
322 3931 381 4004 καί,
396 3930 483 3991 είπου
496 3929 566 4004 δέοι,
578 3932 625 3993 καί
638 3931 846 4006 &aedesseni
897 3937 1042 4017 sagacitate
1055 3957 1116 3994 cum
1131 3934 1264 3994 suavitate
1277 3936 1418 4016 conjuncta
1431 3952 1513 4015 atque
1525 3932 1642 4000 artificio

72 4025 180 4097 ἅπλῶς,
198 4023 267 4083 ἐντι
285 4023 373 4098 λέξει,
386 4024 433 4083 καί
452 4025 584 4105 συνθήκῃ,
606 4023 653 4084 καί
668 4025 783 4108 μεθόδῳ,
798 4026 845 4085 καί
898 4049 963 4086 usus
974 4039 1033 4101 est;
1048 4026 1075 4084 in
1089 4025 1133 4084 his
1144 4023 1264 4083 maxime
1273 4027 1472 4086 commentariis
1484 4028 1644 4109 hujusmodi
1691 4009 1696 4020 ⁸

72 4115 202 4192 νοήμασι,
224 4114 270 4173 καί
294 4119 327 4195 τῇ
354 4115 423 4193 άλλη
450 4119 619 4196 κατασκευῇ,
640 4115 738 4197 ἀριστα
763 4117 845 4178 τάσδε
898 4115 1020 4199 splendet
1033 4115 1212 4190 ornamentis,
1225 4117 1410 4197 exemplorum
1432 4119 1572 4196 ubertate,
1593 4146 1643 4183 en-

73 4205 480 4287 τδιςσυγγραρίιςὸπιστήσατο.
771 4275 773 4278 ,
849 4249 852 4253 .
899 4212 1096 4292 thyntematum
1112 4210 1207 4291 copia,
1226 4210 1371 4286 et,sicuhi
1393 4232 1462 4303 opus
1485 4229 1542 4287 ost,
1563 4217 1645 4276 otiam
1693 4216 1696 4223 ’

899 4303 1050 4383 gravitate:
1065 4316 1159 4381 atque,
1175 4316 1204 4361 ut
1220 4322 1273 4360 uno
1287 4302 1370 4360 verbo
1385 4302 1496 4381 loquar,
1506 4306 1642 4381 dictione,

900 4393 1115 4468 constructione,
1138 4392 1288 4467 methodo,
1310 4394 1463 4465 sententiis,
1486 4417 1518 4454 ac
1542 4398 1645 4476 reliquo

900 4500 1033 4569 apparatu
1047 4531 1055 4560 ,
1068 4485 1117 4544 has
1130 4484 1313 4565 expositiones
1327 4484 1427 4543 eximie
1440 4488 1556 4547 ornavit.

117 4572 196 4634 Ἀλλά
214 4573 262 4643 τὰς
283 4573 330 4654 μέν
350 4576 387 4641 εἰς
401 4572 614 4634 τδνἈπόστολον
628 4573 700 4636 ἐστιν
719 4575 746 4644 ἐξ
761 4580 847 4637 αὐτῶν
944 4578 988 4637 Ex
1013 4577 1080 4657 ipsis
1101 4597 1181 4657 porro
1201 4576 1407 4635 Commentariis
1431 4577 1459 4636 in
1485 4584 1645 4662 Apostolum

74 4666 183 4727 ἐκείνων
207 4669 363 4745 ἐπιγνῶναι,
386 4667 462 4727 ποῖαί
484 4690 514 4726 τε
540 4669 626 4727 «tenu
652 4670 678 4727 ἐν
694 4668 849 4750 Ἀντιοχείᾳ
902 4669 1045 4729 internosci
1064 4681 1169 4749 potest,
1185 4667 1295 4746 quinam
1310 4666 1346 4725 ab
1367 4688 1399 4727 eo
1415 4670 1564 4732 Antiochiae
1586 4677 1646 4735 ela·

75 4756 239 4839 διατρίύοντι
252 4757 455 4831 ἐξεπονήθησαν,
469 4759 498 4819 el
510 4759 557 4818 καί
573 4761 674 4836 μᾶλλον
688 4760 848 4839 διηκρίόων-
901 4761 990 4821 borati
1013 4759 1134 4833 luerint,
1155 4758 1219 4836 qnia
1235 4770 1296 4816 sunt
1312 4756 1470 4838 diligentius
1493 4778 1520 4823 et
1536 4787 1649 4827 accura-

75 4874 141 4922 ται,
157 4849 202 4908 καί
221 4858 295 4913 ποῖαι
319 4849 534 4933 ἀρχιερατεύοντι
556 4851 732 4926 ἐποιήθησαν·
746 4851 795 4921 τάς
820 4852 849 4913 δδ
903 4853 957 4912 tius
976 4849 1099 4911 adornati
1105 4873 1115 4927 3
1138 4863 1165 4908 et
1188 4851 1318 4927 quinam,
1334 4848 1403 4910 dum
1427 4854 1647 4939 archiepiscopus

77 4946 116 5009 εἷς
129 4941 189 5008 τοὺς
209 4940 344 5019 Ψαλμσδς
366 4940 438 5001 σύπω
452 4941 566 5023 ἔσχομεν
580 4940 643 5003 ὁσον
656 4948 715 5004 καθ’
730 4944 849 5025 ίστορίαν
869 4974 887 5020 p
904 4958 990 5020 esset,
1012 4941 1164 5002 concinnati
1189 4940 1290 5001 fuerint
1301 4965 1307 4999 :
1320 4943 1533 5008 Commentarios
1557 4965 1647 5010 autem

76 5036 187 5116 γνῶναι·
202 5031 273 5104 πλὴν
288 5032 312 5091 el
322 5055 363 5099 τις
372 5030 420 5104 τήν
436 5033 546 5111 δύναμιν
559 5035 606 5094 καί
618 5035 667 5109 τὴν
684 5037 769 5110 ἀλλην
784 5041 849 5119 ἀρε·
905 5039 933 5098 in
966 5035 1086 5096 Psalmos
1109 5034 1283 5114 quandonam
1311 5036 1415 5109 lecerit,
1440 5039 1509 5098 scitu
1535 5040 1649 5103 difficile

78 5126 129 5198 τήν
141 5132 187 5186 τοῦ
201 5125 279 5204 λόγου
295 5125 446 5202 θαυμάζων,
457 5128 620 5206 σχολάζοντα
641 5129 718 5189 αὐτὸν
736 5132 851 5209 μᾶλλον,
905 5144 959 5207 est;
972 5129 1024 5189 nisi
1050 5128 1112 5208 quis
1138 5129 1250 5189 fortasse
1275 5127 1392 5205 dixerit,
1402 5129 1460 5197 vim
1472 5145 1497 5191 et
1520 5150 1668 5214 μεταίτιοι·

79 5220 182 5280 ἀλλὀὐ
192 5217 332 5297 πράγμασι
344 5224 438 5284 κοινοῖς
449 5218 772 5298 ἐνστρερόμενον,ταύταςΙ
786 5223 851 5303 φαίη
906 5224 972 5284 tiam
986 5221 1116 5282 sermonis
1130 5224 1263 5293 miratus,
1283 5222 1372 5303 ipsum
1386 5225 1476 5303 potius
1492 5227 1519 5286 in
1535 5231 1592 5290 otio
1602 5232 1650 5292 de·

80 5307 284 5390 ἐξεργάσασθαι.
302 5311 337 5369 Εἰ
351 5309 380 5368 δέ
389 5332 450 5367 τινα
462 5313 516 5368 τῶν
532 5310 662 5389 putiani
675 5314 852 5392 ἐρμηνείας,ή
907 5331 1034 5401 gentem,
1049 5336 1132 5393 quam
1155 5315 1183 5373 in
1205 5313 1324 5396 publicis
1346 5330 1497 5376 versantem
1519 5324 1656 5400 negotiis,

83 5399 247 5482 βραδυτέρας
267 5399 378 5481 θεωρίας
394 5398 518 5480 δεόμενα,
533 5404 580 5464 οὐκ
600 5405 732 5483 ἐπιμελῶς
745 5407 854 5480 ineffl-
909 5412 968 5471 haec
981 5407 1111 5471 emisisse.
1124 5407 1153 5468 si
1165 5430 1219 5487 qua
1232 5420 1323 5468 autent
1336 5405 1428 5489 dicta,
1444 5430 1504 5540 qqap
1517 5414 1561 5474 vel
1570 5416 1654 5478 inter·
