3714 5970
146 524 214 600 152
619 542 649 591 s.
679 542 821 592 rotante
846 540 1085 593 crrntsosronr
1112 538 1208 605 vrrs,

96 668 228 737 ssoalium
241 674 299 756 ejus
311 670 535 736 commentarium
551 668 654 749 rideas,
667 669 715 728 uhi
727 669 793 729 huic
805 689 882 729 amo·
938 666 1082 739 vinxerat,
1098 664 1194 725 nuntia
1207 666 1278 725 fama
1297 686 1346 746 pcr
1365 664 1508 727 Oricum
1533 673 1621 725 totum
1639 681 1685 723 no·

142 768 231 829 vendo
248 767 318 827 malo
334 787 425 849 parent
438 763 593 825 insumserit
605 783 725 843 operam.
738 761 818 821 Unde
838 761 885 821 in-
937 757 1075 821 tissimum
1089 759 1195 819 lecerat.
1209 759 1314 823 Accidit
1324 771 1416 818 autem
1430 755 1683 836 ‹DNcctariuqqui

143 863 213 920 seras
223 872 322 942 pestem
332 857 408 917 illam
422 855 573 916 manavissc
587 855 615 915 in
629 853 687 914 dies
698 853 796 926 latius;
807 853 884 912 mul·
939 873 1009 911 anno
1028 855 1082 913 sat
1102 852 1235 931 Gregorio
1254 850 1422 911 Nazianrcno
1443 862 1620 923 successerat,
1629 826 1706 933 φί-Ιξ

145 967 240 1031 tosque
252 965 316 1011 tunc
338 950 436 1026 luisse,
451 948 499 1027 qui
520 948 637 1007 aliorum
658 944 804 1027 dispendio
829 966 886 1004 rem
940 965 1091 1025 scopusque
1107 943 1420 1025 Constantinopolitanae
1439 943 1565 1004 adlectus
1585 940 1706 1013 lucratu

144 1068 221 1107 suam
244 1046 342 1125 augere
365 1043 525 1115 studerent,
547 1062 686 1121 novosque
708 1040 888 1100 insurrexisse
940 1058 1011 1095 anno
1022 1035 1187 1111 sanaim
1202 1036 1379 1118 Septembris,
1390 1036 1449 1099 rita
1460 1036 1581 1111 luamus,
1597 1033 1678 1095 sedem

145 1138 277 1219 quotidie,
299 1137 348 1218 qui
369 1137 422 1197 hac
445 1135 594 1219 cupiditate
608 1134 698 1216 capti,
721 1132 748 1193 in
770 1133 888 1193 aliorum
941 1146 1081 1193 vacantem
1099 1130 1271 1210 relinqueret.
1284 1129 1473 1205 Tuncmulti,
1486 1130 1627 1211 quitantia
1638 1096 1703 1189 oe·p

145 1254 210 1314 opes
227 1230 386 1292 involarent.
942 1225 1072 1306 carpendae
1099 1223 1172 1286 sedis
1187 1222 1336 1306 cupiditate
1352 1224 1531 1305 flagrabant,
1545 1223 1615 1285 nihil
1629 1244 1673 1283 aon

188 1327 307 1405 Eratque
325 1322 401 1383 aliud
420 1322 508 1382 morbi
528 1342 631 1402 genus,
644 1322 731 1401 magis
752 1320 889 1403 periculo-
942 1333 1053 1398 egerunt
1067 1334 1097 1379 ut
1108 1332 1230 1401 aptatum
1242 1334 1464 1399 assequerentur-3
1480 1317 1530 1379 alii
1543 1318 1671 1401 magistra·

147 1438 222 1489 sum,
236 1416 309 1496 qnod
330 1429 395 1474 tanc
412 1414 495 1473 latias
515 1412 695 1494 grassabatur.
707 1412 890 1492 Praetigiato·
943 1413 1018 1473 tibus
1031 1412 1181 1485 adulantes,
1195 1412 1243 1473 alii
1257 1412 1337 1473 donis
1351 1432 1384 1473 ac
1397 1412 1557 1473 muneribus
1572 1412 1668 1473 adhibi·

147 1530 210 1569 rnm
225 1529 321 1589 nempe
339 1526 485 1585 corumque
498 1505 544 1584 qni
565 1504 622 1565 lato
635 1520 662 1565 et
674 1505 764 1585 genesi
778 1526 825 1564 sen
840 1525 890 1583 ge·
943 1506 990 1580 tis,
1001 1505 1049 1564 alii
1064 1504 1160 1586 populi
1179 1504 1294 1584 gratiam
1307 1518 1445 1587 captantes
1462 1518 1546 1584 atque
1560 1504 1587 1565 iu
1597 1526 1664 1587 gesa

147 1601 330 1681 netblialogias
348 1599 439 1659 omnia
457 1598 626 1670 tribuebant,
638 1598 891 1679 praestigiarmnque
943 1598 1158 1679 procumbentes,
1174 1604 1393 1678 γονυπετοῦντος,
1405 1622 1421 1655 e
1436 1596 1619 1683 presbytes-im
1629 1598 1660 1659 is·

147 1714 244 1772 genera
265 1691 354 1751 omnia
378 1689 689 1767 inducebant,quarum
715 1689 825 1748 nomina
850 1689 891 1749 sie
945 1691 1002 1770 qnit
1026 1691 1182 1763 Palladius,
1207 1718 1223 1751 e
1238 1711 1291 1752 non
1316 1690 1467 1751 sacerdotio
1491 1703 1608 1769 tantu,
1626 1690 1659 1753 ttd

147 1783 194 1844 ille
204 1797 319 1843 recenset
332 1783 359 1842 in
374 1782 427 1841 line
439 1781 558 1840 homiliae
573 1780 705 1841 decimas:
720 1808 736 1837 a
750 1781 810 1840 Alia
827 1781 891 1840 mit·
944 1783 1024 1843 etiam
1044 1784 1098 1845 riri
1121 1785 1228 1845 nomine
1250 1782 1367 1865 indigni.
1385 1809 1401 1842 s
1418 1788 1453 1844 At
1465 1782 1657 1847 ochodoscn·

148 1891 175 1938 to
190 1876 285 1956 grandi
300 1875 375 1935 luctu
393 1874 490 1954 digna,
502 1874 633 1953 angaria,
647 1871 785 1943 vaticinia,
798 1874 891 1933 obser·
943 1897 1007 1958 pers
1025 1877 1154 1938 sincerior
1166 1880 1360 1960 Impemtorem
1379 1877 1656 1957 obnixe.rogahst,uh'

147 1969 281 2042 rationes,
300 1967 435 2047 genesim,
450 1965 592 2047 symbola,
611 1965 760 2045 ligamina,
775 1966 892 2026 divina·
945 1970 1059 2050 dignum
1073 1970 1176 2052 gradu,
1192 1985 1219 2032 et
1231 1970 1259 2031 in
1276 1970 1358 2031 rebus
1371 1969 1477 2030 divinis
1496 1970 1605 2051 peritum
1618 1970 1673 2033 tih'·

147 2059 250 2137 tiones,
272 2058 482 2129 incantationes,
510 2056 642 2136 magicam
672 2073 797 2120 artem.»
827 2061 892 2119 llaec
944 2062 1087 2143 praesulem
1099 2063 1281 2123 constitueret.
1293 2062 1445 2145 Eutropius
1457 2080 1523 2123 vero
1534 2062 1654 2137 euntdu,
1687 2082 1706 2145 a

146 2154 237 2214 omnia
252 2154 303 2212 isto
317 2167 438 2232 tempore
450 2150 486 2210 ita
500 2151 703 2238 exercebantur,
716 2165 891 2233 utnusquam
946 2155 1109 2236 Praepositus
1134 2155 1203 2216 sacri
1219 2155 1358 2229 cubiculi,
1372 2156 1420 2235 qui
1436 2175 1567 2216 summam
1589 2176 1654 2215 teau
1692 2190 1706 2255 p

146 2245 264 2330 reperias
276 2244 356 2304 illurn
370 2258 425 2303 tam
438 2243 590 2323 frequenter
609 2243 735 2304 morbum
750 2244 891 2326 hujusmo·
946 2244 1068 2317 tenebat,
1084 2246 1215 2307 loannem
1236 2258 1358 2304 nostrum
1373 2242 1570 2305 Antiochenurn
1589 2262 1654 2303 tara·

146 2340 175 2399 di
198 2339 391 2403 insectantem.
945 2335 1036 2396 dotem
1063 2336 1166 2396 ceteris
1183 2336 1310 2397 anteferri
1332 2336 1503 2418 peroptabat
1519 2337 1584 2399 Cum
1602 2336 1654 2397 etin

186 2434 278 2495 Aliam
297 2453 406 2511 quoque
427 2453 484 2492 rem
498 2430 667 2512 aggreditur,
681 2452 741 2510 quae
756 2443 820 2491 tunc
833 2453 892 2492 ser-
945 2429 1024 2490 illum
1038 2429 1144 2512 imperii
1160 2430 1265 2512 negotia
1280 2430 1308 2489 in
1322 2429 1478 2491 interiorem
1494 2429 1603 2491 Orientis
1612 2450 1656 2511 prr·

145 2525 226 2605 pebat
240 2524 268 2584 in
283 2524 399 2584 ecelesiae
414 2523 557 2594 damnum,
573 2523 647 2603 qnod
666 2545 762 2605 nempe
773 2525 893 2605 virgines
945 2535 1000 2582 tem
1023 2537 1193 2597 evocassent,
1206 2526 1336 2585 loannem
1353 2520 1505 2582 Antiochia
1525 2520 1656 2596 siderate

145 2620 204 2677 Deo
212 2616 308 2677 diotae
321 2617 439 2676 vestium
450 2617 535 2676 cultui
551 2617 632 2676 nimis
645 2616 797 2696 studerent,
813 2631 839 2676 et
854 2637 890 2677 ct
945 2616 1063 2690 virtute,
1075 2617 1109 2675 iis
1122 2615 1232 2677 dotibus
1252 2615 1417 2697 preditum,
1430 2634 1494 2695 quas
1505 2626 1577 2675 tantu
1588 2634 1656 2696 tape-

146 2710 251 2771 ineessu
270 2723 297 2769 ot
317 2724 415 2770 ornatu
437 2710 505 2769 viris
530 2710 637 2791 placere
651 2724 790 2791 cuperent.
816 2711 892 2785 Quid

146 2802 209 2863 inde
227 2802 320 2862 damni
336 2823 504 2863 emersuram
523 2816 605 2874 esset,
619 2824 681 2861 cum
695 2803 753 2885 ipse
766 2804 893 2885 pluribus

145 2895 324 2978 persequitur,
336 2908 396 2955 tum
415 2894 497 2954 etiam
518 2894 608 2973 quivis
631 2895 725 2955 statim
742 2896 891 2978 deprehen-

145 2989 210 3049 dere
219 2987 315 3071 possit.

18 3088 49 3133 τ.
62 3101 99 3136 rr.
112 3104 135 3149 p.
187 3080 320 3140 Homilias
330 3078 410 3139 etiarn
425 3078 453 3139 in
467 3078 620 3159 Epistulam
634 3078 669 3139 ad
683 3081 779 3140 Titum
796 3082 893 3144 Antio·

0 3175 3 3188 l
13 3151 50 3199 28·

146 3173 214 3233 chiae
228 3172 315 3233 dictas
330 3172 413 3230 luisse
432 3171 562 3252 probatur
584 3171 668 3232 exiis
688 3194 747 3251 qnae
769 3174 893 3255 Chryso·

147 3280 251 3326 stomns
264 3266 302 3325 ait
314 3265 387 3325 hom.
404 3265 424 3323 5
439 3285 513 3324 utrm.
527 3269 566 3322 a:
584 3289 599 3320 e
617 3265 693 3336 Quid
705 3266 777 3324 enirn
790 3266 825 3326 do
839 3267 893 3328 illis

147 3358 259 3434 dixeris,
274 3382 289 3414 u
306 3357 406 3436 inquit,
423 3356 493 3436 aqui
512 3378 574 3416 cum
587 3356 690 3418 ludaeis
698 3359 831 3438 jejunant,
845 3361 892 3438 qni

146 3456 258 3515 sabbata
275 3454 405 3513 serrant?
418 3452 452 3512 de
469 3452 503 3512 iis
514 3454 560 3532 qni
576 3453 612 3512 ad
626 3469 777 3514 consecrata
793 3456 839 3516 illa
854 3457 895 3518 lo·

147 3568 177 3606 ea
192 3560 326 3628 pergunt;
342 3546 370 3605 in
384 3545 530 3626 Daphnen,
545 3545 667 3623 inquam,
684 3560 765 3625 atque
788 3549 813 3607 in
829 3572 894 3631 spe·

148 3639 257 3698 laneam
271 3643 404 3699 Matrona:
418 3636 536 3711 dictam,
550 3640 578 3696 in
592 3638 681 3696 locrrm
694 3639 773 3698 illam
792 3643 894 3702 Cilicia·

149 3731 259 3793 Saturni
287 3730 478 3811 appellatum?
503 3728 639 3808 quomodo
669 3729 711 3789 illi
732 3733 790 3791 sani
809 3737 896 3795 sunt?

149 3824 211 3883 lileo
224 3822 423 3882 vehementiore
442 3822 523 3901 plaga
534 3842 601 3901 opns
612 3820 740 3883 habenta
755 3827 820 3885 llaec
834 3827 892 3887 lora

149 3916 277 3995 Daphnes
297 3928 324 3973 et
337 3915 465 3994 spelunca
481 3918 611 3974 blatronae
626 3916 652 3973 in
668 3917 816 3977 Antiochia
830 3922 894 3980 sub·

149 4006 236 4065 urhiis
257 4019 341 4065 erant.
352 4004 444 4083 Pergit
457 4017 548 4085 postea
562 4004 789 4085 Chrysostomus‚
803 4025 829 4071 et
848 4012 896 4072 ad-

135 4120 242 4181 ‚versus
262 4119 322 4171 cos,
337 4098 383 4177 qui
396 4097 525 4159 ludaicos
541 4099 610 4157 ritus
625 4097 651 4156 in
667 4101 753 4179 pretio
767 4102 896 4165 haberent

148 4193 185 4254 ad
199 4193 280 4252 finem
292 4213 375 4271 usquc
388 4191 525 4251 concionis
539 4190 672 4252 edisserit.

188 4290 220 4344 In
234 4283 308 4344 hisce
325 4284 446 4344 lromiliis
460 4284 522 4364 plus
540 4283 623 4344 studii
642 4299 668 4345 et
683 4284 832 4366 diligentia·
845 4289 896 4349 ob·

150 4398 256 4453 serres,
269 4399 351 4457 quam
365 4377 393 4436 in
413 4372 510 4436 ¹multis
530 4376 612 4449 aliis,
635 4379 724 4438 omnia
746 4380 793 4440 ille
810 4384 895 4443 fusius

150 4469 331 4549 prosequitur.
348 4467 430 4529 lnitiu
443 4469 528 4528 tertiae
542 4469 661 4529 homiliae
675 4471 709 4531 de
728 4474 894 4537 Cretensium

150 4561 225 4621 uitiis
240 4561 364 4641 pluribus
378 4560 450 4640 agit,
463 4575 490 4620 et
512 4560 540 4620 in
555 4562 663 4639 quinta,
685 4578 716 4624 ut
742 4565 768 4624 in
794 4584 894 4646 quanta

150 4653 250 4712 scelera
264 4654 424 4712 Graecorum
441 4653 607 4713 celeberrimi
631 4657 697 4716 olim
721 4663 895 4742 proruperint

150 4757 354 4820 commonstret,
370 4745 479 4804 illorum
493 4746 619 4806 historias
632 4750 720 4809 tacitis
739 4754 895 4816 nominibus

149 4837 268 4897 breviter
290 4835 419 4917 decerpit.
442 4840 474 4897 ln
494 4851 569 4897 sexta
595 4838 706 4900 homilia
728 4842 764 4902 dc
787 4844 895 4908 duobrrs

149 4928 322 5006 Christianis,
338 4928 385 5007 qui
403 4948 452 5009 pro
467 4928 576 4988 Christo
591 4935 754 5013 martyriam
769 4938 890 5011 subiere,

147 5024 236 5083 tacitis
247 5023 328 5083 etiarn
343 5022 498 5082 nominibus
511 5022 568 5101 agit
583 5047 590 5081 a
604 5046 663 5104 quae
677 5026 789 5089 historia
803 5032 893 5092 nescio

146 5134 182 5174 an
198 5113 303 5193 uspiam
314 5112 381 5171 alibi
393 5112 552 5195 reperiatur.

185 5207 305 5265 Tantum
315 5204 423 5264 dicendi
434 5204 564 5264 artilioem
574 5248 584 5277 ,
600 5205 648 5284 qui
660 5227 714 5267 non
725 5208 815 5271 minus
830 5214 891 5293 pie-

143 5306 199 5361 are
212 5312 294 5377 atque
306 5299 369 5357 vite
382 5298 574 5374 sanctimonia,
585 5320 668 5379 quam
687 5302 828 5379 facundia,
842 5328 892 5387 po·

143 5390 240 5473 pulum
259 5390 454 5450 Antiochenam
470 5403 497 5451 et
509 5389 646 5453 auditores
658 5412 750 5457 omnes
771 5396 824 5458 sihi
842 5397 890 5471 dc,-

946 2708 1028 2769 sendo
1043 2709 1148 2769 muneri
1159 2730 1253 2792 parem
1263 2708 1419 2772 redderent.

985 2801 1121 2872 Quoniam
1134 2823 1199 2861 vero
1213 2802 1363 2861 timendum
1376 2800 1488 2861 omuino
1506 2812 1572 2875 crat,
1582 2798 1661 2861 nelo·

946 2894 1086 2956 tiochenns
1098 2899 1225 2978 populus,
1242 2896 1292 2975 qni
1307 2896 1404 2958 Joanni
1417 2916 1483 2957 vere
1495 2894 1680 2977 Chrysustomt.

946 2986 1095 3047 admodum
1113 2988 1238 3048 addictus
1258 3002 1332 3061 erat,
1351 2989 1429 3049 illum
1450 2988 1505 3049 sibi
1517 2988 1599 3071 abripi
1610 3008 1664 3069 egre

947 3094 1100 3162 pateretur,
1116 3101 1184 3142 nere
1202 3082 1231 3140 in
1247 3080 1368 3141 discessu
1381 3083 1440 3163 ejus
1454 3081 1585 3142 tumultus
1595 3080 1665 3141 eond-

947 3186 1065 3250 tarctur3
1077 3195 1140 3234 cum
1152 3175 1234 3234 etiam
1249 3195 1301 3234 non
1317 3174 1407 3233 minus
1422 3174 1593 3235 metuendum
1603 3186 1664 3247 esse,

947 3288 981 3326 ne
993 3270 1109 3329 loannes
1123 3267 1181 3349 ipsc
1192 3283 1266 3328 tanto
1279 3290 1307 3327 se
1320 3266 1407 3347 gradu
1425 3266 1568 3346 indignum
1579 3278 1666 3348 putans,

947 3360 1215 3440 subterlargcmt5his
1236 3360 1401 3442 prospiciens
1426 3359 1574 3439 Eutropius
1594 3360 1668 3440 lmpe·

947 3452 1030 3512 ratori
1046 3467 1140 3512 auctor
1153 3453 1205 3512 luit
1213 3502 1221 3530 ,
1235 3468 1267 3513 ut
1282 3452 1316 3513 ad
1338 3453 1473 3513 Comitem
1486 3452 1603 3513 Orientis
1614 3450 1667 3511 stri·

946 3547 1032 3622 beret,
1045 3547 1175 3628 illumque
1186 3549 1296 3629 juberet
1312 3545 1484 3607 Antiochiam
1498 3543 1635 3627 proficisci,
1646 3556 1669 3601 u

948 3653 1005 3699 arte
1028 3640 1146 3719 quadarn
1174 3644 1304 3703 loannem
1331 3641 1389 3699 sine
1413 3640 1530 3721 strepitu
1551 3650 1670 3707 cremat,

948 3733 1092 3813 ipsumque
1105 3733 1364 3815 Constantinopolim
1378 3732 1511 3792 mitteret.
1526 3734 1617 3793 Comes
1629 3742 1669 3789 stt·

949 3826 1018 3899 tim,
1031 3825 1147 3907 acceptis
1161 3825 1262 3900 literis,
1276 3827 1407 3886 loannem
1422 3823 1547 3883 hortetur
1567 3837 1596 3884 ut
1610 3834 1671 3882 extra

948 3915 1085 3976 civitatem
1099 3917 1135 3977 ad
1150 3917 1280 3999 martyria
1292 3916 1516 3977 secoaleratAEo
1529 3938 1589 3977 οιωι
1599 3916 1671 3976 vnis

949 4023 987 4067 set
1001 4010 1069 4069 nihil
1080 4011 1209 4070 dubitans
1221 4012 1347 4084 loannes,
1361 4010 1444 4071 militi
1457 4010 1567 4071 cuidam
1580 4008 1614 4069 ad
1625 4026 1671 4067 eant

948 4122 1004 4161 rem
1020 4103 1101 4162 misso
1119 4102 1252 4177 traditur,
1268 4116 1295 4163 et
1309 4103 1398 4163 rhedas
1412 4103 1532 4186 publice
1550 4102 1672 4185 impositus

950 4195 1211 4277 Constantinopolim
1223 4195 1380 4257 adducitur.

990 4285 1042 4349 lllo
1054 4301 1162 4346 venerat
1175 4286 1211 4346 ad
1220 4289 1351 4351 loannem
1360 4286 1545 4348 ordinandum
1552 4282 1671 4367 Theophi-

948 4383 991 4441 lus
1007 4378 1206 4439 Alexandrinus
1219 4379 1329 4461 praesul,
1344 4378 1426 4443 homo
1440 4381 1518 4441 valer
1529 4395 1554 4440 et
1567 4376 1672 4441 affidas

950 4473 997 4552 qni
1011 4494 1047 4532 ex
1061 4487 1168 4553 aspectu
1186 4473 1243 4534 solo
1259 4472 1399 4531 hominum
1420 4474 1534 4534 consilia
1547 4487 1573 4534 et
1590 4470 1672 4551 ingenii

949 4565 1025 4625 dotes
1046 4579 1167 4624 noverat.
1181 4566 1209 4624 ls
1223 4580 1360 4646 perspecta
1379 4567 1496 4627 ,loannis
1513 4566 1634 4645 loquendi
1648 4562 1672 4621 ti-

949 4660 1062 4730 bertate,
1076 4658 1238 4735 constantia,
1253 4658 1369 4732 rirttrte,
1379 4659 1469 4738 ipsum
1484 4659 1557 4719 votis
1569 4659 1623 4719 suis
1633 4676 1673 4717 aot

948 4752 1195 4831 obtemperaturum
1232 4773 1288 4811 esse
1321 4750 1508 4832 prospiciens;
1541 4746 1674 4833 imperandi

950 4846 1021 4905 enim
1040 4843 1169 4925 cupidine
1192 4845 1351 4919 tenebatur}
1365 4844 1424 4925 ejus
1444 4843 1608 4904 ordinationi
1618 4840 1676 4903 olei·

949 4938 1046 4999 stabat.
1056 4940 1095 4997 Ut
1109 4958 1172 4997 vero
1189 4936 1243 4996 sibi
1256 4936 1445 5015 obsequentem
1460 4936 1489 4997 in
1507 4934 1677 4997 Ceastantino·
1693 4952 1706 4995 t

949 5030 1069 5110 politana
1079 5030 1141 5090 sede
1151 5029 1306 5112 episcopum
1319 5029 1441 5099 haberet,
1451 5029 1591 5091 lsidorum
1598 5028 1701 5092 Fece-⁹

947 5124 993 5183 sie:
1006 5146 1061 5183 suae
1074 5122 1280 5205 presbyterum,
1292 5142 1373 5201 quem
1382 5121 1440 5199 lille
1454 5122 1574 5209 Nectarii
1587 5142 1681 5183 sueces-

946 5238 1034 5277 sorem
1049 5216 1217 5291 destinabat,
1229 5214 1482 5297 Constantinopolin
1494 5212 1587 5293 misit,
1596 5234 1684 5277 muue-

946 5308 1025 5368 ribus
1047 5306 1205 5389 Imperatori
1224 5305 1369 5366 ollerendis
1389 5304 1520 5387 binisque
1539 5306 1626 5369 literis
1649 5306 1686 5369 in·

946 5415 1088 5464 structum.
1098 5404 1203 5467 Verum
1215 5404 1312 5462 hector
1324 5398 1373 5478 qui
1387 5397 1480 5481 ipsum
1494 5400 1686 5477 comitabatur,
