3714 5970
100 1026 121 1058 ι.
135 1015 196 1060 που.
215 1015 240 1063 6.
252 998 402 1078 net,juxta
418 997 514 1073 illum,
529 999 576 1077 qui
594 1001 650 1058 ait:
664 1001 761 1057 nauta
782 1002 909 1057 oiirm'um
925 1016 990 1054 ma-

776 492 778 496 ⁴
860 497 1020 549 pantanu
1045 459 1211 549 ntttonus

162 494 167 504 ·
243 463 300 546 '58

252 624 287 684 ab
300 624 418 707 eoquod
434 640 473 687 est
485 627 645 688 horribilius
656 628 704 688 liat
718 627 865 707 inquisitio.
880 626 911 687 Si
922 623 995 686 enim
1046 629 1087 708 τῷ
1097 624 1254 708 Ἀντωνίνηι·
1269 624 1296 685 τί
1311 624 1398 708 λίγεις
1417 626 1482 708 πρὸς
1495 634 1594 702 ταῦτα,
1609 630 1705 711 άδελρθ
1718 630 1814 692 Ἀντω-

252 717 325 778 illud
338 718 478 780 inventum
491 721 571 779 suerit
581 743 693 797 verum,
707 722 799 782 nullus
814 721 849 781 de
859 719 995 801 capitibus
1048 717 1281 798 νῖνε;’ίίρνήσατο
1301 715 1330 788 ἐξ
1349 718 1475 796 ἀνάγκης.
1495 723 1559 791 Πῶς
1583 721 1635 803 γάρ
1656 714 1710 783 οἶόν
1734 748 1764 784 τε
1784 728 1813 784 ίκ

252 810 365 890 reliquis
383 812 434 872 erit
452 812 649 872 contradicendi
672 815 749 873 locus
760 838 766 871 :
779 835 842 874 cum
861 813 935 893 illius
949 832 995 869 ca·
1009 868 1035 908 ω
1047 810 1194 890 προοιμίων
1217 810 1302 871 αὐτῶν
1322 809 1370 885 τλν
1394 811 1462 873 ίδίαν
1485 814 1613 896 αίσγύνην
1632 818 1809 895 ὁμολογῆσαι,

251 904 316 984 pitis
330 905 409 964 radix
424 925 531 964 omnem
545 905 695 984 iniquitatis
708 907 824 987 speciem
842 903 992 987 progermi·
1010 926 1030 971 Α
1046 903 1239 985 ἸΙρωτίθηααν
1250 909 1275 965 οἱ
1287 904 1440 977 δεδοικότες,
1452 907 1602 987 ἠρνήσαντο
1612 910 1739 970 κάκεῖνοι.
1750 908 1811 971 Ἐπί

1044 997 1145 1064 τούτοις
1169 997 1302 1075 ἱπίμελῶς
1324 1001 1372 1070 τῆς
1394 997 1537 1067 ἐξετάσεως
1556 999 1696 1080 γινομένης
1720 1002 1811 1082 μέχρις

250 1089 345 1148 lorum
363 1104 403 1149 est
418 1096 557 1150 avaritia.
579 1078 723 1163 Qui‘euim
745 1113 825 1172 super
838 1091 991 1150 innocentes
1044 1086 1115 1170 ώρας
1129 1089 1237 1168 ὀγδόης,
1251 1094 1282 1150 ἐκ
1294 1090 1446 1173 τεκμηρίων
1456 1094 1536 1151 τινῶν
1549 1094 1697 1173 ίμοριρῶτο
1709 1097 1727 1165 ἠ
1740 1094 1807 1166 δίκη.

248 1202 359 1241 munera
372 1185 491 1264 accepit.
505 1197 532 1242 et
544 1184 663 1265 Spiritus
674 1186 757 1244 sancti
771 1184 990 1244 distributionem

246 1288 356 1354 argento
380 1274 495 1334 vendere
516 1296 568 1334 non
590 1274 728 1335 dubitavit
741 1300 747 1332 :
760 1298 814 1354 quo
837 1289 916 1357 pacto
932 1276 990 1355 jam

246 1379 339 1447 parcet
353 1366 436 1426 sacris
449 1366 522 1425 vasis
536 1380 582 1427 aut
595 1367 733 1448 lapidibus
751 1382 798 1427 aut
817 1368 927 1449 prandiis
944 1387 989 1426 ce·

247 1457 356 1517 clasiae?
366 1459 446 1517 Titne
456 1461 571 1521 loannes
580 1461 755 1539 quaestionmu
767 1460 886 1531 inchoat,
898 1459 989 1519 diceus

246 1550 383 1610 Antonino
397 1549 492 1623 :Quid
512 1550 547 1609 ad
562 1552 619 1611 baec
633 1551 717 1625 dicis,
733 1554 814 1612 lratee
832 1551 989 1611 Antonine?

246 1642 363 1723 Negavit
374 1644 421 1703 ille
432 1643 587 1704 necessario.
601 1644 744 1720 Quomodo
755 1645 826 1704 enim
838 1658 925 1725 posset
937 1643 989 1703 sub

1045 1183 1197 1261 Καταληγει
1210 1181 1245 1242 τδι
1258 1187 1395 1244 τελευταῖα
1403 1231 1411 1259 ,
1419 1189 1456 1252 ὡς
1469 1184 1551 1260 είκδς,
1565 1189 1603 1255 είς
1617 1186 1763 1266 μάρτυρας,
1771 1190 1809 1268 ἐρ’

1044 1264 1081 1333 διν
1090 1273 1137 1333 καί
1149 1274 1280 1335 δεδώκασι
1290 1277 1336 1336 καί
1350 1275 1466 1358 είληρεν.
1478 1280 1519 1338 Οὐ
1533 1283 1660 1357 παρῆσαν
1671 1280 1696 1339 οἱ
1709 1278 1808 1361 μάρου·

1044 1389 1095 1446 ρος·
1106 1366 1185 1448 χρεία
1193 1367 1295 1448 γίνεται
1304 1373 1351 1442 τῆς
1363 1369 1462 1430 τούτων
1473 1371 1674 1453 παραστάσεως.
1683 1370 1809 1433 ’Ammi-

1042 1460 1095 1538 ψας
1103 1462 1139 1526 είς
1147 1459 1178 1519 τὸ
1187 1461 1299 1538 ἐργῶδες
1310 1465 1358 1532 τῆς
1369 1462 1563 1542 παραστάσεως
1574 1468 1589 1522 δ
1600 1464 1737 1539 Ἰωάννης,
1745 1488 1808 1545 προ-

1043 1557 1163 1630 θυμεῖται
1183 1552 1228 1611 ἐπὶ
1247 1558 1407 1635 καθαρισμῷ
1423 1554 1644 1629 τῆςἸίκκλησίας
1662 1558 1709 1616 καί
1727 1559 1808 1638 ρειδοί

1041 1645 1094 1702 τῶν
1118 1644 1273 1725 μαρτύρων,
1294 1648 1327 1705 δι’
1345 1650 1438 1707 ἑαυτοῦ
1463 1648 1676 1729 παραγενόμενος
1700 1651 1738 1717 εἰς
1760 1648 1806 1723 τὴν

246 1734 389 1795 exorabam
400 1739 490 1818 ipsum
498 1738 681 1796 confusionem
691 1760 767 1797 suam
781 1738 925 1797 confiteri?
937 1739 987 1796 ln·
1040 1736 1147 1810 Ἀσίαν,
1160 1737 1209 1811 τὴν
1229 1739 1348 1808 ἐξέτασιν
1369 1745 1585 1821 συμπεραιῶσαι.
1604 1740 1777 1820 Θεασάμενός
1792 1749 1807 1803 δ

246 1830 374 1909 termgati
398 1845 460 1889 sunt
482 1829 530 1909 qui
550 1829 703 1906 dederunt3
728 1838 860 1910 negarunt
877 1844 904 1889 et
923 1829 984 1910 ipsi.
1006 1845 1024 1892 n
1042 1832 1192 1899 Ἀντωνῖνος
1205 1832 1236 1891 τὸ
1248 1832 1342 1892 ἄοκνον
1356 1832 1480 1893 Ἰωάννου
1494 1832 1584 1894 καὶτὸ
1598 1833 1807 1907 άδάκαστον,ῶς

246 1926 311 1985 Post
330 1926 388 1985 baec
398 1948 459 1985 cum
468 1926 607 2005 inquisitio
618 1926 652 1985 ad
664 1927 759 1985 boram
771 1947 855 2004 tisipie
864 1939 987 1985 octavam
1042 1921 1088 1979 άτε
1107 1922 1230 1992 συνειδὼς
1252 1928 1352 2005 ἑαυτῷ,
1371 1923 1531 1985 ύπεισελθιλν
1553 1926 1589 1993 τίς
1609 1924 1656 1985 ἕνα
1674 1929 1728 1986 τῶν
1741 1950 1807 2007 κρα-

244 2015 390 2096 diligentcr
403 2031 544 2098 ageretur,
561 2039 596 2077 ex
610 2018 720 2077 indiciis
733 2018 895 2096 quibusdam
909 2018 987 2098 judi-
1041 2013 1169 2085 τούντων,
1190 2006 1286 2075 ‹it-eat
1306 2020 1359 2075 τῶν
1379 2016 1477 2094 γηδίων
1504 2018 1637 2098 ἐφρόντιζε
1658 2021 1807 2099 τῶνίνιῇ

244 2108 317 2168 cium
330 2109 475 2168 formatum
490 2124 539 2169 est.
552 2110 709 2186 Postremo,
724 2108 901 2190 turparunt,
922 2130 989 2168 ven·
1043 2106 1134 2184 Ἀσίγι,
1156 2111 1307 2188 παρακαλεῖ
1326 2109 1404 2169 αύτδν
1431 2113 1543 2181 ποιῆσαι
1566 2113 1743 2191 ἐπισχεθῆναι
1765 2113 1806 2173 riu

243 2212 300 2260 turn
315 2201 403 2262 estad
418 2215 513 2278 testes,
536 2223 627 2261 coram
641 2203 742 2282 quibus
755 2202 987 2278 etbidedcrant,
1042 2198 1289 2279 Ἰωάννην,ίναμὴ
1306 2200 1520 2282 ἀπολογοίμην
1537 2202 1807 2285 Ἀσίαν,ύιιοσχόμα-
1844 2216 1849 2223 “

241 2307 270 2353 et
282 2293 340 2375 ipse
357 2309 506 2374 acceperat.
526 2296 587 2354 Non
606 2295 719 2355 aderant
736 2308 814 2354 testes
829 2319 835 2351 :
849 2316 918 2376 opus
931 2310 988 2357 erat
1041 2313 1084 2357 νος
1094 2291 1142 2363 τὴν
1156 2297 1209 2352 τῶν
1223 2292 1364 2373 μαρτύρων
1377 2293 1556 2372 παρίστασαν·
1568 2292 1621 2362 Ὃς
1634 2293 1746 2369 ἐξαυτῆς
1757 2320 1805 2357 πα·
1828 2305 1849 2358 P·

241 2404 336 2445 eorum
358 2387 511 2467 prasentia.
529 2387 725 2446 Difficultatem
744 2386 923 2446 sistendorum
943 2401 987 2446 te-
1042 2384 1198 2463 ρασκευάζει
1218 2385 1369 2459 δηλωθῆναι
1385 2386 1416 2444 ἐκ
1433 2392 1480 2446 τοῦ
1499 2384 1631 2446 παλατίου
1650 2390 1692 2469 τῷ
1705 2389 1806 2451 ίπισκύ

242 2476 326 2539 οῑὶοιιι
342 2479 486 2561 respiciens
498 2482 630 2554 loannes,
645 2492 676 2537 ut
687 2494 813 2560 purgaret
827 2479 986 2556 Ecclesiam,
1040 2501 1084 2557 πῳ
1097 2478 1207 2558 Ἰωάννη
1230 2478 1302 2539 τάδε·
1321 2478 1419 2538 ἄτοπόν
1439 2479 1497 2540 ἐστι
1520 2490 1648 2561 πρᾶγμα,
1666 2481 1804 2543 ἐπίσκοπόν

240 2582 271 2631 et
280 2568 396 2631 testibus
407 2586 536 2652 parceret,
551 2593 639 2653 perse
652 2572 679 2630 in
692 2574 781 2631 Asiam
797 2572 837 2631 ire
847 2594 903 2632 sese
916 2575 986 2633 ultm
1041 2594 1070 2631 σε
1086 2571 1149 2629 dieu
1166 2571 1212 2631 καλ
1225 2576 1279 2641 τῶν
1290 2577 1383 2653 ψυχῶν
1396 2576 1473 2651 ἡμῶν
1488 2572 1659 2652 προστάτην,
1672 2577 1701 2634 ἐν
1713 2576 1803 2637 τοσαύ·

241 2658 339 2737 effert,
352 2677 378 2722 ct
390 2684 502 2723 examen
516 2684 654 2744 peragere.
670 2665 822 2724 Antoninus
834 2665 891 2723 visa
905 2669 988 2727 loan-
1040 2688 1073 2741 τη
1086 2664 1231 2744 προσδοκία
1246 2665 1356 2746 θορύύου
1365 2664 1562 2744 καταλιίψαντα
1574 2664 1625 2738 etp
1637 2666 1729 2739 πολιν,
1739 2668 1802 2729 erti-

242 2752 287 2813 nit
304 2757 460 2815 strenuitate
472 2750 560 2835 ¹atque
575 2758 729 2838 incorrupta
749 2758 919 2838 integritate,
941 2775 986 2819 ut·
1004 2767 1023 2817 G
1041 2755 1137 2814 λαοθαι
1157 2754 1206 2826 τὴν
1222 2757 1375 2834 ἀποδημίαν
1390 2756 1439 2829 τὴν
1459 2759 1495 2824 et<
1515 2755 1564 2827 τίν
1576 2757 1684 2832 Ἀσίαν,
1697 2761 1804 2841 ebriavit

243 2861 306 2927 pote
317 2848 371 2907 sibi
383 2850 522 2921 conscius,
539 2849 607 2908 adiit
622 2849 765 2928 quemdam
780 2871 795 2909 e
809 2853 984 2931 proceribus,

243 2940 322 3020 cujus
335 2940 455 3021 pradia,
478 2963 538 3021 quae
552 2944 579 3001 in
595 2942 657 3000 Asia
674 2958 765 3018 crant,
786 2944 843 3024 ipse
857 2946 985 3005 eiuabat:

243 3032 302 3091 orat
325 3046 357 3092 ut
380 3034 557 3093 inhibendum
578 3038 709 3101 loannem
730 3051 878 3117 procuret,
904 3059 938 3097 ne
958 3040 987 3100 in

243 3125 336 3185 Asiam
349 3127 625 3208 abiret,'promittens
644 3141 722 3187 testes
741 3150 769 3188 se
787 3129 983 3195 exhibiturum.

243 3216 298 3291 Qui
319 3221 410 3279 statim
424 3221 551 3295 molitur,
576 3234 606 3280 ut
621 3220 709 3297 haecce
728 3221 764 3282 ad
778 3224 910 3284 loannem
929 3226 988 3304 epi-

243 3332 355 3393 scopum
372 3334 387 3372 e
403 3314 503 3395 palatio
522 3312 765 3377 denuntiarentur:
776 3315 935 3375 Absurdum
948 3331 988 3376 est

244 3418 281 3478 te,
295 3403 343 3483 qui
355 3406 393 3465 sis
404 3405 560 3486 episeopus,
573 3420 600 3465 et
616 3406 767 3465 animarum
781 3421 932 3467 nostrarum
946 3407 987 3468 in·

243 3515 365 3582 spector,
381 3501 497 3560 intanta
519 3502 651 3561 tumultus
666 3503 880 3582 exspectatione,
901 3505 986 3564 relin-

244 3615 326 3674 quere
336 3595 482 3669 ciritatem,
491 3608 519 3653 et
531 3594 769 3675 peregrinationem
783 3597 809 3654 in
823 3597 913 3654 Asiam
927 3597 988 3656 obi-

1040 2851 1093 2905 τῶν
1112 2847 1252 2929 μαρτύρων
1271 2847 1445 2926 διαγομίνων.
1458 2837 1512 2907 'lli
1523 2849 1552 2908 δὲ
1566 2851 1667 2918 Γοιῐνῶς
1680 2855 1695 2910 δ
1710 2852 1804 2932 βάράα·

1042 2961 1084 3020 ρος
1097 2945 1111 2999 δ
1124 2938 1342 3019 προσδοκώμενος
1367 2938 1484 3021 θύρυόος.
1499 2942 1553 3001 Καὶ
1564 2940 1609 3016 ,τί
1626 2943 1697 3025 γάρτ
1710 2944 1752 3004 ίνα
1769 2944 1802 3021 μὴ

1041 3031 1255 3113 μακρηγορήσω,
1266 3033 1385 3092 πείθεται
1405 3036 1567 3110 άπομεῖναι,
1581 3036 1727 3116 φροντίζων
1744 3040 1804 3114 δμόί

1040 3122 1086 3182 καί
1100 3128 1149 3195 τῆς
1160 3123 1234 3197 δίκης
1247 3123 1293 3184 καί
1302 3130 1350 3198 τῆς
1360 3124 1500 3204 συντριόῆς
1512 3131 1567 3186 τῶν
1581 3126 1736 3209 μαρτύρων.
1747 3128 1804 3210 ‘Ep-

1041 3223 1119 3292 μαῖον
1138 3215 1165 3276 Al
1178 3219 1217 3298 τῷ
1237 3216 1444 3297 κατηγορηθέντι
1457 3220 1577 3296 ὑπῆρχεν
1590 3225 1608 3291 ἡ
1623 3222 1661 3288 είς
1673 3218 1733 3287 πάις
1744 3219 1804 3301 μάρ

1040 3331 1119 3388 τορας
1134 3307 1266 3381 iturust-t„
1279 3308 1323 3376 οὓς
1333 3309 1443 3368 ἐδύνατο
1459 3310 1621 3389 φυγαδεῦσαι
1631 3309 1651 3383 ἢ
1663 3312 1803 3394 άργυρίιρῆ

1040 3398 1190 3482 δυναστείιρ.
1197 3402 1292 3461 Ταῦτα
1305 3399 1506 3480 προεωρακδνςδ
1517 3400 1654 3476 Ἰωάννης,
1669 3403 1804 3464 σκίπτεται

1041 3490 1111 3570 μετά
1124 3495 1171 3564 τῆς
1184 3493 1320 3572 παρούσης
1331 3493 1439 3554 συνόδου
1449 3492 1523 3562 τινάς
1533 3498 1587 3553 τῶν
1598 3495 1738 3575 παρόντων
1749 3499 1804 3555 ε’πι·

1041 3584 1149 3644 σκόπων
1172 3586 1357 3654 ἀποσταλῆναι
1377 3588 1413 3673 είς
1437 3583 1486 3656 τὴν
1506 3585 1597 3645 Ἀσίαν
1615 3587 1662 3646 ίπί
1683 3589 1803 3669 ίρωτάσιι

244 3708 290 3761 te,
303 3708 366 3746 enm
384 3687 462 3746 facile
477 3700 554 3745 testes
568 3687 665 3746 deduci
683 3689 798 3767 possint.
813 3689 880 3748 Erat
897 3704 987 3749 antem
1004 3693 1023 3739 D
1040 3680 1093 3735 eni
1115 3675 1266 3755 μῑρῖῦρωθ·
1280 3675 1410 3749 Ἐἷαυῖῆν
1426 3668 1471 3736 ⁰3⁹
1491 3676 1646 3759 ὠρίνθησαν
1661 3688 1732 3758 τρεῖς
1751 3680 1804 3738 iul·

244 3778 392 3859 exspectati
401 3779 620 3838 tumultuscausa
634 3779 722 3838 G'aina
736 3779 879 3843 barbarus.
891 3782 986 3841 Enim·

243 3891 323 3943 rein,
338 3890 372 3929 ne
387 3870 493 3950 longior
508 3869 762 3951 sim,persuadetur
772 3871 812 3929 illi
823 3883 854 3929 nt
868 3888 986 3949 mancat,

244 3983 338 4021 euram
359 3961 440 4021 simul
462 3961 563 4021 habens
587 3973 613 4020 et
632 3962 730 4042 judicii
744 3977 770 4021 et
789 3966 986 4026 convocationis

244 4055 366 4117 testium,
394 4054 506 4114 lnterim
532 4055 639 4113 lucrum
667 4054 832 4136 insperatum
860 4079 906 4116 reo
934 4060 986 4119 suit

244 4143 281 4205 ad
296 4147 443 4207 adtentum
459 4146 567 4206 testium
582 4147 695 4217 dilatio,
708 4170 776 4226 quos
789 4163 837 4207 σοι
856 4153 985 4230 pecatum,

244 4254 292 4299 aut
304 4242 422 4322 potentia
437 4241 530 4321 fugare
544 4254 656 4322 poterat.
675 4241 831 4300 l‘raeaidens
843 4242 894 4301 ista
906 4246 987 4304 loan-

245 4354 307 4404 nes,
329 4356 391 4395 cum
405 4348 534 4416 prasente
547 4332 658 4415 Synodo
678 4332 809 4392 deliberat
827 4335 957 4413 quosdam
972 4359 988 4396 e

222 4506 225 4511 ⁴
246 4427 424 4508 praesentibus
437 4426 571 4508 episcopis
584 4427 612 4485 in
625 4426 717 4485 Asiam
731 4427 838 4486 mittere
851 4426 884 4486 ad
902 4430 988 4489 inter-

1041 3793 1136 3829 σκοποι
1155 3771 1480 3849 κατελθεῖν,Συγκλά,τιος
1501 3771 1805 3855 μητροπολίτηςΤραια·

1040 3864 1203 3935 νουπολεως,
1220 3861 1382 3941 Ἡσύχιοςδ
1404 3862 1523 3944 Παρίου,
1545 3863 1593 3923 καί
1621 3865 1804 3933 Παλλάδιοςό

1040 3954 1269 4029 Ἑλενουπολεοις,
1288 3955 1487 4028 διαλαλησάσης
1508 3959 1557 4028 τῆς
1577 3958 1687 4017 συνόδου
1707 3959 1736 4017 ίν
1756 3965 1804 4024 τοῖς

1040 4046 1247 4124 ὑπομνήμασιν,
1259 4051 1296 4113 ώς
1314 4046 1359 4105 τὸν
1380 4046 1452 4113 ἐντὸς
1463 4045 1508 4106 δύο
1522 4052 1614 4125 μηνῶν
1629 4047 1670 4126 μὴ
1687 4050 1804 4122 ἀπαντί-

1040 4164 1124 4200 σαντιι
1144 4139 1190 4196 καὶ
1203 4140 1335 4199 συστάντα
1352 4148 1407 4206 τοῖς
1426 4142 1521 4199 ἑαυτοῦ
1535 4141 1649 4208 δικαίοις
1670 4143 1700 4200 ίν
1716 4140 1805 4202 Ὗπαί·

1040 4255 1099 4298 ποις
1109 4236 1143 4311 τῇ
1154 4233 1280 4291 Ἀσιανῶν
1293 4231 1387 4306 πόλει,
1403 4231 1446 4289 διδ
1459 4231 1490 4290 αθ
1503 4234 1535 4290 lat
1543 4231 1669 4311 γειτόνων
1686 4224 1754 4294 εἶναι
1767 4232 1806 4293 καί

1040 4324 1100 4391 τούς
1119 4324 1305 4402 ἐλεγχομένους
1325 4323 1370 4383 καί
1388 4322 1449 4390 τοὺς
1465 4323 1572 4392 tuest<
1589 4328 1645 4384 τῶν
1659 4323 1806 4387 ἐπισκόπων
1827 4333 1849 4384 t.

1041 4415 1101 4482 τάυς
1122 4417 1273 4494 δρείλοντας
1293 4416 1448 4475 συνδικάσαι
1466 4425 1521 4483 τοῖς
1544 4417 1606 4499 περὶ
1631 4417 1806 4497 Σεγκλήτιον,

246 4518 379 4598 rogandos
400 4533 489 4579 testes.
513 4522 662 4601 Dercpente
685 4518 769 4599 igitur
796 4533 848 4579 tres
869 4523 986 4604 episcopi
1040 4513 1130 4566 τοῦτο*
1149 4506 1326 4577 &mltum
1339 4507 1467 4585 τίνεσθαι
1480 4506 1552 4589 Πρὸς
1564 4508 1668 4577 τούτοις
1681 4512 1806 4582 κατῆλθ’

246 4612 322 4671 electi
333 4626 411 4685 sunt,
426 4614 474 4691 qui
486 4612 656 4672 mitterentur
666 4635 673 4668 τ
684 4611 839 4692 Syncletius
850 4628 985 4696 metropo-
1004 4597 1024 4645 Ε
1040 4604 1065 4659 οἷ
1075 4596 1237 4664 Μωίὲνῗέἲ
1252 4599 1415 4675 Συίῑδίῐῑος
1428 4600 1473 4657 ml
1485 4599 1638 4669 Παλλάδα
1649 4603 1677 4660 3⁹
1690 4601 1805 4682 nutavi·

245 4704 345 4765 litenus
359 4705 559 4786 Trajanopolis‚
576 4705 728 4786 Hesychius
740 4709 883 4786 episcopus
895 4709 986 4783 Parii,

245 4811 272 4856 et
288 4796 428 4857 Palladius
445 4796 627 4878 llelenopolis,
650 4797 762 4878 Synodo
781 4799 808 4857 in
823 4799 890 4858 actis
903 4801 986 4861 inter·

244 4892 387 4971 loquente,
401 4904 431 4950 ut
444 4890 491 4970 qui
503 4891 574 4949 intra
584 4889 653 4949 duos
666 4911 769 4949 menses
783 4911 836 4950 non
854 4896 988 4953 occurris·

245 5000 285 5045 set
297 4998 324 5044 et
335 4986 397 5065 jura
408 5004 455 5042 sua
470 4996 646 5064 persequutus
660 5004 712 5042 non
721 4983 826 5060 suisset,
842 4986 985 5070 Hypaepis,

247 5078 319 5137 Asiae
346 5077 464 5143 civitate,
481 5078 545 5155 quia
569 5075 653 5135 vieini
673 5090 760 5135 esseut
774 5092 798 5136 et
816 5081 862 5159 qui
891 5103 987 5162 argue-

246 5167 345 5228 bantur
357 5182 383 5226 et
397 5167 495 5246 reliqui
506 5168 637 5248 episcopi,
651 5170 697 5246 qui
713 5189 775 5227 cum
791 5172 930 5252 Syncletio
940 5177 989 5254 ju-

245 5258 337 5319 dicare
344 5260 499 5331 delebant,
519 5261 544 5319 is
556 5261 805 5322 excommunicatus
823 5279 901 5325 esset.
924 5271 989 5329 Post

246 5353 304 5414 bae
319 5353 512 5415 descenderunt
534 5354 680 5436 Smyrnam
699 5353 768 5415 dicti
788 5357 942 5437 Synclctius
962 5376 987 5421 ct

1041 4693 1119 4770 ὁγὰρ
1128 4688 1254 4768 Ἱίσύχιος
1266 4688 1340 4769 φίλος
1354 4692 1391 4749 ῶν
1408 4697 1454 4751 τοῦ
1465 4691 1637 4763 Ἀντωνίνσυ,
1649 4692 1806 4773 προσεποιή-

1040 4806 1106 4845 σατο
1125 4787 1308 4841 κεκακῶσθαι·
1325 4782 1435 4854 ἐξαυτῆς
1452 4784 1481 4842 δὲ
1502 4784 1653 4864 γράψαντες
1675 4787 1807 4865 ἐσήμανεν

1041 4874 1198 4955 άμζυοτίροις
1210 4883 1265 4941 τοῖς
1285 4873 1377 4952 με’ρεσι
1394 4874 1444 4946 τὴν
1462 4878 1563 4935 ἑαυτῶν
1584 4877 1750 4955 ἐπιδημίαν,
1770 4876 1808 4936 ba

1041 4971 1232 5052 συνδραμόντες
1242 4973 1278 5037 εἷς
1291 4972 1338 5042 τὴν
1352 4972 1503 5053 ὡρισμένην
1516 4971 1612 5039 πόλιν,
1626 4973 1807 5054 ἐκπληρώσω·

1041 5099 1069 5134 σι
1085 5073 1133 5141 τάς
1151 5071 1316 5152 ὑποσχέσεις.
1327 5077 1363 5133 Οἱ
1382 5073 1411 5132 δὲ
1424 5074 1563 5142 πείσαντες
1581 5075 1724 5147 ἀλλήλους,
1736 5079 1751 5134 δ
1765 5073 1809 5152 μίν

1040 5176 1157 5259 χρυσίῳ,
1168 5180 1182 5234 ὁ
1195 5174 1223 5234 δὲ
1237 5176 1325 5256 ὅρκῳ.
1342 5175 1412 5254 φίλοι
1429 5174 1553 5254 γεγόνασι
1574 5173 1628 5254 πρδ
1646 5179 1696 5247 τῆς
1708 5180 1760 5235 τῶν
1774 5176 1808 5233 δι·

1042 5273 1148 5331 καττῶν
1167 5264 1321 5347 παρουσίας.
1341 5266 1539 5348 Συνδραμόντες
1555 5265 1584 5326 δί
1600 5266 1724 5347 σμήματι
1738 5268 1809 5343 ίντῇ

1026 5361 1227 5425 flamarum,
1249 5358 1366 5437 ἐνόμιζον
1393 5359 1454 5424 wie
1476 5357 1568 5440 κριτάς
1594 5361 1741 5431 διαπαίζειν
1769 5360 1809 5420 ἐπὶ
