3714 5970
901 472 923 537 ll

187 591 270 655 'l'nm
296 612 363 673 quse
378 592 509 673 genuina
536 604 632 653 essent
652 592 683 651 in
705 606 767 652 tam
789 592 934 653 immensa
960 590 1108 669 farragine
1140 589 1323 669 scriptorum
1342 585 1550 666 chrysostomi
1570 602 1676 645 nomeu

150 708 211 767 pra
227 708 259 749 se
281 688 452 759 lereutium,
476 706 544 768 quae
570 700 704 767 suspecta
733 698 787 749 ant
822 698 924 767 aperte
948 684 1158 765 supposititia,
1178 703 1269 743 nemo
1299 682 1483 743 examinavit
1507 692 1593 741 tanta
1613 700 1676 741 cum

149 782 286 844 doctrino
305 797 335 844 et
358 804 460 845 rerum
480 781 743 845 ecclesiasticarum
775 781 918 855 scientia,
943 800 1034 841 nemo
1058 780 1099 843 ad
1124 780 1182 841 hoc
1203 778 1351 859 judicium
1376 777 1481 839 attulit
1498 797 1622 839 sensum
1643 798 1672 839 er

147 889 293 956 perpetuo
310 898 369 939 usn
381 876 411 940 S.
421 878 518 939 Patris
531 876 639 939 melius
651 876 812 939 subactum
831 891 862 938 et
887 876 1075 939 subtiliorem
1095 898 1189 958 quam
1212 876 1463 947 uonttaueonnsr
1487 874 1565 936 adeo
1591 887 1625 935 nt
1639 896 1669 938 ne

144 993 240 1125 ιὸιιιιιιιι
268 972 395 1099 (paidom
424 972 589 1036 llomiliam
621 974 785 1053 genuinam
807 970 1013 1053 Chrysostomi
1037 974 1117 1036 inter
1142 971 1244 1035 Dubia
1272 970 1428 1045 retulerit,
1462 969 1579 1031 nedum
1602 970 1664 1033 inte

169 1068 276 1147 puris(
295 1072 316 1141 ).

184 1197 280 1258 Porro
294 1197 327 1257 in
337 1196 516 1259 deliniendis
531 1196 718 1277 temporibus
731 1210 761 1258 et
773 1196 857 1275 loeis,
875 1198 987 1278 quibus
1000 1200 1071 1262 libri
1085 1202 1213 1281 quique,
1234 1200 1367 1283 epistola
1379 1213 1411 1263 et
1424 1199 1559 1261 homiliae
1569 1200 1658 1280 scripta

147 1308 200 1355 aut
211 1294 557 1375 pronuntiataeluerunt,
566 1309 596 1355 et
604 1296 636 1354 in
645 1294 719 1355 serie
728 1296 897 1355 inultorum
904 1294 1113 1357 constituenda
1123 1308 1178 1357 aut
1185 1296 1395 1377 cluonologioa
1401 1308 1457 1357 aut
1464 1316 1531 1375 quae
1539 1315 1655 1359 exrema

148 1404 343 1452 tractatarum
359 1391 556 1453 continuitate
568 1390 708 1472 pendeat,
720 1392 764 1452 itu
775 1403 910 1453 versatus
919 1404 975 1467 est,
1002 1390 1193 1457 ntdoctrinae
1204 1410 1331 1471 aragne,
1360 1390 1594 1471 prudentissima
1600 1410 1653 1453 usn·

148 1488 239 1548 tionis
257 1501 288 1549 et
299 1488 450 1549 acuminis
461 1485 553 1549 felicis
574 1489 736 1567 specimina
746 1486 860 1569 ubique
868 1484 1023 1547 luculenta
1032 1501 1206 1567 appareant.
1224 1485 1471 1567 Deniqueverbis
1479 1482 1650 1565 chrysostomi

147 1584 344 1645 emendandis
359 1599 389 1646 et
410 1583 608 1661 invenienda,
630 1598 781 1665 quantum
794 1592 903 1665 posset,
927 1584 1065 1663 genuine
1079 1583 1182 1644 formae
1201 1582 1387 1659 orationum,
1412 1582 1526 1661 quibus
1544 1580 1572 1641 S·
1591 1580 1652 1642 Pata

144 1684 228 1738 arraei
241 1683 299 1739 oris
307 1693 547 1760 cognomentum
562 1682 686 1741 meritus
698 1692 752 1755 est,
765 1694 830 1741 tam
840 1678 988 1740 industrie
998 1680 1155 1760 providere
1163 1676 1522 1759 coeperantBenedictini,
1533 1690 1566 1737 ut
1575 1690 1653 1757 prete

146 1789 327 1856 apparatum
341 1778 500 1837 frontonis
513 1775 617 1836 Ducaei
630 1788 660 1837 ct
671 1774 788 1851 Savilii,
806 1773 944 1856 amplum
958 1772 1058 1835 hercle
1070 1788 1099 1834 et
1110 1775 1278 1854 copiosum,
1293 1774 1349 1855 ipsi
1360 1772 1430 1855 plus
1440 1784 1653 1854 qnamtreenns

147 1870 262 1931 codices
272 1872 446 1933 evolverent
458 1885 488 1932 et
500 1892 573 1932 enm
588 1871 675 1931 editis
686 1870 865 1932 conferrent.
877 1868 964 1943 (Vide
973 1869 1092 1930 Praelat.
1110 1870 1127 1945 §
1139 1868 1186 1949 3.)

185 1999 614 2062 Tantisdotibusinstrnctam
638 2000 803 2062 editionem
827 1999 957 2062 dubium
973 2022 1036 2062 non
1057 2013 1123 2063 erat
1140 2002 1213 2081 quin
1229 2002 1284 2081 qui
1306 2000 1344 2061 de
1355 2000 1526 2079 repetendis
1544 2000 1654 2083 operibns

152 2094 185 2153 S.
201 2094 404 2176 chrysostomi
417 2095 541 2158 consilia
555 2095 683 2170 inibant,
694 2094 853 2156 Savilianae
869 2098 1011 2166 omnibus
1024 2104 1171 2185 suffragiis
1183 2117 1279 2166 essent
1289 2103 1454 2185 praelaturi.
1470 2104 1654 2167 Deeretnuett

149 2194 240 2275 igitur
261 2209 297 2256 ut
309 2194 519 2256 illontiaueoni
527 2216 603 2275 opus
614 2196 765 2275 integram
777 2197 911 2259 maxims
924 2221 996 2259 eura
1007 2202 1087 2281 typis
1098 2212 1293 2281 repeteretur,
1314 2202 1456 2261 correctis
1477 2198 1614 2261 erroribus
1623 2212 1654 2279 tp·

150 2290 339 2371 pographicis
359 2302 391 2353 et
405 2289 483 2367 aliis,
503 2290 597 2351 sicubi
616 2290 923 2371 deprehenderentur,
940 2294 1126 2375 negligentia
1147 2294 1292 2375 lapsibus,
1315 2294 1426 2355 additis
1446 2304 1547 2355 autem
1559 2294 1593 2356 iis
1607 2309 1654 2373 qt!

149 2386 334 2447 llenerlietirri
344 2388 401 2467 ipsi
412 2389 558 2467 recepturi
572 2387 660 2449 fuisse
673 2386 859 2465 viderentur,
873 2390 898 2450 si
915 2391 978 2467 jam
991 2403 1058 2451 tum
1071 2390 1235 2452 novissent.
1246 2387 1306 2450 Sed
1319 2389 1350 2449 in
1365 2388 1554 2469 exsequendo
1565 2389 1654 2467 incepto
1687 2429 1693 2443 .·

147 2492 238 2543 tanta
251 2482 471 2563 amplitudinis,
483 2481 551 2544 licet
558 2482 725 2545 commodis
733 2482 762 2543 S.
772 2482 905 2545 Ecclesia
915 2485 1052 2563 gnaviter
1060 2481 1240 2546 inserviendi
1249 2484 1438 2563 propositum
1445 2480 1576 2543 librarios
1584 2500 1656 2563 proar-

147 2595 193 2640 tos
206 2578 383 2641 reddidisset
393 2578 432 2639 ad
449 2591 571 2640 sumtus
598 2578 648 2639 vel
661 2582 807 2641 maximos
818 2578 891 2640 bnis
911 2580 993 2658 operi
1003 2576 1234 2657 impendendos,
1254 2576 1313 2639 boe
1329 2590 1432 2637 taruen
1447 2572 1654 2657 prospicientia

144 2689 210 2736 erat
221 2688 256 2735 ut
268 2688 368 2735 totum
385 2684 484 2754 posset
492 2674 620 2748 absolvi,
635 2695 696 2735 neu
708 2674 915 2737 deficientibus
933 2674 1098 2753 aliqnando
1107 2672 1223 2735 viribus
1243 2672 1301 2735 tela
1319 2694 1387 2733 orsa
1399 2684 1472 2733 ante
1493 2672 1654 2735 terminum

148 2772 288 2832 manibus
301 2784 375 2833 esset
392 2770 581 2832 dimittenda.
600 2768 674 2847 Quae
692 2792 736 2832 res
751 2792 789 2831 ue
802 2772 965 2850 ingrueret,
978 2768 1037 2829 hoc
1050 2788 1115 2829 uno
1133 2766 1228 2829 modo
1243 2766 1405 2829 videbatur
1418 2788 1505 2847 posse
1520 2768 1652 2829 otverirut

145 2866 453 2927 alan-itateeditornm
462 2879 677 2945 provocaretur
688 2879 840 2927 erutorum
848 2864 994 2925 alacritas.
1005 2861 1087 2923 Nam
1096 2883 1174 2943 opus
1183 2882 1238 2942 per
1247 2862 1650 2943 longumtempusextrsetrm.
1688 2899 1693 2958 7

148 2976 182 3023 nt
194 2962 302 3022 editori
311 2962 438 3042 speeiem
451 2959 552 3022 induit
563 2959 730 3041 languoris,
741 2962 783 3020 ita
796 2973 941 3021 emtorem
957 2958 1057 3021 reddit
1068 2957 1250 3039 languidum
1262 2972 1292 3019 et
1306 2956 1485 3021 dilatorem=
1500 2954 1651 3021 veruuuli·

149 3078 280 3138 cumque
294 3078 359 3138 spes
375 3070 419 3121 est
427 3057 493 3119 lore
501 3069 538 3119 nt
546 3055 627 3119 intra
636 3076 747 3137 paucos
759 3074 853 3119 annm
868 3053 1044 3136 amplissimi
1057 3056 1155 3135 operis
1168 3074 1241 3117 usus
1255 3053 1425 3135 prebeatur
1439 3054 1526 3119 nulla
1548 3076 1581 3117 er
1593 3062 1650 3135 pult

184 3408 219 3475 (¹)
238 3404 280 3456 Ab
292 3403 373 3457 altera
385 3412 463 3475 parte
477 3405 532 3457 viro
542 3402 755 3475 praestantissimo
766 3400 889 3455 accidisse
899 3400 1020 3467 videtur,
1035 3412 1065 3453 ut
1078 3399 1202 3455 llomiliis
1214 3399 1376 3474 quibusdam
1386 3401 1465 3472 justae
1481 3400 1607 3475 suspicioni
1616 3396 1648 3451 al·
1689 3373 1693 3410 ¹

151 3490 237 3543 noxiis
255 3490 370 3544 nimium
389 3490 415 3541 in
428 3489 543 3543 modum
556 3490 714 3561 pepercerit.
726 3488 813 3545 Velut
826 3488 853 3541 in
866 3487 990 3541 llomiliis
1003 3490 1038 3539 de
1055 3488 1160 3539 Lazaro
1175 3509 1196 3541 s.
1211 3494 1240 3540 in
1254 3488 1345 3540 Terra
1355 3502 1464 3551 motum,
1473 3508 1539 3563 quas
1549 3507 1573 3542 se
1583 3484 1647 3549 lidtt,
1691 3553 1693 3564 Ι

147 3576 262 3627 antehac
277 3580 436 3627 instaur-asse
447 3575 511 3628 dicit
523 3576 636 3647 (Pralat.
651 3576 665 3644 ς
682 3576 744 3641 IV),
758 3575 936 3645 fragmentum
950 3576 1016 3630 illud
1028 3593 1086 3647 pag.
1101 3572 1155 3647 953
1167 3594 1225 3649 sqq.
1240 3592 1312 3629 nove
1324 3574 1453 3631 editionis
1463 3576 1521 3632 sine
1530 3574 1647 3643 dnbioptt·

150 3680 201 3715 aus
213 3671 254 3716 cst
265 3680 298 3715 ex
310 3660 478 3733 superiorum
495 3662 671 3715 homiliarum
692 3660 757 3713 loeis
768 3672 906 3732 consutus,
920 3671 948 3715 et
962 3680 1053 3716 sersus
1066 3662 1148 3715 srnem
1167 3662 1311 3733 praesertim
1324 3662 1426 3732 spuriis
1439 3649 1532 3717 multis
1543 3655 1647 3731 inepti·
1690 3661 1693 3714 l

149 3758 208 3810 tus;
220 3746 301 3817 cnjus
317 3747 357 3800 rei
369 3746 530 3801 documenta
542 3764 627 3818 pauca
647 3765 678 3799 er
695 3746 786 3799 multis
802 3746 857 3799 baec
874 3758 956 3801 sunto
973 3769 1021 3820 :p.
1034 3749 1096 3822 78tl,
1117 3750 1149 3815 Ε,
1163 3750 1250 3802 Paulo
1264 3748 1358 3803 tribuit
1370 3766 1432 3823 que
1444 3748 1478 3803 de
1490 3746 1646 3802 petronus.
1690 3762 1693 3794 t

148 3832 297 3903 errjusmodi
305 3833 531 3904 permutationem
540 3833 639 3887 horum
648 3834 829 3904 apostolorum
839 3833 912 3905 apud
922 3837 1142 3908 chrysostomum
1153 3858 1208 3892 non
1219 3838 1320 3894 oliendi
1331 3840 1426 3910 quovis
1432 3838 1541 3911 pignore
1551 3827 1647 3892 maisnil
1686 3797 1693 3932 i

150 3918 289 3989 mns.Pag.
300 3916 363 3989 785,
378 3918 411 3984 C,
422 3919 461 3983 Ι),
473 3927 598 3989 repetens
610 3917 755 3973 discrimen
762 3918 920 3973 interieritis
930 3933 958 3977 et
970 3924 1109 3989 ὰπιλιιίιῖν,
1123 3926 1198 3999 quod
1208 3927 1415 3995 chrysostomus
1427 3938 1604 4001 exposuerrtp.
1614 3924 1645 3993 7l¹
1688 3938 1693 4060 7

149 4022 221 4074 sqq„
230 4004 347 4077 plurima
361 4003 451 4075 inepta
465 4004 713 4073 intermiscetQuae
727 4004 934 4077 chrysostomus
946 4029 1005 4082 pag.
1016 4031 1078 4087 720,
1090 4014 1122 4079 E,
1132 4014 1203 4069 serio
1214 4014 1334 4085 dixerat,
1349 4014 1443 4077 οἷκύιις
1459 4010 1646 4083 instripida*

151 4096 232 4161 rum)
302 4094 374 4152 οὕτως
385 4090 413 4150 b
424 4094 627 4154 itinerabant
639 4089 700 4164 patr
709 4094 838 4153 τοὺςιιύνας
852 4095 998 4155 insuetam
1008 4096 1135 4164 sarran,
1147 4101 1317 4156 itadistsnta
1332 4101 1394 4156 lusu
1407 4102 1536 4173 anonymi
1549 4116 1597 4175 pag.
1607 4110 1646 4169 mr
1690 4073 1693 4180 f

155 4179 189 4249 E,
202 4185 242 4231 τοῦ
256 4179 375 4251 ἀνθρώπω
386 4178 407 4229 ri
417 4180 482 4239 ιιὺνις
495 4180 752 4251 φιλανθρωπότερα
766 4180 851 4246 striges
863 4183 935 4235 αὑτοῦ
948 4184 980 4236 τὰ
993 4189 1120 4259 τραύματα
1129 4186 1170 4240 nai
1180 4186 1299 4243 mulae
1309 4190 1444 4260 περιῄρουν,
1457 4203 1487 4244 ut
1501 4206 1579 4245 uuum
1588 4184 1647 4239 rins
1688 4195 1693 4236 1

151 4274 301 4335 utrumqne
313 4265 403 4318 locum
422 4264 556 4336 scripsisse
571 4282 652 4318 nemo
663 4264 714 4317 sibi
727 4263 895 4335 persuadeat.
908 4268 937 4319 P.
950 4268 1012 4343 780,
1026 4273 1060 4343 C,
1073 4274 1157 4346 longae
1169 4273 1275 4346 periodi
1287 4275 1384 4329 seriem
1399 4276 1541 4349 abrumpit
1553 4288 1575 4329 et
1586 4274 1647 4327 inttt·

151 4352 250 4417 turbat,
261 4352 340 4424 plane
351 4350 471 4405 diversus
482 4370 499 4406 a
511 4370 589 4405 more
602 4351 799 4424 Clrrysostorni,
812 4354 922 4424 quondo
931 4357 976 4411 lric
987 4359 1016 4413 in
1031 4378 1127 4434 magna
1137 4362 1334 4416 sententiarum
1349 4362 1521 4419 affluentium
1531 4356 1648 4435 rapuisti

150 4441 250 4495 oblitus
265 4442 316 4495 alia
331 4458 363 4495 ex
373 4441 431 4495 aliis
442 4442 516 4495 serit.
536 4440 598 4511 Pag.
613 4438 677 4513 788,
689 4441 722 4502 C,
734 4442 806 4493 arim
821 4441 860 4494 ilo
872 4438 924 4513 ἴδῃς
994 4447 1175 4519 superioribus
1187 4466 1319 4520 perquam
1328 4448 1449 4503 absurde
1471 4450 1648 4523 subjungant·

153 4526 266 4583 Omittit
283 4527 353 4580 hane
374 4526 526 4581 orationem
545 4527 625 4579 etiam
644 4526 788 4598 Catalogus
803 4530 987 4597 Augustanus;
1002 4554 1017 4583 a
1032 4534 1078 4587 sed
1094 4544 1197 4600 tamen,
1214 4557 1228 4585 n
1242 4535 1330 4607 inquit
1344 4536 1470 4601 Sarilius,
1485 4538 1585 4611 spade
1595 4542 1650 4592 ests.

150 4617 262 4669 fortasse
280 4613 316 4667 ob
335 4614 425 4667 Photii
443 4615 482 4686 (p.
505 4614 569 4681 856)
584 4613 770 4669 testimonium
787 4614 824 4666 ita
834 4614 968 4685 judicans.
986 4618 1085 4692 Neque
1097 4620 1207 4691 majoris
1217 4622 1299 4693 pretii
1310 4632 1376 4676 sunt
1388 4618 1653 4697 supplementrtpttt'!
1690 4611 1693 4656 i

152 4702 280 4758 llomilire
299 4701 333 4755 de
348 4702 496 4772 Abraham,
509 4702 586 4775 cujus
605 4701 714 4755 initium
727 4718 760 4755 er
775 4700 904 4757 Vaticana
915 4704 1032 4759 llomilia
1045 4706 1150 4762 decima
1163 4721 1282 4763 sumtum
1293 4724 1351 4764 esse
1360 4712 1547 4781 cognovimus.
1561 4713 1594 4765 lle
1603 4704 1657 4765 aot't

155 4792 350 4866 supplementis
363 4789 423 4844 vide
433 4790 565 4845 dietavol.
583 4808 624 4855 ια,
635 4809 665 4862 p.
676 4788 739 4862 457.
761 4789 881 4845 Honrilia
901 4790 937 4845 de
958 4792 1040 4847 Petro
1060 4806 1087 4848 et
1108 4795 1181 4859 Elia,
1199 4797 1300 4850 solnm.
1324 4814 1341 4850 a
1361 4814 1390 4868 p.
1413 4798 1488 4872 73⁰·
1515 4800 1580 4857 item
1593 4810 1661 4873 sputa
1691 4821 1693 4872 ς

155 4896 208 4953 est,
246 4880 321 4954 qnod
338 4879 491 4934 evidentius
513 4887 626 4950 apparet
646 4898 679 4932 er
699 4878 830 4935 Vaticana
851 4879 948 4951 prima,
961 4898 1016 4952 qna
1034 4899 1098 4936 usus
1112 4894 1153 4936 est
1170 4882 1241 4937 illins
1257 4884 1383 4955 scriptor.
1401 4885 1563 4941 Orationem
1579 4885 1611 4941 de
1626 4883 1668 4941 Gn

152 4970 241 5035 ritate,
254 4967 307 5022 vol.
319 4970 346 5031 6,
360 4984 389 5037 p.
404 4963 467 5036 ¹187,
478 4965 594 5019 maxima
605 4974 683 5035 parte
694 4966 905 5020 consarcinatam
914 4984 971 5020 esse
982 4986 1015 5022 er
1026 4969 1090 5023 locis
1108 4969 1377 5026 Commentariorum
1397 4972 1427 5026 in
1442 4973 1577 5045 Epistulas
1592 4972 1669 5037 muti.

150 5058 184 5110 acl
202 5056 311 5125 Eclogas
322 5051 530 5107 observavimus.
550 5050 651 5121 Spuria
671 5051 738 5105 item
753 5060 794 5105 est
810 5050 894 5108 Hom.
915 5054 950 5109 de
960 5054 1134 5122 Poeuiteutia,
1152 5057 1205 5111 vol.
1231 5056 1271 5119 13,
1292 5078 1319 5132 p.
1344 5077 1405 5131 ¹97·
1428 5061 1488 5115 Alia
1511 5062 1608 5134 passim
1623 5062 1674 5117 brt·

150 5149 220 5201 viter
233 5144 450 5219 significavimus,
468 5142 496 5195 ἰιι
512 5140 699 5197 voluminibus
726 5153 788 5213 post
811 5140 967 5199 incendium
986 5144 1119 5215 repetitis,
1138 5157 1165 5195 nt
1179 5147 1213 5197 de
1236 5146 1302 5197 Noa
1320 5148 1588 5204 anathematizandis
1608 5154 1677 5216 nisis,

150 5236 201 5290 eol.
223 5232 355 5305 t,p.691.
