3714 5970
242 483 308 554 162

235 630 378 705 rationem,
390 623 525 688 venderet.
540 622 642 686 Adesse
656 636 746 684 autem
757 645 818 700 eos,
831 623 878 703 qui
891 620 979 704 pretio

237 721 356 784 ordinati
368 721 453 790 fuere,
469 738 550 796 seque
563 739 620 778 rem
636 714 746 778 aliunde
761 715 876 797 probare
889 735 978 796 posse.

236 815 288 877 His
298 812 399 875 auditis
414 813 637 893 Chrysostomus,
650 809 803 891 suspicatus
816 809 876 868 haec
887 807 981 868 crimi-

238 929 275 967 na
288 928 323 966 ex
336 905 399 966 odio
411 905 454 966 vel
465 902 608 963 inimicitia
617 901 727 962 Eusebii
739 901 886 983 proficisci,
902 900 981 959 illum

238 1017 405 1080 compescere
414 1009 525 1056 conatus
536 1008 585 1070 est,
595 994 766 1072 Paulumque
777 992 912 1054 Heracleae
925 991 981 1074 epi-

237 1111 359 1171 scopum,
371 1088 418 1168 qui
435 1088 570 1148 Antonino
584 1088 674 1148 favere
687 1085 842 1159 videbatur,
857 1086 981 1145 hortatus

238 1197 287 1258 est,
301 1197 332 1242 ut
342 1203 436 1263 pacem
447 1182 516 1240 inter
525 1193 670 1258 utrumque
687 1179 795 1237 laceret.
811 1178 906 1237 Postea
917 1198 981 1238 vero

238 1274 447 1355 chrysostomus
456 1271 491 1331 ad
505 1271 669 1332 sacrificium
682 1269 849 1330 offerendum
862 1291 918 1330 sese
930 1290 982 1350 ap-

127 1376 136 1385 '
241 1367 362 1449 parabat.

203 1524 210 1530 ,
278 1460 359 1518 Tune
373 1436 532 1518 Eusebius
523 1478 565 1516 rra
586 1476 744 1530 succensus,
758 1458 890 1517 Joannem
903 1451 983 1534 adju·

239 1551 322 1625 ravit,
336 1549 477 1611 horrendis
495 1548 626 1608 adhibitis
649 1547 840 1620 sacramentis,
853 1560 884 1606 ut
901 1545 983 1606 dietis

238 1643 296 1702 suis
311 1641 477 1704 attenderet:
493 1655 611 1719 tuncque
631 1662 722 1700 coram
744 1660 817 1698 omns
809 1636 932 1719 populo
945 1638 984 1697 li-

237 1735 342 1796 bellum
351 1735 459 1794 obtulit.
467 1734 756 1815 Chrysostomustanta
763 1730 875 1791 Eusebii
884 1730 985 1790 instan-

239 1828 276 1888 tia
286 1827 510 1906 vehementiaque
520 1839 711 1906 sepermotum
723 1824 849 1898 sentiens,
862 1822 948 1882 noluit
957 1821 985 1880 iu

238 1919 286 1979 tali
296 1918 382 1979 animi
392 1931 463 1978 statu
473 1916 757 1990 sacrificiumolserre3
771 1913 818 1974 sed
836 1913 987 1994 Pansopbi·

237 2031 287 2072 um
297 2011 406 2072 Pistdiae
416 2010 573 2091 episcopum
585 2009 701 2088 rogavit,
712 2007 744 2067 id
754 2005 874 2066 muneris
885 2004 986 2086 persul-

240 2098 327 2179 ueret,
341 2103 519 2181 libellumque
528 2101 639 2182 recepit,
652 2114 680 2161 et
689 2121 751 2160 curn
765 2099 868 2160 caeteris
879 2099 986 2178 episco-

239 2197 282 2279 pis
289 2216 410 2276 egressus
418 2208 467 2256 est.
476 2197 623 2272 Postquam
633 2214 698 2253 veru
709 2191 814 2252 dimissi
824 2190 920 2273 populi
931 2191 987 2250 lue·

239 2308 270 2347 re
280 2333 289 2359 ,
302 2309 364 2347 cum
380 2286 483 2346 caeteris
494 2285 628 2367 episcopis
639 2284 666 2343 in
680 2284 840 2364 baptisterio
851 2280 985 2342 consedit:

193 2397 230 2438 ras
240 2380 413 2458 Eusebioque
434 2379 525 2451 dixit,
539 2398 631 2437 secum
655 2374 834 2457 perpenderet
855 2393 890 2433 an
911 2373 986 2433 dieta

240 2475 356 2556 probare
366 2485 465 2554 posset,
475 2470 558 2550 idque
567 2484 710 2548 antequam
716 2468 826 2528 libellus
836 2468 986 2546 legeretur,

239 2581 381 2650 postquam
393 2567 465 2625 enim
478 2563 563 2623 lectus
577 2564 657 2639 leret,
666 2583 718 2621 non
733 2561 804 2621 ultra
818 2581 896 2641 posse
908 2558 985 2619 illum

238 2660 311 2720 dicta
322 2679 457 2718 revocare.
468 2658 539 2717 Cum
547 2669 637 2714 autem
649 2653 696 2713 ille
709 2654 738 2712 in
752 2651 891 2734 proposito
900 2671 988 2731 perse·

240 2765 356 2822 vetaret,
364 2752 450 2810 lectus
456 2763 497 2809 est
506 2747 616 2807 libellus
630 2767 712 2826 supra
724 2758 897 2805 memoratus.
906 2744 986 2802 Tunc

240 2843 355 2906 seniores
374 2841 492 2922 episeopi
507 2839 605 2902 loanni
625 2839 765 2916 dixerunt,
778 2859 793 2896 e
811 2859 840 2896 re
853 2837 910 2895 sore
920 2833 989 2893 ulti·

240 2958 316 2996 mum
329 2947 412 3015 caput
421 2932 457 2992 de
466 2931 585 3019 venditis
599 2929 815 2989 ordinationibus
824 2928 987 3007 disquirerej

241 3027 346 3107 quia,si
354 3025 425 3085 illud
433 3024 599 3105 prebaretur,
608 3036 778 3101 caeteraque
785 3020 889 3079 minora
899 3030 987 3094 erant,

242 3118 416 3181 credibiliora
429 3131 456 3176 et
469 3116 585 3197 probatu
596 3113 718 3172 faciliora
733 3114 799 3172 iore.
813 3114 888 3172 Τιιιιι
900 3113 988 3173 Joan-

243 3233 289 3271 ues
309 3209 427 3270 Antonio
448 3221 513 3267 tuno
527 3207 660 3289 presenti,
676 3205 752 3279 Quid
772 3204 806 3264 ad
821 3204 878 3264 baec
889 3203 987 3264 dicis?

244 3304 460 3384 Negavitautem
477 3301 523 3360 ille
536 3300 638 3362 omnia.
654 3297 815 3377 Interrogati
830 3311 894 3356 sunt
906 3298 988 3357 etiam

243 3394 279 3467 ii,
293 3395 339 3474 qui
356 3416 405 3475 pro
420 3392 576 3477 episcopatu
591 3390 733 3470 pecuniam
750 3388 857 3449 dedisse
877 3411 990 3448 accusa-

243 3488 344 3549 bantur
359 3487 426 3565 :'qui
441 3485 567 3545 similiter
580 3496 721 3561 negarunt.
736 3481 795 3542 Sub
809 3482 867 3541 baec
877 3495 989 3542 ventum

245 3594 284 3640 est
293 3579 329 3639 ad
340 3593 417 3638 testes
424 3600 433 3654 3
450 3575 498 3636 sed
510 3574 580 3634 nulli
592 3573 720 3633 aderant:
736 3576 852 3635 Joanucs
866 3595 947 3645 vero,
959 3588 989 3633 ut

245 3692 288 3731 res
299 3669 450 3731 accuratius
457 3669 665 3742 examinaretur,
674 3663 710 3725 ad
715 3665 863 3726 Asiaticum
873 3665 923 3726 iter
932 3687 990 3726 sus·

246 3764 400 3845 cipiendurn
416 3782 472 3820 sese
483 3759 591 3819 obtulit.
602 3780 609 3799 .

716 499 746 544 S·
774 497 914 547 touttttts
940 493 1174 545 ctttttsosrottt
1200 497 1294 556 VATA,

1035 619 1090 680 tius
1104 622 1310 703 Traianopolis,
1323 620 1475 703 Hesychius
1498 618 1573 681 Parii
1585 633 1612 681 et
1635 617 1779 680 Palladius

1037 711 1239 794 Helenopoleos,
1252 713 1300 793 qui
1311 713 1452 795 Hypaepis,
1466 735 1526 793 que
1540 712 1606 773 urbs
1619 713 1691 774 Asiae
1705 727 1778 786 erat,

1034 825 1091 864 rem
1102 807 1303 881 examinarent,
1314 805 1525 886 mandatumque
1535 806 1673 887 prolatum
1685 819 1736 879 est,
1750 819 1780 864 ut

1035 895 1082 975 qui
1096 896 1166 956 intra
1179 897 1247 958 duos
1259 919 1362 958 meuses
1375 899 1402 958 in
1411 897 1505 958 urbem
1514 898 1602 968 illam,
1615 919 1677 977 qua·
1689 897 1779 958 vicina

1037 1004 1107 1066 erat,
1123 1013 1231 1053 eausam
1245 990 1346 1052 dicturi
1360 1014 1413 1053 uon
1426 994 1573 1064 venissent,
1587 992 1780 1053 exeommuni-

1037 1097 1171 1143 carentur.

1079 1181 1144 1238 Post
1151 1178 1210 1238 haec
1220 1180 1366 1260 Smyrnam
1374 1192 1504 1238 venenant
1510 1177 1664 1259 Syncletius
1674 1190 1700 1238 et
1713 1181 1783 1242 eal-

1038 1269 1126 1329 ladius
1134 1294 1141 1328 :
1150 1271 1368 1353 Hesychius,qui
1381 1271 1509 1331 Antonini
1517 1272 1620 1331 amicus
1631 1285 1699 1345 erat,
1711 1295 1784 1335 mor·

1038 1362 1104 1422 buna
1116 1362 1263 1423 simularit.
1273 1365 1335 1423 Duo
1347 1377 1436 1423 autem
1451 1363 1550 1444 reliqui
1559 1385 1608 1445 per
1619 1363 1713 1425 literas
1724 1369 1783 1427 Eu·

1040 1455 1114 1516 sebio
1125 1469 1150 1515 et
1165 1456 1280 1516 Antonio
1296 1456 1499 1536 significarunt,
1517 1471 1546 1516 ut
1560 1458 1712 1539 Hypaepos,
1727 1480 1783 1538 quo

1040 1548 1093 1653 ipss
1086 1547 1262 1628 pergebant,
1278 1569 1307 1607 se
1322 1550 1480 1612 conferrent.
1495 1550 1540 1611 ttti
1560 1571 1624 1609 vero
1639 1571 1701 1610 eum
1711 1551 1782 1610 ami·

1038 1641 1130 1701 citiam
1141 1642 1413 1717 contraxissent(nam
1423 1641 1573 1701 Antoninus
1580 1641 1730 1702 Eusebium
1738 1643 1785 1704 vet

1039 1755 1116 1812 auro,
1131 1734 1180 1800 vel,
1189 1734 1243 1793 aliu
1253 1733 1334 1794 modo
1348 1747 1507 1815 corruptum
1520 1733 1572 1793 sibi
1586 1733 1781 1812 conciliarat),

1038 1825 1109 1887 etad
1122 1827 1339 1908 Hypaepinorum
1359 1827 1496 1887 civitatem
1512 1826 1554 1887 itti
1572 1846 1680 1906 quoque
1692 1827 1785 1887 smis-

1038 1931 1107 1992 sent,
1119 1918 1227 2000 judiees
1240 1916 1348 1978 eludere
1358 1918 1535 1995 conabantur,
1550 1917 1731 1998 dicebantque
1742 1933 1784 1980 te-

1039 2024 1092 2070 stes
1105 2012 1273 2090 negotiorum
1283 2032 1363 2071 causa
1377 2031 1488 2092 peregre
1500 2011 1634 2092 profectos
1648 2033 1717 2072 esse.
1729 2015 1783 2075 Ju-

1038 2100 1111 2162 dices
1125 2103 1276 2163 Eusebium
1288 2117 1401 2182 rogant,
1413 2103 1483 2163 intra
1494 2117 1562 2182 quot
1575 2103 1635 2165 dies
1648 2103 1784 2166 illetestes

1039 2194 1205 2254 adducturus
1219 2209 1295 2257 esset.
1313 2196 1363 2256 lllc
1377 2217 1440 2256 vero
1452 2217 1563 2277 sperans
1573 2195 1601 2256 iu
1611 2210 1693 2257 aestus
1706 2196 1787 2258 rebe·

1040 2288 1139 2346 mentia
1151 2287 1259 2367 judices
1269 2287 1333 2348 inde
1346 2287 1512 2349 discessurus
1525 2309 1592 2365 esse,
1605 2302 1663 2349 erat
1682 2290 1784 2372 quippe

1040 2379 1138 2438 aestatis
1152 2393 1273 2460 tempus,
1288 2379 1388 2461 scripto
1403 2380 1526 2461 promisit
1540 2402 1569 2441 se
1583 2380 1653 2441 iutra
1667 2380 1786 2460 quadra·

1042 2471 1115 2551 ginta
1128 2470 1195 2547 dies,
1206 2485 1253 2531 aut
1268 2486 1347 2532 testes
1355 2471 1566 2555 producturum,
1582 2485 1630 2543 aut
1638 2493 1732 2554 peenas
1743 2494 1784 2533 se·

1041 2563 1160 2626 cundum
1174 2585 1286 2624 canones
1299 2563 1429 2624 daturum
1439 2585 1504 2626 esse.
1519 2565 1656 2627 Dimissus
1667 2565 1785 2646 ergoille

1041 2653 1077 2714 ad
1091 2655 1267 2735 inquirendos
1279 2670 1366 2730 testes,
1379 2658 1628 2740 Constantinopolin
1641 2657 1786 2732 venicibi·

1043 2765 1096 2823 que
1108 2744 1228 2804 delituit.
1239 2745 1437 2826 Exspectarunt
1448 2745 1598 2826 judicesad
1611 2747 1785 2827 quadragesi·

1042 2857 1118 2896 mum
1131 2858 1216 2915 usque
1229 2836 1311 2898 diem.
1326 2837 1362 2896 Et
1376 2859 1438 2897 cum
1450 2838 1585 2898 Eusebius
1598 2859 1651 2898 non
1669 2859 1784 2921 cumpa-

1042 2943 1120 3002 reret,
1134 2930 1422 2991 excommunicationis
1431 2931 1590 2991 sententiam
1603 2932 1632 2993 in
1644 2938 1709 2992 cum
1719 2953 1785 3013 pro-

1043 3023 1172 3099 tulerunt,
1187 3023 1244 3083 sive
1258 3037 1288 3083 ut
1301 3022 1474 3097 desertorem,
1487 3024 1545 3085 sive
1558 3036 1589 3082 ut
1601 3024 1785 3086 calumniato-

1044 3137 1110 3177 rem.
1125 3116 1271 3194 Postquam
1282 3136 1345 3176 vero
1360 3116 1472 3196 triginta
1485 3114 1543 3175 dies
1565 3116 1633 3176 alios
1654 3116 1786 3199 Hypaepis

1045 3220 1206 3277 manserant,
1223 3228 1271 3266 nec
1284 3222 1451 3288 eompareret
1462 3207 1517 3281 ille,
1527 3207 1578 3289 ipsi
1589 3229 1699 3287 quoque
1715 3209 1786 3270 Con-

1043 3300 1234 3380 stantinopolin
1245 3298 1392 3360 redieruut.
1401 3302 1471 3360 Cum
1481 3314 1570 3361 autem
1579 3300 1618 3360 ibi
1636 3299 1787 3361 Eusebium

1043 3389 1227 3463 offendissent,
1236 3405 1340 3450 tantum
1347 3392 1387 3451 illi
1395 3393 1499 3452 facinus
1506 3393 1717 3474 exprobrarunt.
1729 3394 1787 3454 Eu-

1047 3482 1137 3543 sebius
1151 3504 1216 3542 vero
1229 3483 1412 3544 infirmitatem
1426 3485 1545 3565 corporis
1564 3500 1734 3567 praetexens,
1748 3501 1787 3547 te·

1047 3587 1100 3634 stes
1117 3596 1145 3634 se
1157 3575 1340 3635 adducturum
1360 3597 1454 3637 rursus
1473 3577 1662 3657 pollicebatur.
1684 3581 1786 3640 Interea

1046 3687 1096 3747 per
1108 3666 1250 3726 diuturnas
1259 3668 1321 3728 illas
1334 3690 1432 3746 moras,
1444 3670 1559 3731 moritur
1571 3672 1724 3734 Antonius:
1737 3673 1789 3735 sic·

1046 3781 1197 3838 queremm
1209 3760 1290 3821 facies
1300 3775 1428 3822 mutatur.
1559 3769 1563 3775 '

129 3881 236 3925 meu,
290 3854 443 3933 Antoninus
457 3865 560 3922 autem,
582 3851 700 3930 pecunie
713 3873 795 3955 quam
810 3852 893 3912 officii
911 3854 992 3956 louge
1084 3855 1140 3913 Nec
1153 3855 1240 3914 multo
1254 3869 1314 3935 post
1325 3854 1409 3914 litere
1423 3851 1458 3914 ad
1469 3853 1695 3960 Chrysostumum
1706 3878 1788 3918 rene·

93 3945 238 4001 Ειο1011000οι0·
248 3946 385 4028 cupidior,
397 3942 564 4023 qurluannrs
572 3956 597 4001 et
608 3943 800 4023 perspicaciam
815 3958 841 4003 et
853 3945 991 4051 integrita·
1042 3960 1106 4005 runt
1117 3946 1215 4026 partim
1224 3945 1355 4027 Ephesini
1364 3945 1445 4017 Cleri,
1458 3947 1556 4026 partim
1569 3948 1780 4030 episcoporum,

94 4015 223 4113 ilis.et
184 4006 237 4049 ‘'b''
247 4054 329 4101 tatem
350 4036 501 4109 metuebat,
521 4034 665 4112 quemdam
686 4057 701 4094 e
722 4036 901 4115 proceribus,
914 4039 991 4117 cujus
1040 4036 1192 4116 juramenta
1211 4057 1272 4095 cum
1292 4035 1475 4096 obsecratione
1494 4037 1668 4100 continentes.
1687 4041 1787 4101 Testa-

249 4129 362 4234 praedia,
378 4149 437 4208 qum
452 4127 480 4187 in
491 4128 554 4186 Asia
569 4140 656 4198 erant,
672 4128 795 4202 curabat,
808 4127 885 4204 adiit,
898 4130 992 4190 abeo·
1043 4127 1123 4188 batur
1134 4129 1238 4205 Clerus,
1255 4129 1366 4188 entheae
1377 4128 1546 4208 legesomnes
1556 4129 1659 4211 Ephesi
1670 4153 1789 4213 pessum

248 4245 301 4304 que
312 4223 479 4303 impetravit,
490 4234 521 4278 ut
535 4219 677 4300 impediret
690 4240 723 4279 ne
736 4221 871 4282 loannes
863 4244 891 4282 ιιι
899 4222 991 4282 Asiam
1045 4221 1121 4281 datas
1135 4222 1226 4295 fuisse,
1243 4209 1349 4301 jamdiu
1363 4221 1491 4282 afflictam
1506 4221 1672 4302 Ephesium
1691 4223 1789 4285 Eode-

248 4313 412 4377 concederet.
424 4313 476 4372 llle
488 4333 552 4372 vero
567 4311 596 4370 id
606 4311 710 4389 elleeit,
728 4326 756 4371 ut
770 4333 803 4372 ex
819 4315 919 4395 palatio
938 4317 992 4377 ,Ιο-
1044 4314 1113 4373 siam
1133 4333 1190 4372 esse
1212 4313 1311 4393 partim
1325 4313 1360 4372 ab
1379 4313 1506 4389 Arianis,
1521 4315 1621 4395 partim
1633 4316 1723 4377 abiis
1740 4317 1789 4396 qui

249 4408 312 4473 anui
330 4405 550 4482 denuntiaretur,
564 4403 716 4464 absurdum
737 4405 796 4465 sore
816 4405 914 4482 illurn,
929 4429 992 4467 cuin
1045 4410 1167 4470 avaritie
1180 4422 1207 4469 et
1217 4409 1377 4470 dominandi
1392 4409 1506 4470 libidine
1520 4411 1602 4490 capti,
1619 4432 1649 4471 se
1662 4413 1788 4474 Catholi-

251 4511 341 4558 tantus
363 4495 593 4575 Constantinopoli
606 4496 740 4556 tumultus
760 4511 846 4573 esset,
859 4512 885 4557 et
902 4498 993 4561 adbuc
1046 4523 1090 4562 cos
1102 4523 1158 4561 esse
1174 4501 1377 4581 gloriabantur,
1390 4500 1430 4561 sic
1452 4503 1617 4562 Antoninum
1629 4501 1790 4565 defunctam

252 4590 348 4651 Gainae
361 4588 477 4648 formido
488 4588 650 4668 persisteret,
662 4588 691 4648 in
705 4589 797 4649 Asiam
807 4591 942 4677 proficisci
956 4591 992 4652 ad
1043 4589 1258 4693 perstringebant
1268 4590 1312 4649 illi
1325 4615 1331 4649 :
1344 4590 1475 4670 rogabant
1488 4591 1567 4651 illum
1578 4591 1737 4654 festinanter
1746 4615 1791 4654 re·

250 4694 328 4742 testes
337 4678 514 4758 quaerendos
529 4701 577 4757 qur
569 4680 667 4739 faule
681 4696 787 4762 possent
800 4684 990 4744 Constantino-
1045 4681 1199 4761 niret,quia
1212 4682 1270 4762 lupi
1283 4680 1394 4761 quidam
1408 4684 1540 4762 erantqui
1554 4685 1670 4764 pessuma
1681 4686 1793 4767 episco-

249 4771 324 4854 pelin
344 4768 462 4830 adduci.
455 4783 639 4871 quapropter
653 4790 669 4830 a
683 4773 820 4852 proposito
833 4772 937 4836 destitit
946 4779 992 4839 Jo-
1044 4775 1133 4856 palem
1145 4774 1236 4835 sedem
1246 4796 1339 4855 rapere
1351 4774 1497 4837 tentabant
1506 4775 1656 4837 Haeccausa
1667 4777 1794 4860 Chryso·

248 4884 339 4924 annes.
354 4859 524 4921 Antoninus
517 4860 624 4919 interim
638 4858 668 4918 rd
678 4861 798 4922 lucratus
807 4878 856 4940 est
869 4887 903 4926 ne
913 4879 992 4928 testes
1044 4866 1484 4948 stemoluitsuscipiendiAsiatici
1495 4867 1718 4949 itineris,dequo
1727 4891 1794 4935 mox

248 4956 381 5027 uenirent,
394 4973 462 5032 quos
474 4965 556 5011 ettam
563 4964 610 5011 aut
624 4953 737 5030 pecunia
751 4970 798 5015 aut
811 4960 928 5037 potentia
942 4981 992 5021 sua
1045 4960 1158 5021 dicetur.

248 5048 381 5127 set'ugare
394 5044 611 5126 possesperabat.
623 5043 992 5132 HaecJoannesprospicieus,
1084 5055 1158 5112 Dum
1173 5053 1392 5131 baecagereutur,
1406 5050 1659 5114 HomilinsinActa
1672 5056 1795 5136 Aposm·
1849 5076 1852 5101 ³

248 5159 310 5199 cum
330 5137 443 5242 Synodo
464 5135 598 5197 deliberat
614 5135 746 5214 quosdam
761 5159 795 5199 ex
814 5145 991 5221 presentibus
1044 5146 1132 5206 lorum
1145 5144 1239 5205 habuit
1249 5143 1469 5225 chrysostomus,
1480 5164 1547 5222 quas
1554 5141 1836 5238 cupirpouQusg

246 5230 380 5312 episeopis
394 5229 422 5288 in
443 5229 534 5290 Asiam
558 5229 711 5290 mitteread
724 5230 926 5313 interrogandos
947 5251 990 5297 te-
1043 5238 1239 5318 dragesimam,
1255 5251 1285 5296 ut
1299 5238 1357 5318 ipse
1376 5234 1444 5296 dicit
1458 5235 1539 5295 Hom.
1555 5236 1569 5296 l
1575 5258 1626 5318 ,p
1619 5240 1823 5320 .l.⁷s,atquet

245 5335 307 5384 stes.
315 5321 420 5382 Adesm
432 5342 489 5382 rem
501 5334 553 5381 1101
565 5319 642 5380 electi
652 5335 715 5383 811111
728 5323 859 5406 episcopi,
867 5327 989 5408 Syncle·
1045 5343 1074 5389 ιιι
1086 5345 1225 5411 putamus,
1234 5329 1431 5408 diximusque
1423 5349 1452 5391 ru
1472 5328 1587 5409 Monito,
1602 5342 1734 5414 tempore
1743 5334 1817 5397 Pa·
