3714 5970
709 456 801 503 nunc
827 457 958 506 rnrrrun
984 460 1181 511 auonnrrs.
1627 451 1691 521 183

153 573 214 648 dii,
226 575 328 656 inquit,
342 577 492 659 presbyteri
506 579 634 651 santulus,
650 579 854 659 quinquaginta,
868 593 897 639 ut
954 583 1014 642 Non
1034 599 1119 665 potest
1132 588 1204 648 cuim
1219 588 1338 650 Ecclesia
1352 612 1408 653 esse
1424 591 1480 652 sine
1494 594 1629 676 episeopo.
1651 600 1692 659 lta

153 670 248 742 aiunt,
264 669 354 729 aureis
367 669 528 749 conductus,
546 686 576 733 ut
589 673 618 733 S.
633 674 762 734 Joanucm
776 673 840 733 dolo
856 672 899 731 in-

154 759 299 835 terficeret,
315 783 378 821 cum
389 762 571 845 deprehensus
584 779 651 825 esset
666 779 720 826 tres
733 765 837 845 gladios
847 765 898 824 ba-

152 850 380 936 bereseptemex
389 856 425 916 iis
435 857 481 935 qui
491 857 898 940 ipsumapprebenderanqper-

117 964 143 1010 a·
155 945 239 1004 cussit
261 969 269 1004 ε
289 969 407 1026 quorum
425 962 542 1028 quatuor
557 949 684 1008 contiuuo
704 948 802 1031 sepulti
822 963 895 1024 sunt,

154 1049 210 1097 tres
228 1059 295 1099 vero
315 1039 364 1098 alii
383 1054 445 1121 post
466 1039 626 1101 diuturnam
645 1039 809 1100 curationem
828 1041 897 1102 salvi

153 1151 274 1191 erasere.

953 674 1164 739 misericordiam
1183 684 1403 761 consequemini:
1420 701 1445 743 et
1463 708 1593 749 memores
1611 704 1694 752 estote

952 767 1004 826 mei
1016 769 1044 829 in
1057 771 1223 832 orationibus
1235 775 1339 835 restris.
1354 775 1484 836 lllaevero
1496 777 1623 861 lacrymis
1633 805 1692 863 per-

951 858 1028 934 fusae,
1046 861 1082 922 ad
1100 863 1158 944 ejus
1175 863 1256 946 pedes
1274 866 1499 944 advolvebantur.
1518 873 1596 930 Tune
1607 875 1692 935 Joan-

951 969 998 1008 nes
1009 951 1132 1027 innuens,
1144 954 1251 1014 cuidam
1263 977 1277 1014 e
1289 957 1447 1018 venerandis
1458 960 1624 1043 presbyteris
1637 966 1674 1024 ait
1684 991 1690 1025 :

951 1045 1056 1105 Amore
1064 1067 1109 1104 eas
1120 1046 1193 1119 binc,
1205 1068 1238 1107 nc
1248 1049 1379 1128 populum
1389 1051 1556 1131 perturbent.
1565 1055 1616 1116 llle
1628 1078 1691 1118 vcro

951 1153 999 1211 per
1013 1151 1118 1216 partem
1138 1138 1303 1199 Orientalem
1326 1162 1450 1222 egressus
1473 1159 1526 1220 est;
1546 1162 1689 1228 postquam

102 1274 144 1302 a·-
194 1221 245 1282 His
261 1224 427 1305 conspectis,
440 1223 488 1304 qui
508 1223 679 1284 ferventiores
697 1239 772 1284 eraut
788 1225 896 1306 exple·

102 1324 141 1364 ’κίε
152 1312 200 1385 be,
215 1316 348 1376 Joanuem
366 1316 502 1375 custodire
517 1330 667 1397 coeperunt,
680 1331 761 1376 noctu
774 1331 801 1377 et
814 1317 895 1377 inter·

102 1398 204 1465 e''diu
221 1407 334 1469 alteruis
353 1407 461 1467 vicibus
483 1408 647 1490 episcopales
667 1408 738 1469 ardes
757 1410 896 1470 circumsi-

101 1499 255 1562 .⁸.deutes.
274 1502 339 1563 llaec
357 1523 412 1562 uon
429 1523 507 1582 aequo
526 1502 617 1562 animo
635 1503 748 1562 ferentes
764 1504 894 1584 episcopi,

946 1225 1063 1304 jusserat
1082 1250 1182 1308 equum
1205 1253 1284 1291 suum
1297 1231 1340 1292 'ad
1361 1248 1464 1314 partem
1489 1238 1690 1300 Occidentalem

949 1316 1058 1393 adduci,
1067 1335 1097 1379 ut
1110 1321 1226 1403 populus
1238 1344 1268 1383 eo
1280 1345 1308 1382 se
1319 1325 1447 1385 conferret
1462 1353 1468 1385 ε
1487 1327 1577 1407 sicque
1588 1329 1636 1389 illo
1647 1331 1691 1412 pie
1700 1347 1736 1386 trs

948 1407 1057 1488 deluso,
1071 1413 1206 1493 profectus
1221 1429 1273 1488 est,
1287 1429 1314 1476 et
1329 1436 1357 1476 se
1372 1418 1505 1478 militibus
1515 1419 1647 1498 tradidit,
1660 1424 1688 1484 id

950 1509 1135 1566 tantummodo
1146 1523 1265 1586 questus,
1274 1512 1345 1589 quod
1357 1526 1449 1572 contra
1457 1513 1527 1594 leges
1537 1515 1687 1597 ejiceretur,
1746 1524 1844 1570 tornae·

151 1595 201 1674 qui
221 1609 317 1656 contra
340 1597 471 1657 loannem
492 1609 680 1667 convenerant,
706 1593 896 1655 ecclesiasticas

148 1685 224 1765 leges
240 1687 342 1748 calcari
362 1701 567 1766 conquerentes,
591 1686 626 1747 de
644 1687 692 1746 illo
716 1709 827 1769 prorsus
847 1689 895 1767 eii·

101 1779 249 1841 *ciendo
269 1779 467 1841 deliberabant.
492 1780 594 1852 Quinto
613 1793 704 1840 autem
720 1794 780 1861 post
801 1781 895 1843 Pente·

148 1887 240 1933 costen
262 1871 319 1949 die,
344 1873 473 1947 Aeacius,
493 1872 665 1945 Severianus,
688 1871 836 1935 Antiochus
855 1891 894 1937 at·

148 1984 203 2043 que
220 1965 344 2046 Cyrinus
369 1963 561 2044 imperatorem
583 1962 699 2034 adeunt,
723 1963 895 2026 adulatoriis-

146 2077 201 2135 que
211 2078 246 2117 ac
259 2057 357 2117 fucatis
365 2056 513 2138 premissis
527 2055 628 2129 verbis,
640 2069 747 2134 rogant,
763 2058 893 2119 Joannem

146 2149 283 2229 qrisoopis
308 2148 526 2230 presbyterisque
547 2168 673 2228 perosum
701 2148 762 2229 ejici
782 2149 893 2230 jubeat,

147 2242 222 2322 quod
239 2243 299 2322 jam
316 2242 443 2302 dixerant
463 2241 617 2314 efferentes,
635 2261 740 2328 nempe,
761 2239 788 2299 in
811 2256 893 2323 caput

146 2356 228 2395 suum
243 2335 302 2394 fore
314 2332 426 2397 Joanuis
436 2330 641 2413 depositionem,
654 2332 677 2391 si
689 2353 784 2415 nempe
793 2333 892 2415 injusta

145 2441 226 2490 esset.
241 2426 293 2488 llis
302 2447 338 2487 ex
352 2425 480 2484 facilitate
491 2423 573 2483 nimia
587 2424 670 2484 fidem
683 2424 784 2485 babens
797 2425 891 2508 lnrpe-

109 2523 113 2529 '
145 2533 231 2596 rator,
247 2518 365 2579 instante
379 2538 485 2597 quoque
502 2515 629 2577 Eudoxia
647 2523 780 2596 Augusta,
803 2520 891 2580 Patri·

145 2612 220 2673 ciram
234 2611 381 2673 Notarium
394 2609 480 2687 misit,
496 2609 543 2688 qui
557 2607 615 2668 bec
626 2609 722 2670 loanni
738 2610 890 2689 nuntiaret,

144 2726 243 2786 nerupe
257 2704 401 2777 Acacium,
416 2701 594 2776 Antiochum,
605 2699 780 2761 Severianum
795 2716 820 2761 et
835 2705 890 2784 Cy·

144 2797 236 2857 riuum
250 2795 447 2878 depositionem
457 2794 543 2876 ipsius
552 2793 663 2855 Joauuis
675 2793 703 2852 in
715 2810 795 2874 caput
809 2816 889 2856 suurn

144 2887 477 2969 conjecisse:quapropter
488 2887 580 2946 seDco
586 2886 786 2963 commendans,
796 2887 889 2949 Eccle-

143 2980 182 3040 aia
196 2979 350 3040 ucduec
362 2981 438 3039 Tum
451 2981 566 3041 loannes
575 2977 763 3060 episcopisqui
778 2979 889 3040 aderant

143 3071 217 3133 dixit
228 3071 350 3135 :Venite
362 3092 516 3153 precemur,
528 3084 553 3129 et
566 3069 662 3150 angelo
674 3069 800 3131 Ecclesia
811 3072 887 3131 vale·

142 3163 281 3240 ὅπως
300 3165 381 3225 letus
398 3162 510 3247 quidem
523 3162 560 3222 ob
572 3184 722 3236 erumnas,
735 3163 782 3222 sed
795 3162 888 3224 dolens

141 3256 176 3317 de
188 3257 288 3339 populi
306 3277 429 3317 artetum.
442 3255 523 3316 Tunc
538 3275 602 3315 vero
621 3253 732 3334 quidam
746 3275 780 3313 ex
794 3276 888 3335 proce·

142 3350 236 3425 ribus,
256 3349 303 3411 vir
321 3347 442 3430 probus,
460 3350 590 3411 Joannan
604 3345 709 3407 monuit
729 3369 736 3405 r
754 3347 886 3422 Lucium,

141 3443 272 3505 audacem
285 3444 387 3519 virum,
400 3463 463 3503 cum
478 3440 611 3502 militibus
621 3441 648 3499 iu
660 3455 769 3521 promtu
780 3454 887 3517 esse,ut

142 3537 163 3596 si
175 3535 378 3597 mntradioeret
393 3534 437 3594 vel
453 3533 589 3608 differret,
607 3532 654 3592 ille
666 3533 757 3614 ipsum
770 3534 888 3593 traheret

141 3642 222 3708 atque
233 3627 398 3710 expelleret5
410 3647 443 3687 ac
456 3624 606 3706 periculum
621 3645 677 3684 esse
684 3669 694 3701 ,
709 3639 888 3685 recommota

142 3722 216 3800 plebs
229 3742 297 3782 eum
309 3718 445 3781 militibus
459 3737 578 3798 pugnam
599 3720 787 3777 committeret.
806 3717 887 3778 Tunc

142 3816 258 3876 taam
270 3834 337 3874 eum
348 3811 480 3893 lacrymis
492 3809 596 3889 aliquot
612 3831 647 3869 ex
662 3808 793 3890 episcopis
811 3831 888 3869 oseu-

142 3906 221 3983 latur,
233 3905 358 3984 reliquos
369 3904 442 3964 enim
456 3900 571 3962 osurlari
586 3921 638 3961 non
655 3901 825 3981 permittebat
836 3901 886 3961 do-

142 3998 193 4076 lor,
210 3997 320 4060 ceteris
330 3997 406 4056 intus
422 3994 451 4053 in
466 3992 582 4054 samario
595 3991 726 4051 valedixit
741 4013 749 4050 ε
766 3995 886 4067 blanetc,

144 4091 277 4173 iuquiens,
293 4088 342 4148 laic
354 4087 478 4160 interim,
491 4098 521 4143 ut
533 4081 671 4144 modicum
683 4083 827 4162 quiescam.
843 4086 885 4144 ln·

144 4205 248 4264 guars
259 4195 357 4242 autem
368 4179 397 4240 iu
410 4177 613 4261 baptisterium,
628 4175 822 4258 Olympiadem
839 4200 886 4238 vo·

145 4293 195 4352 eat,
207 4297 271 4357 quar
293 4274 331 4334 ab
350 4272 471 4335 Ecclesia
493 4291 546 4331 nou
564 4267 731 4343 discedebat,
752 4269 886 4349 etiamque

145 4367 340 4430 Pmmdiamet
349 4363 476 4425 Proclam
484 4361 657 4438 diaconissas,
665 4362 798 4423 Silvinum
805 4364 885 4424 etiam

145 4461 173 4523 ll.
183 4458 312 4523 Nebridii
325 4478 450 4531 uxortua,
465 4477 525 4536 que
538 4455 699 4515 viduitatem
713 4476 789 4514 suam
804 4455 884 4516 bone

146 4567 207 4614 aare
215 4575 249 4614 ac
256 4549 391 4613 modestia
404 4549 567 4625 decorabat,
580 4549 704 4628 ipsasque
713 4549 752 4607 sic
762 4548 884 4630 alloquu-

145 4659 184 4706 tus
201 4660 243 4707 est
260 4669 270 4706 e
285 4643 430 4715 Venite,o
445 4642 525 4717 filia,
539 4639 631 4700 audite
646 4662 698 4701 mc.
715 4641 783 4713 Quae
792 4641 827 4702 ad
841 4664 884 4702 me

146 4740 266 4812 attinent,
282 4737 367 4798 finem
387 4750 418 4796 ut
436 4733 518 4796 video
537 4733 652 4808 babent,
669 4754 778 4793 cursum
792 4755 883 4794 mcum

147 4831 324 4893 connrmmavi
331 4875 343 4907 ,
359 4843 385 4890 et
399 4829 469 4888 forte
483 4826 589 4887 vultum
603 4847 693 4886 meum
705 4846 756 4884 non
767 4825 884 4905 amplius

147 4925 276 4985 videbitis.
293 4922 353 4983 Huc
373 4941 460 4981 uuum
476 4933 516 4979 est
534 4918 609 4997 quod
630 4938 711 4998 rugo,
724 4938 758 4976 ne
772 4938 788 4976 a
805 4915 882 4976 solita

149 5037 204 5100 ega
215 5017 366 5081 Ecclesiam
381 5011 570 5074 brumolcutia
588 5032 637 5072 vos
655 5009 793 5085 avellatis,
811 5023 838 5069 et
851 5023 882 5068 ut

149 5111 232 5191 e',qui
242 5111 355 5186 invitus,
364 5128 414 5168 nec
423 5104 557 5180 ambiens,
566 5125 601 5165 ex
610 5124 738 5164 consensu
749 5103 881 5179 omniurn,

148 5199 246 5265 labruc
255 5202 350 5265 aedem
362 5199 508 5262 ordinatus
525 5211 551 5259 ct
565 5196 691 5258 inductus
706 5198 798 5269 fuerit,
814 5211 881 5257 tam·

150 5312 220 5371 {vn
238 5294 306 5359 mibi
325 5291 430 5359 smmi
453 5303 535 5373 caput
558 5304 678 5353 vestrum
700 5290 877 5352 submittatis.

949 1593 1076 1676 denegata
1096 1598 1148 1658 sibi
1167 1601 1293 1661 facultate
1308 1625 1415 1663 causam
1437 1605 1546 1666 dicendi
1573 1609 1606 1667 ad
1622 1610 1687 1691 legi·
1699 1586 1841 1694 xuffiffh„

949 1686 1152 1770 timosjudices,
1170 1693 1244 1771 quod
1257 1708 1345 1754 tamen
1360 1696 1504 1758 homicidis
1519 1713 1544 1760 et
1558 1700 1689 1762 adulteris
1699 1712 1803 1755 wiburn

948 1781 1143 1844 concedebatur
1160 1807 1318 1866 :parvoque
1332 1787 1473 1868 impositus
1490 1793 1614 1872 navigio,
1635 1810 1688 1856 sta·
1699 1773 1837 1820 ΝΜ·

948 1870 997 1930 tim
1016 1873 1043 1933 in
1061 1874 1219 1958 Bithyniam
1236 1892 1441 1959 transportatur.
1456 1883 1630 1945 'l'estificatur
1643 1857 1808 1966 ittegsssf‘ss'ss
1823 1858 1840 1901 ¹'

947 1984 1006 2040 eos,
1020 1967 1067 2044 qui
1087 1990 1115 2027 se
1128 1969 1155 2028 in
1171 1969 1298 2030 exsilium
1309 1971 1459 2048 ducebant,
1473 1996 1566 2036 curam
1581 2000 1688 2040 omneru
1714 2001 1758 2062 Ep.
1775 2016 1802 2047 ιο
1822 2013 1838 2047 ι.

946 2071 971 2115 et
980 2058 1100 2119 studium
1111 2060 1279 2138 adlribnisse,
1291 2065 1370 2124 etiam
1383 2066 1535 2146 plusquam
1547 2055 1688 2151 ipsevolc-
1699 2060 1722 2107 ³·
1735 2078 1750 2122 Ρ
1770 2064 1825 2122 ⁵9⁰·

946 2147 1009 2221 bat,
1023 2166 1052 2210 ut
1070 2153 1160 2233 ipsum
1179 2170 1327 2215 recrearent
1341 2179 1372 2216 ac
1388 2159 1536 2220 reficerent.
1552 2165 1688 2225 Profectus
1699 2148 1771 2227 Epist.
1785 2161 1839 2195 ’²¹'

946 2255 986 2301 est
999 2256 1088 2303 autem
1105 2247 1145 2305 20
1160 2246 1235 2308 Junii
1251 2249 1314 2308 anni
1327 2247 1386 2308 tut
1402 2271 1409 2308 :
1423 2265 1448 2309 et
1462 2251 1584 2333 Nicaeam
1595 2254 1622 2314 in
1638 2257 1688 2316 lli·

945 2333 1039 2415 tlrynia
1054 2335 1187 2397 adductus
1202 2353 1252 2415 cst,
1269 2340 1317 2399 ubi
1332 2341 1467 2419 usquead
1484 2358 1608 2422 quartam
1619 2347 1687 2409 Julii

945 2426 1051 2485 mansit.
1070 2428 1139 2488 Cum
1152 2428 1200 2488 illo
1213 2444 1289 2489 crant
1302 2431 1400 2490 Nicaeae
1414 2433 1546 2514 Cyriacus
1561 2437 1688 2496 Sinnadae
1718 2450 1803 2498 Fallat.
1815 2468 1839 2512 p.

944 2515 972 2575 iu
984 2516 1116 2599 Phrygia,
1133 2532 1158 2578 ct
1173 2519 1304 2601 Eulysius
1315 2523 1438 2602 Apameae
1451 2523 1478 2582 in
1489 2525 1619 2608 Brtlrynia
1630 2530 1686 2610 cpi·
1696 2511 1739 2571 ⁹³·

943 2608 1030 2688 scopi,
1048 2610 1095 2688 qui
1109 2631 1141 2669 eo
1154 2609 1239 2676 vincti
1254 2611 1364 2672 adducti
1381 2628 1477 2687 erant;
1492 2617 1537 2676 sed
1551 2633 1644 2699 postea
1659 2635 1688 2681 ut

943 2698 1073 2780 inculpati
1085 2700 1191 2760 dimissi
1200 2702 1284 2765 fuere.

982 2791 1102 2863 Quidam
1122 2808 1212 2852 autem
1225 2815 1261 2855 ex
1275 2795 1386 2856 loannis
1414 2797 1548 2870 inimicis,
1563 2799 1688 2863 timentes
1721 2823 1809 2868 soson
1821 2822 1838 2866 t.

942 2905 985 2957 ne,
1001 2880 1023 2943 si
1037 2885 1154 2966 populus
1172 2886 1220 2966 qui
1234 2886 1259 2945 in
1271 2888 1379 2948 ecclesia
1394 2904 1452 2949 erat
1465 2889 1612 2951 discessum
1628 2895 1687 2976 ejus
1696 2883 1720 2933 ⁸·
1732 2900 1753 2928 ⁶·
1767 2899 1806 2932 ²²·

941 2992 1113 3057 agnosceret,
1129 2977 1207 3036 illum
1221 2978 1409 3059 insequeretur
1419 3003 1451 3040 ac
1464 2981 1551 3042 redire
1562 3001 1687 3066 cogeret,

940 3069 1013 3130 fures
1032 3070 1150 3130 ccclesiae
1179 3070 1358 3132 occluserunt.
1385 3075 1432 3134 Ex
1447 3074 1481 3134 iis
1507 3097 1571 3137 vero
1591 3080 1637 3157 qui
1659 3080 1687 3140 in

940 3159 1036 3239 plateis
1049 3175 1135 3234 crant,
1150 3161 1197 3220 alii
1209 3160 1243 3220 ad
1252 3184 1326 3222 marc
1342 3182 1515 3227 accurrerunt
1526 3182 1557 3227 ut
1566 3191 1627 3228 cum
1638 3193 1685 3230 us-

940 3267 1132 3330 sequerentur,
1148 3253 1194 3312 alii
1209 3258 1281 3313 metu
1299 3258 1436 3316 conterriti
1455 3261 1548 3339 fragam
1560 3263 1684 3345 arripue-

940 3364 980 3415 re,
994 3345 1166 3425 lmperatoris
1181 3347 1249 3406 iram
1261 3349 1361 3408 veriti:
1379 3350 1397 3408 ii
1413 3373 1477 3410 uero
1490 3353 1536 3432 qui
1556 3354 1584 3414 in
1602 3356 1685 3416 ecclc·

939 3433 1079 3515 siacrant,
1094 3435 1122 3494 vi
1138 3459 1233 3516 magna
1250 3454 1341 3521 portas
1351 3443 1521 3523 effregerunt.

980 3530 1053 3588 Inter
1069 3527 1130 3587 lraec
1143 3528 1251 3590 flamma
1270 3533 1297 3590 in
1317 3532 1363 3592 illa
1377 3532 1452 3609 sede,
1465 3535 1493 3595 in
1511 3559 1564 3617 qua
1581 3539 1684 3601 solebat
1734 3559 1837 3606 Ecetrae„

943 3621 1060 3682 Joannas
1077 3618 1248 3698 concionari,
1263 3622 1358 3682 emissa
1372 3639 1428 3703 est,
1446 3641 1472 3687 ct
1492 3651 1630 3711 progressa
1647 3623 1832 3693 adrumentum.

940 3727 1038 3774 tectum
1053 3735 1137 3792 usque
1152 3715 1273 3793 peruenit
1284 3728 1420 3796 totamque
1436 3720 1582 3782 combussit
1600 3726 1683 3785 ecclc-
1709 3712 1822 3770 mm?

938 3805 1007 3865 siam
1025 3828 1031 3861 :
1048 3805 1112 3867 inde
1127 3829 1194 3867 sero
1216 3805 1368 3867 transiliens
1393 3809 1501 3870 flamma
1525 3814 1593 3873 nihil
1617 3820 1681 3878 mali
1692 3788 1733 3833 φ’
1745 3787 1785 3833 91·

939 3898 1101 3980 interposita
1119 3899 1214 3983 populi
1230 3900 1405 3960 multitudine
1425 3902 1551 3985 inferens,
1563 3907 1599 3968 ad
1612 3911 1682 3972 ardes

939 4009 1045 4054 senatus
1060 3996 1187 4056 transiliit
1197 3995 1292 4055 multis
1307 3997 1579 4082 passibusdistautesy
1594 4006 1682 4084 quod-

938 4109 992 4166 que
1013 4089 1114 4148 mirum
1134 4087 1276 4162 videatur,
1299 4088 1399 4149 aedium
1418 4091 1528 4153 illarum
1549 4116 1604 4156 nou
1622 4121 1681 4159 cam

924 4249 926 4252 Α
938 4194 1043 4262 partem
1059 4203 1120 4260 quar
1134 4180 1277 4240 ecclesiam
1290 4181 1461 4262 respiciebat,
1476 4185 1523 4244 sed
1539 4187 1679 4249 adversam

940 4287 1054 4354 partem,
1068 4296 1126 4354 quae
1142 4273 1248 4334 Palatio
1261 4274 1398 4354 imperiali
1415 4278 1538 4356 proxima
1552 4296 1621 4361 erat,
1634 4285 1680 4344 in-

939 4366 1021 4438 vasit,
1034 4366 1161 4445 atqriesic
1172 4365 1241 4425 aedcs
1250 4365 1310 4424 illas
1319 4365 1346 4425 in
1356 4367 1477 4427 cinerem
1490 4370 1603 4450 redegit,
1618 4396 1680 4437 nec.

938 4479 994 4521 non
1009 4459 1151 4519 ecclesiam
1162 4473 1188 4518 ct
1202 4459 1297 4519 domos
1312 4459 1519 4541 circumquaque
1534 4466 1646 4546 positas,
1655 4487 1680 4530 et

937 4551 987 4610 soli
1000 4550 1121 4611 aediculae
1135 4551 1272 4633 pepercit,
1292 4550 1383 4629 inqua
1398 4573 1473 4635 sacra
1487 4576 1552 4615 vasa
1563 4561 1679 4639 reposita

937 4658 1021 4703 eraut.
1040 4645 1099 4706 Non
1112 4665 1209 4702 aurum
1223 4643 1354 4701 reveritus
1367 4657 1407 4703 est
1420 4644 1490 4724 ignis
1495 4692 1504 4723 ,
1518 4669 1566 4708 nec
1579 4673 1679 4733 argen-

938 4749 1015 4812 tum,
1030 4736 1118 4814 inquit
1131 4733 1286 4813 Palladiusy
1303 4734 1350 4794 sed
1369 4749 1401 4795 ut
1423 4757 1457 4796 uc
1476 4739 1551 4801 locus
1570 4743 1680 4808 daretur

937 4826 1177 4887 calumniatoribus
1183 4827 1303 4888 loannis.
1315 4827 1563 4910 Theophilusenim
1571 4835 1679 4900 dicebat

936 4921 1027 5001 ipsum
1045 4919 1162 4979 ecclesie
1181 4918 1294 4980 mobilia
1318 4921 1483 5006 vendidisse.
1501 4929 1605 4988 Verum
1621 4953 1679 4992 rem

935 5014 1030 5073 falsam
1043 5035 1099 5074 esse
1112 5011 1212 5073 elarius
1224 5011 1321 5072 enituit
1331 5034 1365 5072 ex
1378 5013 1517 5076 breviculo
1528 5019 1585 5096 illo,
1597 5045 1678 5101 queur

936 5106 1088 5166 Germanus
1100 5106 1243 5186 presbyter
1252 5119 1279 5165 et
1292 5105 1436 5166 Cassianus
1450 5106 1678 5175 diaconusobtu-

935 5196 999 5274 lere,
1011 5197 1136 5259 efferente
1153 5196 1225 5278 quod
1240 5197 1353 5279 pretiosa
1369 5220 1432 5259 vasa
1443 5201 1614 5268 tradidissent
1635 5232 1681 5269 co-

935 5313 993 5353 ram
1016 5290 1154 5367 udicibus,
1165 5290 1262 5355 Studio
1275 5291 1405 5355 Praefecto
1421 5294 1507 5373 urbis,
1525 5298 1672 5385 Eutychia-
