3750 6052
289 679 359 750 θνα
873 705 1082 755 rnsrruonra
1110 708 1270 756 urrunnu

287 821 440 903 cogitasset,
463 823 564 905 quippe
585 812 706 884 nondum
728 823 882 887 exsistens?
904 827 935 887 si
957 827 1029 888 enim
1084 830 1166 906 μήπω
1184 829 1252 908 μηδί
1266 832 1432 912 ύριοτῦιτοςρ
1445 832 1480 893 Εἰ
1493 831 1547 916 γδρ
1564 832 1719 913 σωφρόνων
1738 832 1815 892 losio
1827 834 1873 892 ἀν-

287 913 463 995 prudentium
477 915 598 975 virorum
615 930 655 976 est
668 937 721 976 non
734 916 769 976 ab
788 937 819 977 eo
834 939 927 999 poenas
939 920 1031 1000 exige.
1084 923 1153 1001 δρῶν
1166 922 1197 981 τὸ
1214 922 1398 1001 μελετήσαντα
1416 923 1466 1002 μίν
1486 925 1664 1006 ἀμαρτῆσαι,
1678 921 1723 1002 μή
1746 924 1872 1004 ἁμαρτή-

286 1028 317 1066 τσ
335 1008 382 1088 qui
396 1029 505 1089 peccare
518 1007 629 1088 quidem
644 1008 784 1099 cogitavit,
801 1011 921 1071 nondum
940 1026 1030 1072 tamen
1084 1036 1167 1073 σαντα
1184 1014 1223 1087 δί,
1235 1012 1273 1091 μή
1297 1014 1463 1095 εἰσπράττειν
1492 1014 1603 1085 εθθύνας
1631 1016 1849 1099 ἁμαρτημάτων
1865 1040 1872 1055 ·

286 1099 427 1180 peccavit;
445 1099 580 1178 quomodo
594 1100 644 1161 Dei
659 1121 716 1161 esse
730 1102 814 1183 possit
827 1102 861 1162 ab
878 1124 920 1177 eo,
936 1104 984 1184 qui
998 1125 1031 1163 ne
1082 1097 1153 1178 ήποο
1165 1129 1196 1184 γε
1207 1104 1238 1164 ἀν
1249 1104 1290 1176 είη
1304 1107 1386 1178 Θεοῦ,
1398 1105 1443 1165 τὸν
1457 1106 1524 1186 μηδὲ
1539 1106 1739 1185 μελετήσαντα
1755 1106 1872 1186 ἐξαμαρ-

286 1191 432 1252 meditatus
444 1191 555 1271 quidem
567 1193 602 1252 sit
616 1214 738 1274 peccare,
752 1214 845 1275 poenas
858 1209 1030 1276 peccatorum
1082 1200 1162 1268 τῖ’,σαι
1171 1196 1218 1265 τάς
1231 1200 1285 1256 τῶν
1301 1196 1496 1277 ἡμαρτηκότων
1511 1200 1638 1259 ἀνταιτεῖν
1652 1198 1756 1271 δίκαςς
1767 1197 1816 1258 καὶ
1829 1198 1871 1256 τό·

286 1285 415 1364 exigere?
429 1285 578 1366 praesertiru
592 1306 655 1345 cnm
667 1299 730 1345 tunc
744 1306 825 1365 grave
838 1301 976 1366 peccatum
989 1308 1030 1346 es·
1083 1311 1113 1348 τε
1127 1291 1246 1369 χαλεποῦ
1261 1287 1309 1366 μίν
1322 1287 1396 1357 όντος
1409 1294 1454 1349 τοῦ
1468 1289 1667 1371 ἁμαρτήματος
1679 1293 1764 1364 (πῶς
1777 1289 1831 1371 γάρ
1844 1295 1871 1351 οῦ

284 1389 324 1435 set
340 1399 348 1432 r
373 1376 529 1455 (quomodo
549 1377 620 1436 enim
642 1398 696 1438 non
715 1398 799 1458 grave
821 1378 901 1437 luerit
918 1377 1028 1438 Domini
1047 1383 1067 1433 G
1083 1378 1202 1460 χαλεπόν
1219 1381 1341 1453 ἀθέτησις
1356 1383 1513 1455 δεσποτικῆς
1531 1385 1680 1460 metm)
1692 1384 1747 1444 οὔκ
1762 1383 1870 1443 ἀνιάτω

282 1484 449 1551 praeceptum
462 1468 623 1551 despicere?
634 1475 645 1546 )
657 1491 709 1530 nou
724 1469 874 1530 incurabile
889 1491 955 1530 vero
967 1491 1028 1552 pec·
1084 1470 1112 1532 δί
1127 1473 1251 1551 ἐσομένου
1262 1518 1270 1546 ,
1282 1478 1316 1554 τῇ
1338 1475 1431 1557 ἀράτιρ
1444 1474 1632 1558 ριλανθρωπίερ
1644 1480 1697 1537 τοῦ
1714 1475 1871 1545 πλάσαντος

283 1576 374 1622 catu·
388 1563 511 1621 luturum
529 1577 587 1622 erat
603 1584 640 1623 ex
657 1560 790 1622 ineffabili
806 1561 961 1623 Conditoris
974 1563 1026 1622 cle-
1082 1564 1128 1625 καλ
1142 1571 1188 1626 τοῦ
1201 1564 1425 1648 προποπλάστοι,
1437 1570 1473 1635 είς
1486 1566 1535 1641 τήν
1547 1567 1669 1650 ἀρχαίαν
1681 1568 1869 1648 ἀπανάγοοθτι

282 1655 393 1729 mentia,
407 1655 528 1736 primum
541 1654 680 1715 hominem
696 1653 737 1712 ad'
745 1653 888 1734 pristinam
901 1655 1025 1735 dignita·
1082 1657 1222 1735 μέλλοντος
1247 1658 1388 1736 εὐγένειαν.
1407 1658 1494 1721 Ὦστι
1514 1662 1538 1722 εί
1564 1659 1606 1738 μή
1624 1665 1777 1741 προῖῑκτο,
1804 1661 1870 1721 διότι

284 1763 338 1808 tem
350 1749 515 1810 revocatori.
527 1748 621 1826 Itaque
632 1745 655 1806 si
666 1766 719 1807 non
731 1744 855 1805 conditus
865 1747 959 1807 suisset
970 1746 1025 1828 pri-
1081 1750 1189 1829 ipsilles
1204 1752 1332 1830 ἁμαρτεῖν
1345 1754 1359 1810 ό
1370 1749 1527 1832 ἀρχίνονος,
1540 1750 1682 1812 έδείκνοτο
1699 1750 1735 1811 ἀν
1753 1753 1788 1813 τὸ
1802 1758 1869 1813 θεῖον

283 1861 346 1900 mus
358 1839 451 1906 homo.
465 1838 528 1917 quin
542 1852 701 1919 peccaturus
712 1850 783 1914 στοις
794 1837 858 1898 hinc
869 1853 1025 1918 sequeretur
1079 1841 1126 1903 τὸν
1146 1842 1229 1920 μήπω
1252 1841 1445 1924 ἁμαρτήσονται
1466 1841 1594 1919 κολάζον,
1609 1843 1659 1903 καὶ
1685 1848 1740 1915 τῆς
1759 1842 1868 1925 ὕστερον

283 1931 373 1991 Deum
387 1930 484 2013 punire
499 1950 561 1991 eum
579 1928 627 2009 qui
641 1929 762 1989 nondum
776 1945 918 2012 peccasset,
937 1945 964 1992 et
977 1953 1023 2011 po-
1081 1935 1251 2006 ἀνακλήσιως
1272 1933 1317 1994 καί
1332 1932 1464 2015 σωτηρίας
1476 1936 1655 2015 ἀποστεροῦν,
1671 1935 1725 1995 καί
1737 1935 1869 1996 τοσούτων

281 2025 393 2088 steriorc
405 2022 545 2085 vocatione
561 2036 643 2101 atque
656 2023 742 2082 salute
764 2022 891 2103 privare,
908 2037 934 2083 et
951 2044 1025 2084 crea·
1081 2028 1182 2107 ἀνδριῦν
1193 2029 1282 2086 καλοῦν
1295 2048 1324 2086 τι
1335 2025 1382 2087 καί
1395 2028 1500 2105 ἀγαθῶν
1514 2024 1614 2108 ίρημσν
1626 2024 1682 2102 τήν
1698 2026 1793 2088 κτίσεν
1804 2032 1869 2089 ἀπο-

282 2129 372 2178 turam
388 2130 427 2177 tot
448 2114 582 2194 tantisque
598 2114 666 2174 viris
681 2114 776 2174 orbam
794 2114 982 2176 ostenderet.»
1081 2126 1181 2199 ραῖνον.

131 2229 182 2273 σοι.
199 2242 219 2272 ι.
234 2227 270 2275 ι5.
324 2234 339 2266 ε
359 2210 429 2269 Cum
447 2206 559 2268 divinus
579 2207 680 2267 Paulus
698 2207 788 2279 dicat,
812 2210 1026 2287 Primogeru'tus
1122 2207 1198 2282 Ὀτι,
1209 2216 1256 2271 τοῦ
1267 2207 1336 2271 θιίοο
1348 2208 1457 2271 Παύλαο
1469 2208 1597 2284 ιίιιόντος,
1611 2207 1806 2290 Πρωτότοκος
1818 2211 1868 2271 πά-

282 2307 379 2363 otonis
389 2315 537 2374 ematuroe,
552 2300 668 2361 haretici
674 2344 682 2372 ‚
693 2324 709 2356 ο
723 2300 824 2380 inquit,
837 2326 851 2357 ι
867 2324 919 2362 nou
945 2303 1025 2364 intel·
1044 2330 1064 2377 ῃ
1082 2325 1130 2375 σης
1149 2302 1272 2375 κτίσεως,
1284 2306 1308 2362 ol
1323 2301 1465 2383 αίρετικολ,
1479 2302 1562 2384 pusi,
1576 2302 1616 2379 μή
1633 2301 1792 2372 νοήσαντες
1809 2303 1869 2386 περί

280 2393 394 2474 ligentes
411 2393 447 2454 de
465 2414 518 2473 qna
540 2407 660 2452 creature
671 2392 808 2471 loquatur,
819 2391 853 2451 ad
875 2409 1026 2456 creaturam
1081 2393 1158 2460 ποίας
1172 2393 1282 2462 κτίσεως
1294 2392 1378 2474 λέγει,
1393 2398 1430 2464 είς
1449 2391 1550 2474 κτίσμα
1566 2394 1612 2455 τόν
1625 2395 1701 2455 Υίδν
1715 2398 1743 2456 ol
1758 2395 1867 2469 ἀνόητοι

281 2485 382 2547 Filium
398 2484 552 2566 insipientes
569 2482 738 2564 deprimunt.
753 2483 863 2563 Duplex
876 2499 965 2546 autent
987 2500 1027 2546 est
1080 2485 1299 2555 καταύιύάζουσι.
1313 2486 1397 2559 derel
1411 2487 1439 2548 δλ
1452 2491 1470 2559 ἡ
1484 2485 1674 2566 κτίσιςήμάν
1689 2487 1749 2571 γάρ
1767 2492 1868 2561 ἀστινή

281 2590 419 2653 creatura3
430 2599 482 2637 une
493 2575 605 2655 quidem
617 2577 699 2648 lacta,
709 2576 792 2635 altera
805 2593 942 2638 renovata.
950 2578 1026 2641 idem
1080 2576 1255 2658 γεγενημένη,
1267 2583 1284 2650 ή
1299 2577 1326 2639 ii
1338 2582 1355 2649 ή
1368 2578 1597 2656 ἀνακαιιιζομίνη·
1610 2579 1695 2648 αὐτὸς
1711 2580 1770 2661 γὰρ
1788 2579 1867 2639 πάλιν

127 2694 148 2724 ι.
171 2681 224 2727 σον.
243 2681 267 2729 5.
281 2669 352 2728 enim
369 2668 470 2729 Patulus
484 2670 582 2726 iterum
597 2667 695 2726 clamat
710 2690 716 2724 ε
732 2667 764 2727 Si
777 2672 881 2748 quain
896 2670 1023 2749 Christo,
1081 2670 1186 2736 Παῦλος
1203 2673 1262 2750 βοᾷ·
1274 2669 1310 2728 Et
1320 2694 1360 2737 τις
1374 2672 1400 2729 ίν
1410 2671 1537 2752 Χριστῷ,
1547 2669 1627 2742 καινὴ
1642 2671 1750 2741 κτίσις.
1761 2670 1826 2732 Ἵνα
1839 2672 1866 2731 δὲ

129 2755 166 2802 “7’
281 2782 358 2820 πονο
372 2774 521 2820 creatura.
536 2760 628 2838 thue
642 2758 742 2818 clarius
757 2759 879 2820 ostendat
896 2783 924 2821 se
937 2762 1026 2823 Chri·
1079 2764 1209 2843 λαμπρῶς
1222 2761 1354 2842 ἀποδείξῃ,
1367 2763 1409 2822 ότι
1426 2767 1473 2834 τῆς
1493 2763 1734 2836 ἀνακαινισθείσής
1753 2764 1867 2831 κτίσεως

279 2868 353 2914 stum
372 2853 464 2913 dicere
487 2864 621 2912 renouato
643 2865 771 2911 creature
793 2852 1021 2933 primogenitum,
1080 2854 1151 2934 λέγει
1171 2853 1338 2936 πρωτότοκον
1352 2853 1397 2914 τδν
1413 2854 1544 2937 Χριστὸν,
1556 2854 1672 2935 ἐπάγει,
1685 2855 1867 2936 Πρωτότοκος

128 2956 178 3004 cot.
196 2973 215 3007 r.
229 2960 266 3010 ιθ.
279 2944 366 3022 addit,
378 2948 599 3024 Primogenitus
612 2965 649 3003 ex
664 2948 799 3022 mortuis,
814 2945 882 3004 utin
895 2946 1025 3007 omnibus
1080 2949 1111 3006 ίκ
1126 2952 1240 3028 νεκρῶν,
1250 2945 1294 3007 ίνα
1303 2946 1413 3028 γίνηται
1427 2949 1454 3008 ἀν
1464 2956 1531 3007 πᾶσι
1543 2944 1708 3030 πρωτεύων,
1718 2946 1866 3030 πρωτεύειν

277 3042 380 3124 primas
400 3054 495 3101 toneat.
517 3040 625 3099 Primus
646 3053 686 3099 est
708 3054 909 3114 renovatorum,
929 3063 1023 3102 corum
1078 3040 1131 3098 τῶν
1150 3038 1404 3117 ἀνακαινιζομένων,
1419 3043 1471 3098 τῶν
1491 3039 1707 3121 είςάρθαρσίοιν
1727 3042 1866 3118 καλσομί·

277 3135 327 3214 qui
348 3133 385 3193 ad
404 3132 633 3213 incorruptionem
655 3145 801 3210 vocantur,
820 3154 914 3193 eorum
935 3135 983 3215 qui
1007 3158 1023 3196 a
1041 3138 1061 3187 Β
1078 3155 1142 3203 νων,
1154 3134 1207 3191 τῶν
1227 3135 1257 3192 ix
1272 3137 1371 3214 νεκρῶν
1386 3130 1570 3213 ἐγειρομένων·
1583 3132 1738 3212 πρωτεύειν
1751 3135 1786 3193 οίι
1797 3131 1866 3194 κατά

277 3226 392 3287 mortuis
407 3226 590 3286 suscitantur:
603 3225 719 3306 primns,
734 3246 785 3285 non
798 3225 946 3289 secundum
965 3227 1022 3288 dei·
1077 3223 1126 3296 τήν
1147 3223 1275 3299 θεύτήτα,
1296 3223 1398 3305 diceps·
1414 3222 1488 3305 ύύρις
1505 3222 1558 3304 γάρ
1578 3225 1644 3305 Θεῷ
1662 3224 1696 3284 πθ
1719 3227 1865 3285 καλεῖσθαι

277 3332 369 3394 tatem,
378 3338 480 3399 apage:
492 3316 654 3376 contumelia
664 3317 736 3377 cuim
747 3330 786 3377 cst
796 3320 853 3378 Deo
864 3320 955 3380 vocari
964 3322 1022 3401 pri·
1076 3319 1181 3397 πρῶτον
1194 3321 1247 3379 τῶν
1259 3316 1428 3393 κτισμάτων,
1440 3314 1467 3384 ός
1482 3315 1591 3398 ἀρρήτῳ
1605 3315 1685 3398 λόγῳ
1701 3316 1752 3377 καὶ
1771 3321 1865 3378 ἀνεπι-

276 3429 354 3471 mum
363 3408 609 3486 creaturarnm‚qui
621 3408 1022 3484 ineffabilitatione,etincom·
1076 3408 1163 3491 νοήτιρ
1175 3410 1294 3490 ὑπεροχῇ
1308 3407 1396 3481 πάσης
1414 3408 1594 3490 ῦπερέρτηται
1609 3408 1661 3469 καλ
1683 3411 1864 3493 ύπερέδροται

275 3501 459 3584 prehensibili·
476 3501 634 3562 excellentia
657 3523 738 3582 super
763 3523 856 3562 omncs
884 3518 1021 3566 creaturas
1077 3499 1192 3582 ρύσεως·
1204 3501 1273 3561 ἀλλά
1292 3499 1421 3580 πρωτεύει
1436 3498 1505 3561 κατά
1523 3522 1555 3578 γε
1571 3497 1621 3571 τήν
1640 3502 1863 3582 ἀνθρωπότῃσ,

275 3593 396 3655 ascendit
407 3592 534 3674 sedetque
539 3616 549 3671 ;
565 3593 612 3654 sed
631 3595 737 3676 primus
754 3607 794 3654 est
810 3593 960 3655 secuudum
974 3595 1023 3654 hn-
1077 3592 1194 3674 ἀρχηγὸς
1204 3595 1280 3671 ήμῶν
1298 3591 1411 3672 γεγονὼς
1424 3595 1471 3664 τῆς
1491 3590 1684 3671 ἀναστάσεως,
1696 3592 1747 3654 καὶ
1762 3600 1815 3668 τῆς
1833 3598 1863 3656 ἐκ

275 3690 447 3766 manitatem,
455 3690 582 3772 princeps
600 3691 686 3750 lactus
704 3689 782 3750 nobis
799 3690 1021 3764 resurrectionis,
1076 3690 1173 3766 φθορᾶς
1184 3686 1222 3752 νίς
1240 3683 1386 3764 ἀφθαρσίαν
1400 3680 1673 3765 presumptuosus·
1690 3687 1727 3747 Et
1744 3686 1804 3771 γάρ
1816 3688 1862 3749 καλ

276 3796 302 3843 et
319 3785 476 3844 mutationis
492 3805 527 3844 ex
543 3784 715 3865 corruptione
733 3783 761 3843 in
782 3783 1021 3864 incorruptionem.
1077 3776 1171 3845 Ἠλίας
1183 3776 1226 3836 τὸν
1245 3778 1301 3836 vlit
1313 3777 1457 3858 τῆεχύραα
1468 3773 1861 3856 ύῖῑνρνιααλἚλνσααῖαεαόν

275 3875 305 3937 Si
318 3877 391 3936 enim
410 3877 486 3936 Elias
505 3875 593 3934 filiurn
609 3875 699 3934 viduae
715 3876 852 3950 excitavit,
864 3890 891 3935 et
905 3877 1022 3937 Elisaeus
1075 3873 1124 3943 τῆς
1136 3868 1330 3948 Σαμανίτνδαε,
1344 3869 1389 3929 καί
1408 3869 1485 3935 “titis
1497 3873 1512 3928 ὃ
1524 3867 1621 3948 Σωτὴρ
1635 3882 1805 3953 τεταρταῖον
1817 3874 1860 3935 τάν

276 3969 364 4028 lilium
373 3968 796 4048 Somanitidis,etipseServator
809 3967 1021 4045 quatriduanum
1076 3960 1197 4041 Λᾶζαραν
1216 3958 1402 4033 ίίανὲσσησαν·
1419 3962 1478 4020 ἀλλ’
1495 3960 1577 4029 estete
1594 3963 1686 4021 αὗτῶν
1704 3965 1746 4032 εἰς
1760 3969 1863 4048 ἀρθαρ·

276 4062 408 4121 Lazarum
423 4060 568 4133 excitarit3
586 4073 614 4118 at
634 4080 712 4118 nemo
732 4079 824 4125 eorum
842 4060 879 4117 ad
896 4060 1020 4120 incorrn-
1040 4058 1059 4107 ¹
1075 4051 1135 4112 σίαν
1149 4052 1194 4113 καί
1215 4050 1359 4111 ἀθανασίαν
1374 4051 1508 4124 ἐξανίστη·
1521 4050 1602 4112 matt
1618 4051 1676 4135 γαρ
1690 4057 1785 4118 mittis
1796 4057 1861 4119 did·

276 4150 395 4230 ptionem
413 4164 439 4208 et
458 4149 688 4208 immortalitatem
702 4149 834 4207 excitatus
850 4163 888 4208 est
894 4174 903 4225 ς
922 4151 1021 4213 iterum
1075 4167 1151 4213 νατος
1163 4144 1307 4224 ίκαρίανσα,
1321 4143 1434 4225 Χριστὸς
1449 4143 1476 4203 δὲ
1495 4143 1610 4214 α’ῑνασσας
1623 4147 1657 4207 ἕνα
1670 4151 1793 4232 νεαρῶν,
1803 4152 1861 4213 αλκ·

278 4353 345 4395 vero
367 4352 510 4410 resurgens
525 4353 561 4390 ex
579 4331 710 4406 mortuis,
731 4352 783 4390 non
805 4331 875 4392 ultra
896 4336 1021 4412 moritur,
1076 4329 1135 4389 αὗδί
1147 4329 1264 4400 ἐκείνων,
1276 4327 1320 4394 oles
1331 4327 1400 4387 κατὰ
1410 4327 1459 4400 τήν
1471 4327 1593 4410 δευτέρον
1607 4331 1692 4390 αὐτοῦ
1705 4333 1861 4415 παραιτίαν

278 4447 352 4487 mors
363 4425 468 4486 illinon
483 4424 600 4505 amplius
612 4423 788 4499 dominatur3
802 4422 851 4484 sed
864 4447 949 4505 noque
965 4429 1020 4490 illis
1030 4461 1066 4501 ες,
1076 4419 1274 4494 &wita-'st
1288 4424 1373 4492 αααῆα
1387 4419 1433 4481 καί
1451 4420 1561 4501 σῖρραναα
1577 4423 1655 4500 ὑμῶν
1668 4422 1804 4503 wit-tus·
1816 4418 1861 4500 dl·

278 4540 346 4598 qnos
360 4519 388 4579 in
402 4516 579 4578 secundusne
590 4515 710 4576 adventu
722 4516 907 4581 suscitabito
921 4522 1021 4585 malam
1040 4518 1058 4562 t
1076 4517 1118 4573 θνν
1130 4517 1144 4572 θ
1155 4512 1269 4593 Χριστὸς
1282 4512 1347 4592 πρὸς
1358 4517 1438 4591 ἡμᾶς,
1448 4512 1544 4572 ἔδωκαν
1554 4518 1619 4592 ἡμῖν
1630 4512 1664 4575 αὖ
1683 4519 1772 4578 αὖααῧ
1784 4525 1862 4580 wti-

278 4627 305 4673 et
319 4612 491 4694 insipientem
503 4624 621 4670 mentem
638 4608 775 4672 vestram!
796 4611 878 4673 Venit
897 4613 1022 4677 Christus
1077 4629 1130 4683 ραι
1149 4607 1194 4666 καί
1214 4605 1327 4665 Mitt&
1340 4607 1371 4666 τί)
1388 4605 1516 4687 θρὲτερσν
1531 4610 1628 4686 σῶμα,
1642 4610 1693 4670 καί
1713 4610 1749 4672 τδ
1764 4614 1862 4676 συναλ-

278 4704 316 4764 αά
336 4726 394 4780 nos,
414 4702 489 4762 dedit
503 4701 582 4762 nobis
600 4701 727 4783 spiritum
744 4723 832 4777 strum,
853 4718 880 4765 ct
897 4709 1023 4769 assumsit
1075 4699 1168 4777 λαῖμα
1182 4701 1307 4778 προῆλθεν
1318 4698 1363 4758 ναί
1380 4699 1469 4759 λαθὼν
1483 4704 1560 4777 lpus
1573 4698 1604 4759 αὖ
1617 4699 1737 4784 φύραμα
1752 4706 1862 4789 ἀνάψει»

279 4816 379 4876 corpus
389 4808 520 4869 nostrum,
531 4807 557 4853 et
567 4795 718 4852 contractus
729 4796 873 4874 precessit,
885 4811 911 4856 et
920 4819 1023 4859 assum·
1076 4814 1121 4850 ανν
1137 4790 1212 4865 αὐτὸ,
1229 4791 1275 4851 καί
1293 4790 1412 4853 dodisset
1432 4793 1459 4850 ἓν
1474 4790 1545 4872 δεξιᾷ
1559 4799 1606 4853 τοῦ
1626 4794 1762 4875 Πατρὶς,
1777 4800 1828 4860 καί
1844 4805 1862 4873 ή

280 4904 308 4950 ta
330 4910 417 4948 massa
430 4901 524 4950 nostra
545 4888 678 4949 exaltarit
689 4888 776 4966 illum,
795 4904 821 4949 et
842 4893 980 4954 constitnit
994 4895 1021 4954 in
1076 4883 1250 4962 spopmtm
1274 4884 1321 4957 σύν
1350 4884 1501 4966 εὖαργσσίαν
1525 4883 1635 4966 ὓὸρίίαν.
1656 4884 1773 4951 Ἐλαῦε
1796 4896 1862 4973 παρ’

279 4982 391 5042 dextera
415 4982 517 5055 Patris,
536 4996 562 5041 et
583 4981 704 5060 ingratus
727 4984 833 5044 animus
857 4987 1021 5050 heneficium
1075 4980 1152 5054 νλινῶν
1164 4978 1194 5037 σὺ
1204 4976 1326 5054 πλάσμα,
1338 4977 1383 5035 καί
1394 4976 1514 5036 ίαᾶθνσαν
1525 4977 1555 5036 ἔα
1566 4975 1659 5044 δεξιῶν
1675 4988 1727 5042 τοῦ
1739 4984 1864 5067 Πατρός

280 5072 447 5136 contumelia
460 5072 555 5131 afficit.
572 5073 681 5153 Accepit
693 5096 708 5132 a
722 5075 800 5135 nobis
815 5076 984 5156 figmentum,
994 5094 1021 5140 et
1075 5068 1203 5146 ilcidopeu
1222 5069 1247 5138 ἕξ
1262 5070 1339 5129 αὗσσῧ
1353 5070 1384 5129 τὸ
1400 5073 1517 5147 πνεῦμα,
1529 5068 1574 5128 καὶ
1588 5070 1751 5155 ὖὅρῖίαρεν,
1761 5082 1794 5140 έν
1808 5081 1866 5142 κτί-

280 5167 419 5229 constituit
429 5164 464 5225 ad
479 5163 619 5225 dexteram
632 5165 720 5224 Patris
735 5188 742 5222 ι
756 5170 907 5248 accepimus
921 5168 956 5228 ab
971 5170 1020 5232 illo
1076 5184 1160 5238 αραα
1170 5162 1214 5220 καὶ
1226 5161 1325 5228 δούλας
1338 5160 1419 5221 ἀὐτὸ
1430 5161 1631 5240 καταλέγοντες.

280 5261 418 5341 spiritum,
431 5271 458 5319 et
472 5257 602 5336 injuriam
620 5257 734 5316 facimus
751 5257 781 5317 iu
793 5275 976 5323 creaturarum
994 5278 1021 5325 et

280 5351 554 5417 serrorumordinem
564 5350 643 5410 illum
655 5348 814 5429 redigentes.
834 5376 848 5408 ο

308 5488 524 5588 dromones.
543 5516 689 5585 munerun]
