3714 5970
142 470 211 543 alio

141 630 174 676 ut
187 620 284 699 sons,
301 622 384 710 crrjus
404 641 463 679 nen
478 620 615 702 deficient
627 639 724 699 oque.
740 619 771 678 si
783 619 883 678 habeas
938 619 996 678 σοί·
1012 617 1104 696 Ὀσμὴ
1120 617 1233 696 ἱματίων
1250 639 1297 680 σου
1310 619 1347 686 ὡς
1365 615 1436 695 ὀσμὴ
1450 615 1571 676 λιάάνω·
1585 617 1696 716 τουτέστι

142 697 194 756 ίιοσ
205 717 319 789 granum
330 720 359 758 m
371 700 450 760 horto
463 700 559 759 animae
569 714 637 771 tuae,
648 699 743 778 atejus
753 698 884 777 unguenti
937 700 990 756 τῶν
1004 700 1138 779 σαρκικῶν
1164 721 1210 758 σου
1234 696 1306 776 ὀσμὴ
1330 701 1366 766 ὥς
1388 695 1461 774 ὀσμὴ
1483 695 1603 756 aaran.
1616 700 1699 768 Ιίηπσς

1 791 278 858 .,,ιιι.,’,.ιι.μιιτιισσμσ
286 779 334 854 sis,
346 779 396 838 tibi
407 780 487 839 etiam
498 779 613 843 dicitur:
630 778 711 837 Odor
723 783 885 837 vestimen·
937 776 1137 856 κεκλεισμένας,
1163 777 1237 856 πηγὴ
1262 777 1478 879 ίσφραμσμίνη,
1505 779 1535 835 ol
1561 779 1699 836 ἀπυστσλιί

1 871 31 902 t2·
47 858 82 905 ¹3·
146 871 239 915 terum
261 858 677 924 tuoramsicutodortlturi55
691 857 742 915 hoo
756 872 810 933 σοι,
826 878 884 916 ear-
938 846 1086 925 σου.(ίύτος
1100 860 1115 915 ό
1130 856 1426 926 κόκκοςτοῦσιναπεως
1445 854 1492 914 lael
1508 854 1586 924 ξύλου
1601 878 1698 934 συντρι-

145 936 221 994 ιιίιιιιι
235 949 344 995 tuarum
358 937 425 997 odor
439 951 468 997 ut
488 939 555 998 odor
576 937 675 996 tlruris.
692 938 805 998 Hortus
815 958 884 996 eon·
938 934 1006 1010 Sele,
1021 937 1067 996 καλ
1081 936 1150 1013 ζύμη
1164 937 1276 1016 γεγονὼς
1286 937 1338 996 ὑπὸ
1353 941 1400 1008 τῆς
1413 934 1565 1015 παντίχνου
1578 935 1625 994 καί
1638 938 1698 994 ἀθσ·

144 1017 263 1089 clusas,
285 1019 356 1108 sons
386 1019 520 1093 signatus
545 1019 714 1076 emissiones
741 1030 809 1076 taoe.
829 1019 884 1077 lloo
936 1016 1016 1076 νάτου
1036 1016 1144 1096 σοφίας,
1162 1015 1248 1098 μιγιλς
1268 1019 1305 1083 εἰς
1329 1015 1399 1076 σάτα
1420 1013 1485 1096 τρία
1511 1013 1577 1074 attat
1629 1038 1699 1087 ,τω-

161 1117 256 1153 ranum
271 1096 371 1176 sinapis
385 1098 413 1156 in
427 1097 502 1174 ligno
515 1097 661 1155 contritum
675 1108 702 1153 et
722 1096 882 1156 fermentum
936 1095 1024 1155 πίστιν
1038 1095 1175 1176 είςψυχὴν
1189 1095 1328 1172 καὶσῶμα
1350 1094 1397 1154 καλ
1417 1099 1540 1171 πνεῦμα,
1591 1116 1607 1148 ν
1620 1101 1698 1152 πᾶσιν

142 1115 243 1234 iactum
263 1175 298 1233 ab
319 1176 427 1235 artium·
438 1176 560 1235 omnium
583 1175 668 1256 perita
687 1189 713 1234 et
737 1174 883 1236 immortali
903 1175 1127 1277 Frlntpnnp'aqm
1141 1179 1178 1243 είς
1191 1174 1361 1276 μίαν,πίστιν
1384 1172 1639 1274 ίζύρωσι.’Τούτφν
1661 1178 1698 1232 τοῦ

142 1268 495 1414 tt‘l‘tlltffttlbll
507 1256 721 1404 ss'lltfttlt
732 1267 817 1394 'tlt’
831 1257 883 1393 ll?
938 1252 1248 1414 lltttjttltlb
1263 1252 1700 1412 &wiffam

143 1432 253 1470 ananum
272 1412 300 1471 in
320 1433 403 1472 unam
426 1413 508 1473 fidem
521 1356 698 1473 lismenuvir.
740 1415 802 1493 ujus
819 1412 1075 1494 ιιιγ-,,,Μαμ6ρῆ,
1096 1413 1205 1482 αἰκείαις
1224 1413 1317 1494 χερσίν
1335 1408 1700 1509 ἐίωγράφησαμἏναγιισζύ-

142 1491 216 1550 sterii
242 1492 385 1570 imaginem
409 1493 549 1554 Abrabam
572 1507 599 1552 et
620 1493 678 1572 ejus
693 1493 794 1572 conjux
815 1495 882 1554 Sara
900 1519 921 1563 A
939 1497 1007 1569 μεθα
1028 1492 1096 1572 γὰρ,
1117 1481 1264 1572 ἀγαπητοί,
1283 1490 1473 1589 παρεκόαίνειν
1483 1511 1541 1586 ,τον
1559 1488 1654 1568 λόγον
1667 1488 1700 1558 τίς

141 1569 292 1630 habitantes
306 1572 333 1630 in
351 1573 463 1631 tentorio
476 1573 529 1632 sub
552 1593 654 1649 quercu
671 1573 795 1632 Mambre
816 1594 882 1653 pro-
938 1570 1155 1652 θἈύραὸμ,τίς
1176 1578 1194 1645 ἡ
1216 1571 1326 1652 Σάῤῥα,
1340 1569 1410 1641 τίςή
1426 1572 1502 1652 θρυς,
1516 1569 1592 1641 τίςή
1608 1567 1699 1671 σκηνῇ,

176 1650 208 1708 iis
230 1650 355 1711 manibus
378 1652 535 1732 pinxerunt.
556 1652 687 1731 Cogimur
707 1652 795 1725 enim,
807 1674 824 1712 o
837 1653 883 1712 di·
937 1648 1038 1722 ἢτίνις
1050 1655 1076 1711 ol
1087 1649 1241 1732 ἐγκροφίαι,
1254 1649 1336 1711 διὰτί
1353 1652 1408 1710 ἐκεῖ
1419 1649 1482 1730 τρία
1497 1646 1586 1727 μίτρα
1597 1648 1699 1726 σεμιδα-

139 1670 216 1799 lebni,
231 1729 259 1788 in
283 1751 406 1790 sermone
424 1732 616 1812 digressionem
637 1731 732 1791 lacere
754 1731 823 1804 Quis
847 1734 883 1795 sit
936 1731 1003 1798 λεως
1016 1731 1061 1789 καί
1075 1721 1126 1788 ὦδε
1140 1729 1250 1813 ἀλεύρου
1262 1733 1423 1806 ,ἀναγκαῖον
1433 1731 1472 1830 ἀρ’
1486 1726 1633 1829 ἀκριύείας,
1642 1729 1700 1787 ὸιιλ·

131 1809 363 1888 abrahamque
386 1812 469 1887 Sara,
485 1833 544 1891 quae
567 1831 695 1890 quereus,
709 1811 775 1890 quid
795 1825 881 1873 tento·
937 1814 991 1869 θεῖν
1010 1809 1055 1869 τὸν
1078 1809 1231 1889 λόγον.Τίς
1251 1809 1340 1882 ἀνείη
1363 1808 1500 1889 ’Λόρααμς
1515 1810 1699 1903 ἑρμηνευετσι,

140 1887 231 1960 rium,
248 1888 292 1947 vel
304 1888 359 1979 ‘qui
373 1911 454 1970 panes
470 1891 658 1952 subcineritii:
672 1911 756 1969 quare
775 1891 814 1951 ibi
828 1907 881 1954 tres
936 1889 1026 1970 πατὴρ
1040 1889 1162 1956 tana<
1174 1890 1299 1963 πλήθουσι
1315 1888 1365 1957 Τίς
1382 1888 1409 1949 θλ
1426 1886 1458 1946 θ*
1471 1886 1513 1959 ab]
1526 1887 1621 1966 ml?
1633 1887 1699 1945 ω’·

772 496 889 544 senata
912 495 1074 558 nunnus.

140 1987 273 2027 mensurae
287 1968 464 2049 similaginis,
479 1985 506 2030 et
526 1971 571 2029 hic
586 1971 696 2042 larinas,
713 1992 818 2030 neeesse
841 1988 881 2033 est

139 2046 429 2127 accuratedisquirere.
445 2050 519 2122 Quid
536 2048 644 2109 tandem
659 2065 698 2109 est
718 2050 879 2111 Abraham?

35 2128 38 2132 ’
139 2126 291 2206 explicatur
303 2142 378 2208 pater
401 2129 500 2189 electus
523 2129 894 2204 multitudinis..Quisvero.

139 2206 313 2294 suerit-pater
331 2208 448 2286 electus,
466 2208 518 2268 nisi
538 2208 635 2267 Deus?
647 2208 682 2267 de
698 2230 753 2286 quo
774 2209 879 2273 dictum

0 2311 54 2347 am.
76 2317 111 2351 rn.
138 2298 193 2343 cst:
210 2288 247 2357 la
266 2306 380 2345 ornnem
398 2302 506 2348 terram
519 2287 791 2368 exivitsonusejus,
804 2304 833 2349 et
847 2294 889 2350 in'

20 2398 25 2409 ·
130 2365 212 2444 fines
224 2368 302 2425 orbis
316 2380 399 2425 terroe
409 2368 501 2429 verba
514 2371 585 2447 ejus.
597 2367 672 2438 Quid
686 2382 775 2427 autem
789 2370 880 2431 Sara?

935 1969 1010 2039 κτὸς,
1023 1970 1045 2026 εί
1059 1968 1125 2047 μὴὸ
1144 1968 1227 2042 Θιός;
1241 1961 1344 2052 repleb
1366 1970 1413 2036 Είς
1428 1977 1521 2028 πᾶσαν
1532 1966 1585 2038 τὴν
1597 1969 1648 2046 γῆν
1660 1964 1698 2033 θί-

934 2050 1012 2119 ῆλθεν
1027 2052 1042 2108 ὁ
1054 2049 1165 2130 φθόγγος
1178 2050 1272 2124 αθτοῦ,
1287 2048 1335 2109 καλ
1345 2050 1381 2114 τίς
1394 2045 1429 2106 τά
1442 2047 1548 2125 πέρατα
1559 2050 1611 2118 τῆς
1624 2047 1698 2104 οἰκου-

934 2127 1017 2205 μένης
1029 2127 1064 2187 τὸ
1079 2129 1186 2211 ῥήματα
1196 2131 1283 2189 αὐτοῦ.
1294 2127 1331 2187 Τί
1341 2126 1396 2198 δίη
1411 2127 1521 2208 Σάρρα,
1532 2124 1698 2205 ἑρμηνεύεται

934 2207 1052 2289 ἄρχουσα
1072 2207 1118 2268 καί
1142 2206 1275 2286 ἡγεμόνις.
1289 2206 1339 2276 Τίς
1352 2207 1375 2265 θ’
1396 2205 1427 2264 ἀν
1448 2207 1491 2278 εἴη
1516 2205 1639 2287 ἄρχουσα
1658 2203 1697 2263 κτλ

933 2286 1130 2365 ἡγεμονεύουσα
1151 2293 1238 2366 ἡμᾶς,
1252 2291 1276 2347 εί
1299 2287 1337 2364 μὴ
1363 2285 1469 2352 πάντως
1489 2290 1509 2358 ἡ
1532 2291 1582 2370 τοῦ
1600 2283 1698 2362 Πατρός

934 2367 1026 2445 σοφία,
1039 2357 1079 2427 Ἦ
1092 2366 1132 2434 τίς
1151 2372 1168 2439 ί,
1183 2366 1268 2439 σκηνλ
1288 2366 1341 2426 ὑπὸ
1354 2364 1404 2436 τὴν
1422 2366 1484 2447 ὸρῦν
1498 2362 1548 2436 τὴν
1565 2362 1697 2444 Μσμόρίι

136 2442 288 2522 explicatur
309 2446 467 2527 imperatrix
480 2461 506 2506 et
525 2447 646 2506 ductrix.
666 2448 796 2519 Quaenam
817 2473 879 2511 vero
898 2469 916 2516 a
934 2446 1066 2520 atamen
1081 2445 1230 2519 Ἐκκλησία
1243 2445 1350 2505 imm*
1362 2450 1475 2540 ⁰1²⁰?ae
1486 2442 1699 2522 “tuomst

135 2523 216 2581 luerit
236 2538 356 2601 nostrum
371 2527 532 2608 imperatrix
549 2541 573 2586 ct
593 2526 719 2598 ductrix,
734 2530 784 2587 nisi
798 2551 880 2609 pror·
934 2524 994 2605 δρυῒ
1013 2525 1190 2603 παρείκασται
1205 2530 1219 2585 ὁ
1236 2524 1347 2605 σταυρὸς
1360 2524 1403 2582 δια
1419 2524 1451 2583 τὸ
1463 2523 1576 2602 ἰσχυρὸν
1592 2502 1699 2582 εἶναιτὸ

136 2623 181 2660 sus
193 2603 322 2682 sapientia
339 2607 450 2665 Patris?
462 2605 538 2679 Quid
553 2607 700 2666 tentorium
710 2608 766 2667 ⁴sub
778 2630 881 2687 quercu

135 2683 281 2742 Mambre?
295 2698 365 2743 certe
378 2687 496 2745 Ecclesia
512 2707 526 2744 a
539 2700 618 2745 cruce
631 2700 707 2746 tecta.
722 2688 796 2747 Crux
809 2691 880 2749 assi-

135 2761 247 2820 milatur
258 2764 384 2840 quercui,
399 2787 430 2824 eo
448 2765 521 2843 quod
537 2766 642 2845 lignum
655 2766 777 2826 validum
798 2770 833 2828 sit
854 2785 881 2830 et

136 2840 255 2906 firmum
274 2843 350 2917 Quid
365 2858 418 2904 tres
432 2865 562 2904 mensure
576 2846 757 2925 similaginis?
769 2850 879 2910 omnino

137 2941 213 2994 sane,
228 2935 258 2980 ut
272 2937 334 2982 ante
346 2922 423 2999 dixi,
436 2938 531 2983 natura
544 2924 660 2984 ltumana
671 2971 679 2998 ,
692 2947 727 2985 ex
740 2927 830 2988 anima
853 2943 880 2989 et

137 3000 234 3081 spiritu
248 3015 274 3060 et
295 3023 407 3083 corpore
428 3017 560 3064 constans.
576 3005 617 3063 lta
633 3006 704 3064 enirn
721 3008 773 3065 'nns
787 3007 880 3070 docuit

22 3080 275 3159 rtess.5.opostolus
295 3082 403 3142 dicens:
420 3085 500 3142 Deras
520 3104 590 3142 uero
610 3087 756 3144 custodiat
777 3108 879 3168 eorpus

7 3163 13 3199 ⁸·
139 3173 282 3234 nostrum,
293 3174 321 3220 et
335 3173 478 3238 animam,
490 3175 518 3221 et
529 3166 662 3242 spiritum
682 3166 772 3245 decipi
777 3180 785 3224 t
797 3167 880 3246 igitur

138 3239 267 3319 sapientia
291 3241 341 3299 Dei
366 3243 461 3316 Sarra,
483 3241 594 3301 ductrix
618 3246 676 3301 sive
701 3245 876 3325 imperatri13

935 2603 1010 2674 ξύλον
1031 2605 1077 2664 καλ
1097 2604 1242 2665 ἀνάνδστον.
1252 2604 1290 2665 Τί
1304 2603 1339 2663 τὸ
1352 2603 1413 2681 τρία
1433 2601 1485 2681 μὲτ
1531 2605 1583 2673 τῆς
1595 2599 1697 2678 σεμιδά·

934 2687 1015 2757 λεως;
1030 2676 1048 2756 ἦ
1064 2683 1169 2752 πάντως
1192 2683 1280 2751 καθὼς
1299 2687 1458 2762 προεῖπονὴ
1477 2626 1697 2779 ἀνθροπτότηςή

934 2765 965 2823 lx
985 2767 1073 2844 ψυχῆς
1090 2765 1136 2823 καί
1158 2763 1308 2841 πνεύματος
1326 2761 1371 2821 καλ
1394 2761 1520 2839 σώματος
1533 2782 1696 2860 συγκιιμινη.

935 2842 1016 2903 Obana
1029 2842 1081 2924 γὰρ
1098 2843 1212 2912 ἐδίδαξεν
1225 2850 1297 2921 ἡμᾶς
1316 2847 1330 2903 θ
1351 2842 1498 2908 ἀπόστολος
1510 2839 1614 2918 λόγων·
1636 2837 1695 2900 θθί

935 2924 1003 2991 Θεὸς
1025 2922 1132 3002 φυλάξει
1150 2925 1224 3000 ὑμῶν
1245 2923 1276 2982 τὸ
1297 2924 1376 2999 σῶμα
1389 2920 1499 2994 καλιὴν
1568 2918 1603 2991 ὴν
1615 2917 1696 2978 καὶτὸ

934 3009 1048 3081 πνεῦμα.
1062 3002 1202 3079 Λαμύάνει
1225 2993 1268 3061 οῦν
1290 3007 1308 3074 ἡ
1332 3007 1378 3060 τοῦ
1398 3003 1469 3061 Θεοῦ
1491 3023 1543 3079 uoq>
1593 2998 1695 3079 Σάρῤτ,

934 3081 1130 3161 ἡγεμόνεσσαῆ
1151 3082 1283 3161 ἄρχουσα,
1301 3079 1432 3158 λαμύάνει
1444 3081 1536 3157 σῶμα,
1554 3077 1643 3158 μυχὸν
1654 3076 1694 3136 καί

935 3170 1057 3239 πνεῦμα,
1076 3161 1121 3220 καὶ
1133 3159 1274 3240 ἐγκρύπτει
1287 3164 1325 3241 τῷ
1338 3160 1402 3240 πυρὶ
1413 3204 1421 3226 ,
1435 3157 1561 3219 τουτέστι
1581 3161 1614 3238 τῇ
1626 3155 1694 3217 ἀσύί·

935 3265 990 3321 στῳ
1002 3240 1105 3312 θεότητι
1117 3241 1363 3319 λαμπαὸουχοῦσα,
1378 3241 1423 3298 καί
1437 3246 1509 3299 ποιεῖ
1522 3245 1594 3316 τρεῖς
1603 3239 1693 3315 lquor·

137 3333 250 3398 accipit,
271 3319 395 3399 inquam,
421 3343 533 3401 corpus,
549 3323 667 3382 animam
686 3338 711 3382 et
732 3327 877 3405 spiritum,
898 3338 916 3385 c
935 3323 1007 3400 φίας,
1020 3321 1154 3380 τουτέστιν
1164 3325 1191 3379 ἐν
1203 3325 1241 3399 τῷ
1255 3323 1363 3399 κρυπτῷ
1376 3322 1424 3388 τῆς
1435 3317 1535 3398 σαρκὸς
1547 3320 1638 3392 ἡμῶν,
1651 3315 1694 3385 τὴν

137 3412 163 3456 et
172 3399 313 3459 abscondit
327 3402 354 3459 in
370 3403 430 3480 igne
441 3424 449 3476 3
461 3403 513 3461 lane
528 3415 578 3477 est,
594 3402 761 3469 inexstincta
775 3405 880 3465 divini-

137 3479 187 3537 tati
205 3478 275 3538 laces
291 3482 447 3558 praeferens:
463 3495 489 3541 et
506 3481 569 3541 facit
583 3496 637 3542 tres
650 3505 732 3564 panes
745 3500 875 3560 secretos,

136 3556 189 3615 bno
208 3571 247 3616 est
262 3558 288 3616 in
303 3574 403 3619 secreto
417 3561 504 3620 carnis
518 3577 613 3621 nostrae
627 3563 654 3621 in
670 3566 775 3623 Patrem
789 3580 814 3625 et
831 3566 879 3624 Fi·

137 3635 207 3694 lium
219 3653 243 3694 et
256 3638 391 3717 Spiritum
412 3655 534 3699 sanctum
548 3642 749 3706 confessionem.
766 3647 791 3704 0
812 3667 878 3726 por-

138 3729 202 3773 tune
223 3716 313 3787 vobis,
339 3740 355 3775 o
379 3717 487 3787 dilecti,
513 3720 611 3778 lectum
636 3736 675 3780 est
695 3668 876 3803 evangelium.

139 3794 260 3852 Granum
275 3796 377 3875 sinapis
388 3811 414 3855 et
435 3798 595 3856 sarmentum
610 3799 636 3857 in
651 3822 731 3882 panes
745 3815 879 3863 transmu-

139 3885 221 3942 tatur,
232 3893 348 3951 granum
361 3876 388 3933 in
399 3876 490 3935 olera:
508 3897 588 3956 panes
603 3893 702 3938 vernet
723 3882 795 3940 olera
805 3884 879 3963 jeju-

139 3952 247 4009 niorum
267 3967 329 4010 sunt
342 3955 458 4012 viatica:
474 3955 511 4013 ad
531 3977 592 4033 qim
607 3979 654 4015 nos
668 3957 767 4039 dirigat
783 3965 878 4021 Domi-

138 4051 190 4089 nus
210 4033 288 4091 Jesus
301 4031 357 4090 sine
380 4035 476 4114 culpa,
492 4056 552 4094 σιιιιι
562 4037 658 4115 jejunii
673 4059 781 4098 cursum
795 4044 880 4101 confi·

139 4109 235 4172 cimus.
252 4111 355 4170 Simile
365 4131 405 4172 est
419 4135 538 4193 regnum
548 4115 685 4175 caelorum
696 4140 787 4197 grano
798 4125 880 4180 sina-

935 3405 971 3467 εἷς
985 3400 1109 3479 Πατέρα,
1122 3401 1185 3460 Υἱὸν
1204 3401 1249 3459 καὶ
1270 3400 1344 3476 άγισν
1358 3400 1469 3475 Πνεῦμα
1484 3393 1694 3476 όμολογίαν.Ἇρ·

935 3480 1065 3556 μοζόντως
1092 3484 1169 3557 ὑμῖν,
1194 3478 1342 3556 ἀγαπητοί,
1362 3477 1513 3558 ἀνεγνώσθη
1532 3476 1565 3535 τὸ
1594 3475 1692 3553 aiunl·

933 3563 998 3620 λιον.
1013 3560 1114 3624 Κόκκος
1127 3558 1267 3626 σινάπεως,
1281 3556 1326 3615 καί
1340 3556 1420 3634 ζύμη·
1433 3563 1451 3629 ἡ
1468 3555 1541 3634 ζύμη
1553 3557 1590 3622 είς
1611 3554 1692 3632 ἄρτοις

935 3639 1139 3717 μεταλλεύεται,
1164 3643 1178 3698 ὁ
1204 3637 1299 3703 κόκκος
1320 3637 1357 3703 είς
1378 3635 1499 3717 λάχανα·
1511 3636 1589 3714 ἄρτοι
1610 3635 1636 3693 δὲ
1653 3632 1690 3690 καί

933 3721 1039 3800 λάχανα
1053 3717 1144 3797 ἐφόδια
1161 3721 1307 3789 νηστειῶν,
1322 3715 1362 3795 ἐφ’
1372 3715 1403 3783 θς
1425 3715 1556 3787 όἸησοῦς
1579 3719 1593 3773 θ
1608 3712 1689 3805 Κύριρς

934 3805 1005 3877 ἡμᾶς
1021 3797 1175 3874 όὸηγήσειιν
1196 3796 1359 3873 ἀμέμπτως,
1370 3795 1414 3854 τὸν
1436 3800 1484 3866 τῆς
1501 3794 1623 3865 νηστείας
1637 3794 1689 3870 θρο-

934 3903 983 3956 μον
1000 3880 1203 3958 ἐκπληροῦντας.
1216 3873 1317 3952 Ὁμοία
1328 3873 1398 3932 ἐστὶν
1412 3878 1430 3943 ἡ
1446 3872 1571 3954 βασιλεία
1589 3878 1639 3932 τῶν
1653 3872 1689 3967 oi·

936 3962 1020 4038 ρανῶν
1044 3957 1133 4037 κόκκῳ
1154 3955 1292 4022 σινάπεως.
1308 3957 1367 4013 Oine
1391 3953 1479 4019 άλλως
1505 3977 1565 4019 πως
1592 3954 1688 4022 ὸυνησο·

936 4043 1004 4115 μιθα
1018 4040 1112 4106 νοῆσαι
1134 4035 1183 4107 τὸν
1207 4034 1316 4111 δύναμιν
1341 4039 1389 4105 τῆς
1412 4030 1581 4112 πσραύολῆς,
1597 4030 1638 4091 ἐὰν
1658 4026 1686 4105 μὴ

935 4121 1039 4196 πρῶτον
1061 4115 1108 4186 τὴν
1125 4115 1229 4185 οὐσίαν,
1244 4113 1293 4185 τὴν
1313 4113 1397 4207 μροάν
1412 4112 1458 4170 καί
1475 4110 1507 4170 τὸ
1532 4110 1637 4190 μέγεθος
1648 4130 1687 4165 ιω·

136 4191 194 4270 pa:
219 4191 285 4251 vnn
310 4191 392 4270 hujus
415 4194 603 4254 similitudinis
625 4197 698 4256 narro
720 4200 774 4257 aa>
797 4201 880 4261 modo
899 4219 918 4264 ο
935 4196 1115 4273 ποιήσωμεν.
1131 4194 1211 4255 Ἐστι
1229 4191 1282 4272 γὰρ
1301 4213 1331 4249 το
1354 4190 1445 4250 arven
1460 4190 1566 4268 μεγέθει
1588 4189 1634 4267 μὲν
1650 4212 1685 4264 ιι·

142 4269 289 4349 poterimus
313 4271 475 4354 concipere,
500 4275 552 4333 nisi
575 4274 652 4355 prius
683 4278 877 4355 substantiam,

140 4349 270 4423 colorem,
285 4365 310 4410 et
325 4352 540 4431 magnitudinem
554 4354 654 4436 sinapis
673 4359 879 4438 perpendamus.

139 4429 189 4486 Est
203 4431 273 4488 enim
288 4431 375 4511 sinapi
390 4433 461 4492 rirole
468 4434 580 4512 quidem
594 4457 725 4515 parvum;
738 4454 879 4518 postquam

139 4527 203 4569 vero
214 4523 301 4567 satum
316 4525 344 4568 et
356 4525 449 4571 natum
461 4528 515 4586 est,
529 4512 600 4573 olera
614 4515 704 4575 omnia
718 4519 880 4580 incremento

139 4601 263 4664 superat,
280 4601 359 4666 atque
379 4592 523 4651 altitudine
546 4615 738 4674 ramorumque
758 4599 836 4679 copia
854 4616 880 4659 et

139 4665 314 4724 multitudine
346 4668 472 4728 luliarum
498 4686 596 4732 cetera-
620 4677 729 4735 vincit:
752 4679 878 4738 umbram

138 4745 208 4803 enim
222 4745 306 4804 elficit
321 4745 398 4817 adeo,
414 4763 442 4807 nt
456 4771 519 4808 aves
533 4751 688 4814 advolantes
707 4758 809 4835 possint
830 4759 876 4817 in-

137 4826 224 4884 sidere
244 4840 271 4884 et
291 4825 336 4884 illa
349 4826 451 4904 ¹quiete
464 4829 527 4888 lrui.
542 4833 632 4892 Gustu
647 4857 755 4914 quoque
773 4837 875 4898 bonum

136 4919 176 4964 cst
191 4905 284 4975 valde,
298 4920 324 4964 et
338 4907 468 4982 qualitate
478 4908 611 4986 calidum,
625 4928 706 4992 atque
720 4915 754 4974 ad
769 4917 877 4978 interio-

135 5004 166 5041 ra
186 4984 303 5043 sananda
325 5001 429 5066 ιιμιιιιιι.
447 4988 569 5047 Hominis
588 5005 710 5067 tantum,
724 4997 877 5076 nulliusque

134 5063 245 5124 alterius
267 5064 392 5125 animalis
418 5067 494 5132 cibus
508 5081 556 5127 est.
579 5072 610 5128 ln
624 5092 654 5130 su
678 5073 767 5132 erlicie
785 5080 874 5136 rusum

133 5158 190 5213 est,
211 5144 283 5203 intus
306 5146 480 5204 rcro'albunr
500 5164 620 5226 apparet.
648 5093 711 5211 llaec
734 5169 773 5213 est
795 5155 875 5215 oleris

133 5236 238 5296 tratura,
253 5238 278 5282 et
291 5225 399 5284 seminis
412 5226 571 5286 encomium.
593 5229 700 5290 Sinera
714 5254 770 5291 rein
791 5255 872 5294 acerr-

132 5316 188 5361 rute
200 5302 350 5381 disquirere
369 5305 491 5383 velimus,
504 5310 699 5389 comperiemus
720 5314 874 5393 parabolam

936 4279 1017 4357 κρὸν,
1033 4274 1132 4353 σπαρὲν
1154 4273 1182 4332 δὲ
1204 4272 1249 4331 καὶ
1269 4269 1398 4352 φυόμενον
1424 4270 1588 4349 ύτιερῦάλλει
1613 4276 1685 4359 πάσι]

936 4355 1058 4436 λαγάνων
1082 4355 1208 4426 αὔξησιν,
1219 4352 1264 4411 καὶ
1284 4355 1323 4430 τῷ
1345 4350 1406 4430 ὕψει
1427 4349 1592 4429 ὑπερφέρω,
1607 4346 1686 4442 netga

935 4425 1031 4506 obsidet
1053 4437 1107 4492 τῶν
1127 4434 1231 4492 κλάδων
1253 4434 1381 4510 ύπερνικᾷ
1399 4431 1432 4489 τὰ
1449 4430 1534 4499 ἄλλα,
1546 4429 1591 4487 καί
1604 4431 1634 4505 τῇ
1646 4445 1685 4527 aqu

935 4515 1039 4594 φύλλων
1053 4513 1238 4591 πολυτληθίφ·
1252 4511 1309 4571 ἔστι
1322 4510 1373 4591 γάρ
1393 4520 1470 4575 σκιᾶς
1485 4507 1653 4588 ἐργαστικὸν,
1663 4523 1686 4566 ιιι

934 4606 980 4665 καὶ
992 4609 1070 4685 ὄρνεα
1090 4605 1256 4686 ἐφιπτάμενα
1277 4602 1404 4662 δύνασθαι
1424 4600 1555 4678 ἐφιζάντιν
1572 4598 1615 4658 ἐπ’
1627 4594 1685 4663 αὐτὸ,

933 4695 979 4756 καί
992 4695 1181 4754 ἀναπαύεσθαι.
1190 4694 1271 4753 Ἔστι
1285 4693 1312 4751 δὲ
1326 4691 1372 4749 καὶ
1385 4694 1418 4768 τῇ
1429 4689 1518 4768 γεύσει
1531 4688 1601 4748 πάνυ
1614 4684 1687 4754 καλὸν,

932 4785 977 4845 καί
992 4790 1025 4863 τῇ
1045 4783 1167 4855 ποιότητι
1182 4778 1364 4859 θερμαντικὸν,
1379 4777 1425 4836 καὶ
1438 4779 1491 4834 τῶν
1500 4775 1573 4836 ἔνδον
1587 4771 1682 4832 ίατικόν.

933 4877 989 4935 Τοῦ
1003 4873 1030 4932 δὲ
1045 4873 1125 4931 άλλου
1141 4870 1189 4948 μὲν
1203 4868 1304 4936 οὐδενὸς
1324 4870 1444 4926 πετεινοῦ
1467 4868 1566 4944 βρῶμα
1583 4862 1683 4940 γίνεται,

933 4961 1010 5040 μόνον
1030 4960 1058 5019 δὲ
1079 4952 1226 5041 ἀνθρώπου.
1248 4955 1302 5015 Καὶ
1321 4953 1414 5023 ἔξωθεν
1436 4952 1486 5029 μέν
1508 4954 1565 5011 ἐστι
1588 4948 1683 5053 πυῤῥὸνρ

930 5051 1027 5110 ίσωθεν
1039 5047 1066 5109 δὲ
1078 5048 1199 5127 φαίνεται
1210 5043 1310 5105 λευκόν.
1322 5042 1375 5103 Καί
1388 5039 1456 5113 αύτη
1469 5039 1518 5118 μὲν
1530 5047 1548 5113 ἡ
1565 5045 1609 5099 τοῦ
1617 5040 1682 5116 λαμ·

893 5127 911 5174 Ε
930 5165 973 5200 νου
995 5138 1080 5219 φύσις,
1096 5136 1142 5195 καλ
1158 5142 1203 5194 τοῦ
1223 5133 1375 5214 σπέρματος
1392 5128 1535 5210 ἐγκώμιον.
1552 5130 1587 5189 El
1600 5125 1625 5186 ἀί
1636 5120 1680 5202 μετ’

928 5226 1065 5307 ἀκριύείας
1079 5222 1199 5293 ἐξετάσαι
1213 5221 1383 5296 θελήσωμεν,
1400 5216 1523 5296 εύροιμει
1539 5215 1571 5274 ἂν
1588 5214 1632 5285 vlu
1644 5228 1678 5267 rr

932 5315 1046 5395 ραύολὴυ
1064 5311 1230 5393 ἁρμόζουσαν
1244 5311 1286 5367 ἐπ’
1302 5307 1380 5367 αιίτοῦ
1397 5311 1443 5364 τοῦ
1465 5306 1601 5384 Σωτῆρος.
1613 5288 1678 5361 Οθιθι
