3714 5970
688 453 780 502 NUNC
806 453 938 502 PRIMUM
964 452 1165 511 anorum.

159 581 251 632 terunt
269 573 426 634 extrahant.
438 572 491 635 Hic
502 573 573 634 enim
585 594 688 656 semper
699 574 831 657 agiturde
841 575 907 637 novi

159 662 281 746 episcopi
291 664 439 726 creatione.

200 758 234 816 In
258 755 355 818 eadem
372 759 486 839 epistola
502 759 608 819 decima
628 772 722 839 quarta
743 758 779 819 de
802 758 907 819 Hilario

160 848 280 929 quodam
293 850 423 932 episeopo
432 851 489 932 agit
500 850 719 932 Chrysostomus,
733 851 807 932 quia
820 872 906 932 seper

157 941 249 1002 literis
270 940 387 1022 petierat
409 941 565 1004 facultatem
586 943 708 1004 abeundi
722 943 751 1002 in
770 944 907 1005 civitatem

158 1053 236 1092 suam
243 1078 253 1106 ,
269 1033 429 1114 pollicitus,
441 1034 598 1117 compositis
611 1036 708 1112 rebus,
723 1057 752 1097 se
768 1035 803 1095 ad
816 1036 907 1118 ipsum

158 1124 389 1206 Chrysostomum
408 1147 580 1187 reresurum
602 1146 670 1186 esse.
687 1126 759 1199 Quia
773 1147 836 1188 vero
849 1128 907 1207 ejus

157 1214 305 1296 praesentia
317 1236 373 1277 non
384 1238 481 1298 partun
492 1217 547 1299 ipsi
557 1217 634 1277 utilis
644 1232 711 1291 erat,
724 1219 836 1279 cumvir
844 1219 906 1299 pius

158 1321 228 1368 esset
238 1352 250 1384 ,
263 1308 452 1388 constantique
463 1330 496 1369 ac
507 1310 613 1369 fervido
624 1309 724 1384 animo,
739 1330 802 1370 eum
816 1310 905 1389 Chry·

155 1415 294 1463 aostomus
307 1400 430 1462 hortatus
443 1402 546 1480 iuerat,
560 1416 591 1462 ut
604 1416 747 1483 postquam
757 1402 905 1484 illoprole·

156 1507 217 1553 ctus
236 1493 344 1574 iuissm,
357 1493 448 1555 statim
457 1492 494 1553 ad
506 1515 534 1555 se
545 1493 657 1570 rediret3
670 1508 751 1574 atque
761 1493 905 1576 Olympia-

155 1585 218 1647 dem
228 1600 313 1668 rogat
324 1586 371 1647 det
381 1608 503 1668 operam,
516 1603 546 1648 ut
556 1588 670 1670 ‘epistola
684 1572 732 1648 sua
745 1602 771 1649 et
784 1588 904 1648 celeriter

156 1693 184 1740 et
193 1692 257 1739 tuto
267 1679 323 1760 ipsi
344 1678 487 1760 reddatur,
498 1680 572 1760 quod
586 1681 644 1762 ipse
667 1702 773 1760 quoquc
784 1680 905 1741 Hilarius

156 1770 340 1853 peroptabat:
353 1771 379 1832 si
388 1792 456 1834 vero
467 1793 522 1832 non
531 1770 602 1832 adsit
615 1773 774 1855 Olympiadi
783 1772 905 1834 Helladi·

157 1864 361 1951 uspresbytcr,
372 1866 555 1948 quiepistolas
570 1888 633 1928 suas
648 1867 752 1941 reddat,
770 1869 906 1929 monetil·

155 1958 211 2020 lam
221 1972 255 2017 ut
266 1958 613 2041 peraliquemprudentem
627 1961 718 2023 virum
729 1961 783 2021 illae
790 1959 905 2021 reddan-

155 2061 209 2111 tur.
225 2050 300 2110 euru
316 2050 494 2112 Tiilemontio
516 2065 665 2133 putamus,
678 2053 751 2113 hunc
764 2052 902 2114 Hilarium

111 2161 213 2218 ¹pesse
235 2141 344 2221 dequo
361 2141 517 2204 haeverba
536 2144 637 2224 profert
664 2144 822 2204 Palladius:
844 2148 904 2205 Hi-

158 2234 263 2314 larius,
276 2241 330 2296 ru'r
343 2247 464 2297 sanetus
478 2247 507 2295 et
519 2255 618 2308 senex,
633 2240 666 2295 in
675 2241 810 2296 intimum
822 2240 906 2297 Pon·

159 2340 217 2387 tum
228 2327 336 2406 pulsus
347 2339 401 2402 est,
410 2327 508 2407 plagis
526 2334 740 2400 concursuros
759 2348 779 2386 a
788 2330 903 2409 judice,

161 2423 212 2480 sed
226 2442 248 2480 a
260 2420 354 2481 clero
367 2443 377 2476 .·
393 2425 445 2500 qui
456 2420 555 2479 decem
577 2434 604 2479 ct
623 2434 686 2479 octo
699 2421 807 2480 abhinc
818 2427 906 2480 annis

158 2532 263 2590 partem
273 2516 488 2593 uongrtstavt't,
508 2512 706 2572 olcrasolact
714 2513 905 2594 frumentum

159 2617 270 2664 mauro
280 2605 383 2664 edens.

111 2705 153 2748 aas
195 2695 355 2778 Epistolam
369 2695 434 2756 item
448 2694 557 2776 scripsit
569 2696 631 2757 204
643 2691 679 2755 ad
692 2696 847 2773 Paeanium,
858 2699 905 2758 vi·

111 2796 113 2807 ’
163 2809 220 2847 rnm
240 2787 343 2869 pium,
365 2787 419 2848 sibi
438 2786 675 2862 addictissimum,
698 2789 769 2866 requi
794 2791 907 2870 verique

160 2893 306 2959 amantem,
319 2877 455 2959 dignitate
468 2878 699 2960 prestantem,qui
712 2880 829 2941 multum
840 2884 908 2944 Con·

159 2970 331 3052 ttantinopoli
356 2983 384 3030 ct
399 2971 429 3032 in
446 2971 563 3052 imperio
578 2983 634 3031 toto
647 2984 761 3051 poterat,
774 2986 800 3032 et
813 2987 906 3054 poten-

159 3065 193 3124 tia
206 3087 255 3125 sua
270 3077 305 3123 ut
318 3061 508 3123 Christianum
526 3060 637 3122 decebat
651 3063 785 3122 utebatur.
800 3064 905 3125 Laudat

159 3179 216 3217 reso
228 3157 316 3218 illum
326 3155 423 3234 arelo,
434 3177 451 3216 a
462 3154 612 3236 vigilantia,
621 3154 657 3213 ab
664 3154 746 3214 animi
756 3155 904 3232 laboribus,

1636 459 1701 532 ιιι

960 575 1086 655 moriam,
1104 578 1181 658 cujus
1196 576 1289 661 iniqua
1303 579 1330 638 in
1341 576 1564 657 chrysostomum
1574 592 1644 658 gesta
1655 600 1699 638 su·

960 667 1051 747 peritis
1063 668 1182 729 vidimus
1197 692 1205 730 ι
1218 692 1279 750 quae
1293 684 1363 730 certe
1375 670 1479 730 nullam
1493 670 1599 730 veniam
1612 692 1699 731 mere-

959 757 1069 819 bantur.
1086 764 1193 821 Atcum
1214 763 1366 844 presbytcri
1378 763 1437 842 ejus
1452 775 1479 822 et
1499 750 1594 822 Oleros
1611 764 1699 831 omnis

959 852 1215 934 pro'Cbrysostomo
1237 868 1352 929 starent,
1365 875 1399 914 ne
1417 876 1472 933 qua
1491 853 1555 914 hinc
1568 854 1699 917 dissensio

958 941 1084 1018 oriretur,
1097 945 1234 1004 Paanium
1246 945 1378 1021 hortatur,
1389 959 1419 1005 ut
1430 945 1574 1027 prudenter
1583 967 1633 1027 pro
1643 969 1700 1007 mo-

959 1054 988 1093 re
998 1055 1046 1092 suo
1058 1055 1120 1094 cum
1133 1035 1268 1117 iHisagat,
1282 1050 1307 1096 et
1318 1037 1459 1097 Pharetrio
1469 1036 1554 1112 dicat,
1566 1039 1699 1099 loannem

957 1124 1094 1186 audivisse
1107 1127 1181 1205 quod
1191 1129 1247 1210 ipsc
1260 1128 1424 1189 Pharctrius·
1437 1129 1524 1189 multo
1538 1128 1573 1188 de
1585 1130 1619 1189 iis
1637 1151 1698 1208 quae

958 1216 1110 1279 acciderant
1122 1219 1215 1280 dolore
1228 1221 1400 1296 afficeretur,
1414 1241 1446 1281 ac
1466 1242 1493 1281 se
1506 1235 1630 1302 paratum
1643 1244 1699 1305 esse

958 1307 1031 1368 dicat
1050 1309 1087 1370 ad
1102 1311 1212 1390 quidvis
1231 1312 1406 1393 patiendum,
1421 1327 1452 1373 ut
1472 1334 1502 1373 ea
1516 1335 1576 1391 quor
1598 1316 1699 1374 nelarie

958 1414 1017 1460 acta
1035 1403 1140 1464 inerant
1161 1405 1345 1467 emendentur.
1360 1406 1406 1467 Ait
1428 1405 1543 1484 tlenique
1557 1427 1585 1465 sc
1598 1407 1699 1486 optime

958 1494 1063 1572 valere,
1076 1518 1108 1556 ac
1130 1498 1301 1562 vehementer
1321 1510 1415 1579 optare
1427 1511 1457 1557 ut
1474 1498 1533 1578 ejus
1553 1518 1698 1578 congressu

959 1583 1013 1643 [rui
1025 1586 1118 1667 possit.

998 1677 1068 1737 Cum
1088 1678 1227 1740 didicisset
1244 1680 1324 1740 illum
1339 1681 1589 1761 Constantinopolin
1604 1703 1698 1744 rever·

958 1786 1019 1826 sum
1032 1792 1088 1831 esse
1096 1816 1106 1846 ,
1123 1772 1277 1853 gratulandi
1297 1795 1377 1834 causa
1401 1773 1541 1855 epistolam
1560 1774 1612 1855 ipsi
1626 1776 1702 1835 misit

957 1863 1036 1940 2905
1050 1884 1131 1942 seque
1153 1863 1221 1925 dicit
1237 1865 1296 1946 jam
1316 1866 1412 1925 nonin
1438 1865 1577 1948 peregrina
1591 1866 1700 1947 regione

956 1953 1058 2014 versari
1072 1968 1182 2035 putare,
1194 1956 1385 2037 voluptateque
1395 1955 1543 2036 perfundi,
1559 1978 1611 2017 non
1626 1958 1701 2035 quotl
1773 2037 1775 2040 g
1829 1967 1834 1980 '

957 2043 1076 2126 dignitas
1085 2045 1128 2107 illi
1137 2048 1224 2128 maJor
1234 2048 1377 2128 obtigerit:
1388 2048 1548 2127 dignitatem
1558 2048 1631 2108 enim
1641 2050 1701 2130 ejus

958 2158 1014 2197 esse
1029 2138 1125 2198 anime
1143 2139 1355 2218 virtutemque
1378 2161 1526 2219 numquam
1537 2140 1588 2222 ipsi
1601 2142 1701 2200 auferri

957 2230 1057 2312 possit,
1071 2252 1150 2310 seque
1159 2230 1219 2292 ideo
1233 2231 1368 2292 exsultare
1378 2233 1517 2314 quodejus
1528 2231 1630 2291 reditus
1646 2254 1702 2291 ma·
1741 2235 1748 2250 ⁸

958 2343 1039 2403 gnam
1052 2323 1147 2384 afferat
1166 2324 1372 2385 consolationem
1394 2324 1429 2384 iis
1452 2327 1499 2403 qui
1513 2325 1700 2397 vexabantur,

960 2415 1166 2494 torquebantur,
1181 2415 1210 2476 in
1230 2416 1339 2478 vincula
1362 2417 1590 2498 conjiciebantur‚
1602 2418 1651 2496 qui
1664 2416 1701 2477 ad

959 2506 1038 2567 illum
1053 2522 1192 2588 tamquam
1213 2506 1248 2567 ad
1265 2499 1426 2577 latissimum
1446 2523 1553 2589 portum
1575 2509 1702 2588 confugi-

959 2615 1014 2663 ent.
1030 2601 1120 2663 Aliam
1131 2622 1238 2682 quoquo
1252 2600 1357 2662 Paeanio
1368 2601 1509 2682 epistolam
1520 2605 1560 2663 95
1575 2596 1699 2684 scripsit,

961 2695 1039 2775 cujus
1050 2707 1158 2775 tempus
1168 2714 1201 2754 ne
1210 2695 1362 2774 conjectura
1377 2692 1487 2772 quidem
1502 2695 1633 2775 assignari
1648 2716 1700 2776 po-

960 2798 1021 2847 test.
1031 2786 1102 2846 Cum
1111 2799 1201 2845 autern
1209 2784 1356 2850 adversarii
1368 2787 1425 2867 ejus
1435 2787 1553 2846 maxime
1561 2787 1699 2865 saevirent,

959 2877 1079 2956 aliosque
1091 2875 1151 2936 dire
1166 2889 1303 2948 vexarent,
1315 2878 1401 2957 magis
1414 2876 1544 2958 lugendos
1558 2899 1614 2939 esse
1633 2878 1701 2939 dicit

959 2969 1060 3048 eosqui
1075 2968 1145 3029 mala
1158 2968 1316 3050 hujusmodi
1334 2970 1484 3049 inferrent,
1499 2988 1579 3049 quam
1593 2973 1639 3051 qui
1652 2994 1702 3053 pa·

960 3075 1095 3123 tenentur:
1109 3060 1153 3120 his
1165 3062 1237 3122 enim
1252 3082 1371 3138 coronas,
1388 3061 1586 3142 illissupplicia
1597 3062 1699 3144 parari.

959 3151 1064 3213 Deinde
1071 3166 1148 3233 rogat
1154 3151 1189 3213 de
1199 3152 1357 3214 valetudine
1366 3174 1414 3212 sua
1423 3152 1562 3213 certiorem
1569 3174 1597 3214 se
1610 3155 1698 3215 taciat.

999 3248 1173 3308 Licetautem
1185 3247 1263 3307 exsul
1272 3260 1299 3306 et
1309 3246 1539 3328 Constantinopoli
1549 3250 1645 3329 procul
1658 3271 1700 3309 cs·
1717 3245 1848 3335 emto.

958 3353 1010 3417 set,
1019 3361 1072 3400 non
1086 3339 1217 3399 minorem
1231 3353 1318 3398 tamen
1332 3337 1386 3397 sibi
1400 3338 1535 3398 commissi
1549 3341 1639 3420 gregis
1649 3362 1699 3400 cu.
1708 3355 1766 3415 tuus⁸
1790 3341 1852 3413 essu

958 3452 1016 3492 ram
1028 3430 1149 3510 gerebat,
1162 3428 1382 3510 advigilabatque
1396 3443 1425 3489 ut
1436 3430 1586 3511 presbyteri
1596 3445 1623 3490 et
1633 3433 1699 3492 Cle·
1708 3417 1853 3524 ξζῖξζωὲ,

958 3524 1064 3586 russibi
1073 3522 1197 3582 addictus
1203 3541 1252 3582 suo
1263 3522 1436 3600 iungerentur
1446 3521 1545 3581 officio.
1557 3521 1601 3581 Ad
1610 3522 1699 3583 Theo·
1709 3529 1747 3572 ru.

956 3615 1055 3676 dorium
1067 3614 1186 3676 scribens
1199 3612 1233 3674 de
1246 3613 1409 3693 negligentia
1422 3613 1534 3674 Salustii
1546 3615 1699 3698 presbyteri
1708 3605 1781 3665 Epor.
1794 3619 1849 3652 ²¹⁰·

158 3250 289 3309 abducis
304 3261 333 3308 et
343 3247 468 3308 libertate
483 3268 536 3326 qua
550 3245 683 3326 episcopis
692 3245 832 3323 restiterat,
842 3267 905 3308 cum

159 3339 309 3424 idtempus
327 3339 494 3420 requireret,
508 3339 614 3399 tametsi
628 3359 691 3398 cum
703 3338 793 3398 dehita
808 3341 903 3402 mode·

157 3435 276 3508 ratione;
292 3431 433 3513 quodque,
449 3452 511 3491 cum
527 3431 575 3491 alii
589 3431 718 3511 lugerint,
732 3431 780 3491 alii
791 3432 904 3515 relegati

157 3525 286 3608 tint‚ipse
296 3524 374 3587 solus
381 3538 442 3601 stet,
458 3522 620 3602 nullumque
630 3520 733 3607 ordinis
741 3521 904 3586 desertorem

157 3616 303 3691 ierisinat,
317 3637 417 3695 eosque
425 3615 515 3687 etiarn,
523 3615 570 3693 qui
580 3613 797 3675 adversariorum
808 3632 903 3697 partes

159 3708 348 3787 sequebantur,
359 3705 397 3767 ad
409 3728 472 3767 suas
486 3707 554 3766 mira
565 3705 698 3767 suavitate
709 3706 843 3768 traducat.
859 3709 899 3768 ll-

159 3798 286 3860 lumrero
302 3798 367 3859 ideo
376 3798 494 3859 maxime
505 3798 633 3876 celebrat,
647 3797 720 3877 quod
730 3800 758 3858 in
771 3822 824 3860 uno
835 3823 902 3862 con-

160 3890 264 3952 stitutus
288 3890 351 3952 loco
377 3890 496 3951 universi
518 3911 587 3971 pene
606 3903 741 3950 terrarum
759 3892 833 3953 orbis
853 3915 903 3954 eu-

161 4003 212 4041 ram
225 3996 306 4063 gerat
317 4029 327 4059 ,
338 3982 491 4043 Palaestine
509 3998 574 4045 vero
597 3983 733 4056 maxime,
758 3984 903 4047 Phoenicioe

163 4086 184 4130 et
198 4075 320 4135 Cilieiae.
334 4073 475 4153 Additquc
488 4074 646 4136 Palaestinos
662 4089 687 4137 et
706 4076 844 4138 Pboenices
858 4079 903 4140 vi-

165 4186 217 4226 rurn
235 4166 280 4226 ab'
291 4166 456 4229 adversariis
472 4167 585 4227 missum
590 4213 600 4243 ,
620 4189 717 4249 nempe
741 4172 901 4242 Arsacium,

141 4271 212 4318 toccu
227 4258 383 4334 admisisse;
392 4258 422 4319 iu
437 4257 532 4319 Cilicia
545 4279 609 4320 vero
624 4259 764 4341 episcopos
787 4264 904 4323 Tarsen-

170 4365 253 4411 emet
272 4351 419 4432 Egerrsm
440 4372 456 4411 a
483 4351 607 4432 partibus
626 4350 737 4435 illorum
757 4366 839 4429 stare,
858 4368 901 4413 at-

173 4457 262 4519 quent
283 4441 409 4504 audierat
430 4443 489 4525 ipse
516 4444 552 4503 ab
574 4444 661 4504 amico
685 4465 751 4524 suo,
777 4445 903 4528 episcopo

175 4534 375 4614 hasubalotum,
398 4535 470 4616 ipsos
495 4536 834 4619 aConstantinopolitanis
858 4561 902 4599 co-

178 4626 197 4703 gi
211 4642 237 4686 nt
251 4628 364 4687 illorum
386 4627 525 4708 iniquitati
546 4628 753 4703 assentirentur,
773 4631 820 4693 setl
832 4631 902 4691 inte-

180 4717 219 4775 rim
238 4734 325 4780 umen
344 4719 479 4780 resistere.
506 4722 637 4782 Hortatur
657 4743 737 4802 porro
752 4723 799 4784 ille
825 4727 903 4784 Paea·

182 4808 252 4886 niun,
264 4827 294 4872 ut
304 4812 426 4873 multum
437 4811 628 4874 sollicitudinis
645 4828 672 4873 et
682 4815 830 4895 vigilantiae
848 4815 902 4874 ad-

184 4899 324 4985 liberque
335 4905 401 4965 huic
421 4905 502 4965 etiam
523 4905 594 4987 parti
612 4905 764 4979 remedium
784 4908 900 4985 afferat,

186 4994 239 5053 ttad
255 4996 448 5057 consobrinum
468 5017 549 5057 suum
559 4997 735 5059 Theodorum
745 5000 903 5081 episcopum

188 5085 264 5147 uitat
274 5112 281 5146 ε
292 5088 339 5168 qni
362 5087 476 5153 ridetur
490 5109 546 5149 esse
559 5089 719 5150 Theodorus
733 5094 904 5172 Mopsuesti-

189 5190 225 5233 trs
241 5181 347 5242 loannis
364 5180 480 5242 nustria
503 5201 587 5261 puero
607 5181 719 5242 amicus.
735 5183 904 5244 l’harctrium

111 5306 119 5343 μ
191 5263 476 5356 &egomenum
489 5275 662 5358 episcopum,
673 5292 780 5343 revocat
805 5278 832 5340 in
847 5301 905 5342 me-

957 3708 1090 3787 queritur,
1102 3728 1181 3787 quem
1193 3705 1348 3768 nuntiatum
1359 3705 1411 3763 sibi
1422 3706 1508 3765 suerat
1521 3707 1571 3767 vix
1580 3708 1700 3788 quinque

957 3800 1084 3861 homilias
1094 3799 1131 3860 ad
1144 3797 1270 3860 Octobris
1283 3818 1368 3876 usque
1374 3816 1492 3858 mensem
1505 3798 1647 3859 hahuisse:
1657 3814 1700 3860 at·

957 3913 1010 3971 quc
1025 3882 1114 3973 ipsum
1128 3904 1155 3951 et
1171 3888 1355 3970 Theophilum
1371 3888 1570 3970 presbyterum,
1583 3890 1699 3954 alterum

956 4006 991 4044 ex
999 3984 1110 4067 pigritia
1121 4028 1132 4057 ,
1152 3982 1267 4042 alterum
1280 4002 1335 4062 prae
1346 3993 1418 4039 metu
1434 3980 1469 4039 ad
1482 3980 1626 4041 collectam
1645 4004 1702 4045 non

956 4077 1056 4137 venire.
1068 4073 1218 4137 Salustium
1233 4093 1295 4134 vero
1314 4072 1433 4132 maxime
1445 4075 1563 4132 amicum
1576 4095 1657 4135 suum
1668 4093 1698 4138 ut

955 4168 1127 4229 vehementer
1148 4164 1246 4226 excitet
1258 4177 1404 4245 precatur:
1425 4162 1541 4224 intanta
1557 4165 1628 4225 enim
1651 4189 1697 4226 rc-

956 4280 1018 4319 rum
1040 4271 1196 4339 tempestate
1218 4276 1344 4336 magnam
1365 4254 1494 4315 exhibere
1511 4257 1698 4320 fortitudinem

956 4365 983 4411 et
1006 4349 1179 4432 vigilantiam
1199 4361 1322 4430 oportere
1340 4345 1418 4405 dicit.
1436 4346 1537 4407 Eadem
1561 4349 1596 4409 de
1618 4355 1698 4412 'causa

957 4445 991 4505 ad
1005 4442 1189 4524 Theophilum
1209 4438 1397 4522 presbyterum
1410 4438 1551 4519 epistolam
1566 4446 1625 4503 ata
1645 4445 1699 4503 mi·

957 4539 1010 4616 sit,
1031 4559 1059 4596 se
1082 4553 1251 4614 summopere
1275 4530 1394 4591 doluisse
1418 4531 1593 4612 significans,
1624 4539 1699 4614 quod

957 4630 1004 4691 illc
1015 4643 1042 4689 et
1052 4627 1187 4689 Salustius
1199 4645 1261 4685 raro
1271 4623 1307 4683 ad
1322 4623 1471 4684 Collectam
1484 4625 1651 4703 accederent,
1668 4651 1687 4688 u

957 4723 1011 4784 sibi
1021 4721 1126 4782 dictum
1139 4722 1244 4780 fuerat:
1258 4717 1282 4778 si
1297 4737 1338 4776 res
1349 4731 1426 4777 secus
1436 4739 1465 4778 se
1476 4716 1593 4794 haberet,
1605 4719 1635 4780 id
1644 4722 1698 4782 sibi

957 4814 1108 4889 nuntiaret,
1122 4813 1164 4872 sin
1176 4831 1274 4873 verum
1283 4822 1361 4884 esset,
1371 4808 1562 4889 negligentiam
1570 4812 1699 4872 emenda-

958 4906 1054 4967 rethd
1067 4903 1217 4966 Salustium
1225 4900 1323 4962 deinde
1332 4901 1473 4982 epistolam
1483 4903 1558 4962 misit
1571 4907 1639 4981 203,
1650 4907 1698 4967 ubi

958 5001 1049 5062 eadem
1063 5001 1117 5060 sere
1125 4997 1233 5080 repetit,
1243 4997 1334 5079 ipsum
1348 5017 1444 5077 nempe
1452 4996 1489 5057 ad
1498 4998 1640 5058 Octobrem
1653 5022 1697 5060 us-

959 5116 1011 5174 que
1028 5114 1146 5155 mensem
1159 5090 1285 5152 homilias
1301 5089 1421 5168 quinque
1434 5100 1538 5149 tanturn
1551 5090 1696 5167 babuisse,

959 5185 1146 5270 Theophilum
1156 5204 1220 5247 vero
1233 5182 1337 5242 nullam
1348 5204 1355 5240 ε
1365 5202 1400 5240 an
1419 5179 1448 5240 id
1459 5202 1554 5243 verum
1574 5183 1627 5258 sit,
1644 5186 1698 5245 sibi

959 5278 1059 5343 indicet
1071 5291 1160 5359 rogat,
1172 5289 1198 5338 ct
1211 5275 1286 5338 sires
1295 5273 1333 5335 ita
1343 5293 1371 5336 se
1380 5271 1489 5353 habeat,
1505 5288 1616 5358 uterque
1631 5277 1699 5339 dili·
