3714 5970
150 493 219 581 24⁰
845 505 1017 559 marrus.

143 635 289 715 tollantur,
302 631 419 695 menum
427 676 438 709 ,
448 652 482 692 ne
494 643 646 713 peccatores
659 628 696 691 de
714 628 809 711 seipsis
823 603 984 712 desperent,
998 629 1048 692 ned
1068 626 1196 712 exemplo
1216 627 1349 708 Doridis,
1360 627 1535 691 confessionis
1549 642 1576 690 et
1586 630 1709 712 poeniten

144 731 188 790 tiae
209 728 360 790 remedium
376 727 541 806 adhibeant,
557 724 662 787 etiam
684 724 718 786 in·
735 738 844 807 peccata
865 723 1010 786 reciderint
1016 749 1026 803 ς
1046 725 1140 801 tertia,
1155 724 1203 803 qui
1223 727 1301 788 lesus
1322 725 1465 803 cbristus,
1477 744 1541 785 eum
1561 723 1635 784 solus
1657 726 1711 785 sine

143 839 253 907 peccato
267 839 350 902 esset,
366 824 434 885 'alios
444 823 526 883 etiam
535 823 623 903 justos
641 822 669 881 in
688 834 796 904 peecata
810 820 931 881 incidere
947 821 1088 903 permisit,
1099 833 1129 880 ut
1144 835 1237 902 postea
1250 821 1312 881 aliis
1325 821 1488 902 poenitentiae
1503 820 1660 902 exemplum
1671 841 1711 880 es-

33 983 36 989 ,
142 936 211 981 sent.
225 922 337 1000 [Prima
354 921 412 981 bec
423 919 511 980 oratio
523 917 628 978 oeteris
641 916 754 996 quidem
767 939 829 997 quae
842 912 1086 998 sequunturpaulo
1101 916 1260 992 meliorest,
1274 915 1387 996 indigna
1402 930 1492 976 umen
1510 916 1711 998 cbrysostomo.

142 1015 254 1096 Stylum
264 1014 453 1075 declamatoris
462 1033 511 1072 nos
519 1012 673 1072 dixerimus
685 1011 733 1071 hic
741 1012 876 1086 eminere,
890 1012 1033 1072 rhetoricis
1048 1011 1143 1071 lormis
1153 1025 1180 1070 et
1195 1011 1330 1072 locutione
1344 1011 1433 1071 fucata
1444 1010 1547 1072 exilem
1561 1011 1662 1090 ingenii
1674 1012 1712 1070 la·

143 1111 271 1170 cultatem
283 1108 489 1170 dissimulantis.
498 1107 578 1167 Nihil
599 1106 644 1166 bic
661 1126 823 1186 nervorum,
839 1106 910 1167 nihil
921 1128 993 1168 vere
1007 1107 1160 1185 nativaque
1174 1105 1343 1186 eloquentiae.
1356 1105 1462 1181 Laudes
1477 1104 1596 1167 Daridis
1609 1105 1648 1163 ita
1661 1128 1713 1186 pu·

142 1217 184 1264 tas
196 1219 367 1265 cantaturum
381 1204 465 1263 fuisse
479 1201 723 1284 chrysostomum,
736 1222 821 1261 unum
834 1201 943 1263 dicendi
958 1222 1043 1282 genus
1054 1222 1103 1284 per
1118 1200 1225 1261 infinita
1238 1201 1360 1261 membra
1373 1200 1558 1282 repetentem?
1567 1200 1712 1278 Ecquando

79 1326 83 1333 ·
142 1297 227 1377 eopiae
240 1317 296 1356 suae
314 1310 369 1354 mm
388 1316 485 1376 parcus
499 1294 597 1368 fuerit,
611 1307 709 1376 mmve
717 1295 796 1376 inops
806 1295 967 1375 ingenii,ut
983 1308 1040 1355 tota
1053 1314 1130 1377 pane
1145 1294 1252 1366 oratio,
1265 1295 1292 1354 in
1303 1294 1351 1353 tali
1368 1294 1519 1376 praesertim
1541 1308 1712 1374 argumento,

142 1390 234 1450 vebis
247 1389 357 1450 biblicis
370 1389 395 1450 ei
412 1388 580 1450 contexenda
602 1389 705 1449 luerit?
716 1391 754 1450 Et
770 1390 843 1468 quod
858 1411 970 1472 prorsus
986 1389 1174 1451 consuetudini
1187 1388 1375 1471 chrysostomi
1391 1401 1545 1471 repugnat,
1557 1409 1648 1449 sermo
1661 1391 1713 1449 sine

143 1484 201 1545 ulla
217 1485 389 1545 conclusione
407 1485 497 1545 subito
514 1484 704 1566 abrumpitur,
716 1485 744 1544 in
769 1485 916 1567 doxologia
935 1485 1034 1546 aliena.
1059 1487 1153 1565 Neque
1175 1506 1289 1564 usquam
1307 1485 1374 1545 alibi
1392 1483 1515 1546 vidimus
1532 1484 1712 1546 &Ductorem

142 1579 208 1639 talia
221 1601 256 1639 ex
268 1580 380 1661 liturgia
396 1593 582 1658 enarrantem,
596 1581 689 1660 qualia
710 1581 838 1662 leguntur
851 1605 880 1664 p.
894 1583 966 1642 202.
982 1583 1073 1664 Ipsam
1087 1581 1170 1661 igitur
1180 1581 1330 1643 orationem
1343 1601 1398 1641 non
1410 1602 1427 1641 a
1441 1580 1639 1663 chrysostomo
1655 1602 1712 1662 pro·

144 1671 259 1751 lectam,
267 1674 412 1736 exordium
423 1684 511 1735 nmen
525 1696 561 1736 ex
573 1674 665 1756 aliquo
677 1677 795 1757 genuino
806 1680 866 1760 ejus
878 1698 1001 1739 somnne
1011 1675 1172 1759 decerptum
1185 1676 1340 1759 putamus]
1473 1667 1476 1672 ’

917 1917 960 1978 lt.

185 2109 328 2171 Secundus
349 2131 456 2189 sermo,
470 2131 534 2192 pag.
549 2111 624 2184 206,
640 2109 675 2171 de
688 2108 722 2170 iis
745 2109 793 2190 qtri
816 2110 845 2170 in
865 2109 969 2191 jejunio
989 2109 1156 2171 continenter
1166 2111 1278 2187 vivunt,
1294 2123 1346 2172 etc.
1357 2154 1367 2188 ,
1379 2110 1459 2192 cujus
1473 2110 1601 2190 initium,
1616 2112 1651 2174 Ol
1668 2111 1710 2190 pti

145 2208 259 2283 ἀθληταὶ
280 2211 339 2270 καθ’
357 2207 473 2280 ἑκάστην
488 2207 611 2288 agipes,
624 2227 678 2269 nnn
696 2221 737 2268 est
756 2207 967 2289 cbrysostomi,
983 2221 1014 2267 ut
1037 2207 1129 2267 statim
1150 2206 1335 2289 deprehendet
1355 2206 1481 2289 quisquis
1505 2208 1566 2290 ejus
1591 2228 1710 2290 germana

144 2325 226 2387 opera
236 2302 348 2366 assidue
359 2305 456 2386 legerit
467 2318 494 2364 et
505 2303 665 2365 observarit.
681 2302 800 2366 Videtur
812 2324 870 2364 esne
882 2300 1025 2385 cujusdam
1040 2302 1162 2364 Graenli
1176 2315 1368 2364 commentum.

903 2538 965 2600 111.

185 2738 295 2799 Tertius
306 2759 404 2813 sermo,
420 2738 454 2799 de
464 2738 672 2820 Temperantia,
684 2759 749 2820 pag.
762 2737 838 2815 208,
851 2739 928 2820 cujus
940 2737 1065 2815 initium,
1077 2737 1159 2801 Ὅσοι
1178 2738 1320 2817 μαθήμασῖ
1339 2762 1395 2799 τισι
1411 2738 1642 2822 προσεδρεύοντες.
1651 2738 1704 2799 llec

144 2833 209 2893 item
231 2831 343 2892 homilia
362 2831 540 2907 brevissima,
554 2831 747 2913 Chrysostomo
761 2853 871 2913 prorsus
892 2831 1004 2912 indigna
1022 2830 1143 2892 videtur.
1157 2831 1343 2912 Eamdemque
1355 2834 1516 2893 sententiam
1530 2833 1632 2894 laturos
1642 2832 1704 2892 arbi·

146 2942 202 2987 tror
213 2946 319 3002 omnes,
330 2928 378 3007 qui
396 2926 425 2987 in
443 2924 565 3006 legendis
577 2927 634 3008 ejus
646 2927 776 3008 operibus
787 2927 903 3004 versati,
913 2941 941 2988 et
957 2926 1082 2988 ordiendi
1102 2926 1215 3017 modum
1231 2942 1257 2988 et
1275 2927 1378 3010 stylum
1391 2943 1417 2990 et
1430 2929 1594 2990 brevitatem
1605 2928 1700 2989 nimian

146 3017 323 3102 perpendent.

912 3195 969 3258 lV.

186 3393 306 3466 Quartus
320 3413 407 3454 sermo
415 3391 456 3455 de
468 3391 600 3455 Parabola
613 3392 706 3455 decem
719 3393 838 3455 millium
852 3396 1025 3470 talentorum,
1039 3410 1066 3457 et
1083 3410 1176 3456 contra
1188 3394 1315 3473 Judaeos,
1330 3418 1393 3479 pag.
1412 3400 1491 3474 ato,
1505 3400 1585 3481 cujus
1598 3398 1696 3472 initiun,

147 3487 184 3549 ‘ll
200 3488 247 3570 μὲν
267 3495 316 3563 ’τῆς
334 3491 491 3563 δεσποτικῆς
506 3490 721 3573 φιλανθρωπίας,
736 3504 776 3551 est
788 3493 970 3571 fragmentum
990 3491 1181 3553 brevissimum
1196 3491 1322 3553 alicunde
1333 3491 1483 3557 divulsum.
1499 3498 1540 3555 An
1555 3495 1693 3576 interopen

132 3585 336 3668 'chrysostomi
352 3585 447 3646 lateret
466 3587 565 3647 nusua
584 3587 709 3666 quesivi.
725 3588 772 3648 Ob
791 3587 906 3649 nimiam
922 3587 1083 3652 breuitatem
1098 3587 1237 3667 judicium
1255 3587 1320 3649 seiri
1340 3609 1394 3650 non
1413 3611 1491 3671 posse
1510 3588 1694 3653 sidonensis

147 3682 261 3746 loannis
274 3680 481 3764 chrysostomi,
493 3703 586 3743 necne.

917 3874 958 3935 V.

191 4068 310 4140 Quintus
332 4087 419 4127 sermo
439 4066 475 4127 de
492 4069 637 4150 Sanguinis
650 4071 728 4132 [luxu
747 4071 902 4145 laborante,
916 4092 980 4153 pag.
995 4074 1067 4151 blo,
1079 4076 1156 4156 eujus
1168 4074 1277 4136 initium
1291 4089 1345 4153 est,
1358 4076 1461 4147 ’λλλοις
1480 4078 1528 4158 μὲν
1544 4079 1621 4146 ἄλλας
1635 4077 1685 4138 lei

151 4163 227 4245 β1ου,
247 4184 301 4223 non
323 4175 362 4222 est
377 4162 582 4244 Chrysostomi,
594 4164 642 4225 sed
654 4165 797 4247 cujusdam
810 4167 944 4240 Graeculi,
953 4168 1001 4249 qui
1015 4170 1105 4231 futilia
1120 4192 1172 4231 non
1188 4193 1274 4252 pauca
1287 4170 1435 4233 admiscet:
1449 4194 1482 4233 ae
1495 4173 1530 4233 de
1543 4195 1574 4233 ea
1593 4194 1641 4254 qua
1652 4187 1684 4251 pet

150 4259 293 4319 duodecim
307 4280 391 4319 annos
403 4258 544 4339 sanguinis
557 4259 636 4320 fluxu
649 4261 820 4324 laboraverat
833 4262 950 4325 ridicule
967 4285 1068 4345 agens,
1081 4265 1150 4347 quid
1162 4267 1203 4326 illi
1215 4266 1329 4349 singulis
1340 4268 1418 4330 annis
1430 4269 1557 4330 acciderit
1568 4262 1681 4329 divinendt

151 4357 263 4438 profert.
304 4350 309 4367 '
379 4409 382 4413 ,

849 4587 854 4594 -
911 4547 969 4610 vl.

194 4746 293 4808 Sextus
306 4765 393 4804 sermo
402 4791 410 4819 ,
420 4744 495 4824 quod
507 4746 576 4806 mari
590 4745 688 4806 similis
698 4746 733 4807 sit
747 4746 805 4809 baec
818 4747 888 4823 vita,
902 4769 966 4830 pag.
981 4751 1058 4827 ato,
1069 4752 1147 4834 cujus
1158 4753 1283 4829 initium,
1293 4757 1330 4816 0t
1344 4757 1466 4837 πελάγιοι
1480 4753 1686 4839 πλωτῆραξλπιι·

155 4840 218 4914 dds,
230 4858 282 4900 non
296 4849 335 4896 est
352 4836 554 4918 chrysostomi,
565 4853 597 4898 ut
608 4838 702 4918 quinis
715 4853 846 4900 emunctae
864 4841 937 4901 naris
952 4842 1049 4918 bomo,
1061 4843 1090 4902 in
1104 4845 1189 4905 saneti
1202 4845 1320 4906 doctoris
1331 4868 1444 4930 operum
1455 4850 1686 4932 lectionerersatun

154 4936 233 5000 ltcile
243 4933 431 5019 deprehendet.
441 4936 511 4994 Nam
522 4949 549 4996 et
561 4936 664 5017 stylus,
674 4949 701 4996 et
712 4911 835 4997 ordiendi
850 4951 930 5017 atque
942 4939 1119 5001 concionandi
1132 4941 1230 5002 modus
1237 4988 1247 5021 ‚
1260 4944 1417 5005 Graeculum
1430 4946 1548 5028 sapiunt.

906 5177 979 5239 Vll.

197 5370 334 5457 Septim
347 5364 451 5447 termo,
467 5388 532 5449 pag.
549 5370 624 5449 1116,
638 5369 668 5431 in
680 5367 769 5449 illud,
783 5373 892 5434 Simile
903 5387 946 5434 est
959 5395 1079 5457 regnum
1090 5380 1228 5441 eoelomm
1241 5400 1336 5458 gram
1358 5385 1487 5464 sinopis,
1501 5383 1580 5464 onjm
1589 5380 1685 5444 initium
1696 5410 1716 5441 v
