3750 6052
225 575 295 623 2²0
837 574 997 625 stsoests
1023 574 1153 637 notuit,

219 703 307 763 multa
322 702 528 781 habenturque
541 700 629 761 intimi
642 701 695 762 cri
710 715 803 762 notam
817 722 875 784 pre
888 722 916 761 se
930 702 968 760 le·
1021 718 1067 760 sus
1079 720 1112 759 ea
1124 701 1228 772 oratio,
1244 719 1298 779 qua
1311 700 1369 759 Deo
1381 696 1476 778 gratis
1490 708 1628 777 sgootsr,
1643 716 1780 757 commsa·

218 808 301 855 runt:
312 816 373 875 quar
385 794 453 854 nibil
465 815 532 876 pene
547 794 628 853 refert
640 814 747 869 eorum,
762 815 822 872 qure
836 793 920 853 uariis
938 793 967 852 in
1020 791 1065 850 nis
1085 804 1137 851 est.
1154 793 1247 871 Neque
1265 791 1339 851 enim
1351 790 1410 871 ipse
1429 789 1504 849 solus
1515 789 1619 869 gratiss
1629 788 1707 870 ugit,
1729 789 1780 850 scd

218 887 287 947 loeis
296 888 505 967 chrysostomus
516 886 551 946 de
561 886 604 946 sui
618 886 747 967 temporis
758 885 885 962 Liturgia
893 905 967 946 com·
1020 881 1103 940 ctiam
1113 882 1190 965 plebs
1201 883 1336 943 universa.
1351 883 1421 942 Nam
1433 903 1496 942 cum
1505 881 1581 962 prius
1592 881 1712 943 illoru-
1725 902 1780 942 ro·

218 994 358 1040 memorat.
382 981 555 1061 Quapropter
572 998 631 1038 ere
643 979 701 1038 iore
721 979 811 1039 visum
824 993 864 1039 est
872 1024 882 1055 ,
897 980 920 1039 si
934 999 966 1039 es
1021 996 1079 1037 cem
1088 978 1196 1054 sumot,
1208 977 1340 1057 atqueilli
1350 989 1519 1038 annuunt
1528 975 1653 1057 iddigne
1662 990 1694 1037 et
1701 980 1779 1060 josto

217 1071 265 1133 bio
278 1094 478 1148 recenseamm,
492 1093 553 1152 quc
566 1072 665 1152 passim
678 1073 707 1131 in
720 1074 779 1153 ejus
792 1071 920 1152 operibus
932 1071 967 1131 de
1020 1065 1158 1141 beritum
1167 1066 1279 1129 demum
1286 1069 1437 1148 grstiaruns
1443 1068 1576 1129 rctiosem
1584 1069 1778 1150 suspicatur.»

216 1165 343 1246 Liturgia
364 1179 518 1226 oocurmnt.
539 1165 577 1225 Et
593 1164 705 1245 quidem
724 1166 815 1245 ipsum
835 1165 966 1245 biturgiae
1059 1161 1103 1220 lle
1114 1161 1252 1221 sacerdote
1263 1161 1393 1243 myseria
1403 1160 1557 1221 celebrante
1567 1160 1628 1221 linc
1637 1160 1712 1221 dicit
1724 1160 1777 1220 bo-
1804 1161 1831 1207 T·
1849 1177 1873 1207 rr

217 1256 341 1318 ordinem
361 1259 390 1318 in
404 1259 456 1318 bac
474 1257 628 1319 recensione
641 1279 750 1318 serrare
762 1272 964 1339 peroptassem3
1020 1251 1097 1312 milia
1111 1253 1189 1313 tertia
1204 1253 1233 1313 in
1248 1252 1335 1334 lipist.
1349 1251 1387 1313 ad
1402 1251 1593 1315 &termam
1608 1276 1625 1309 α
1635 1252 1714 1312 Cum
1733 1254 1780 1314 in·
1789 1225 1871 1346 {3⁸3¹ss

216 1367 314 1409 verum
323 1349 355 1410 id
366 1350 515 1410 admodum
525 1348 701 1424 difficileest,
716 1348 771 1408 imo
784 1349 844 1409 fieri
856 1349 967 1410 omnino
1019 1366 1126 1425 gressus
1135 1347 1219 1407 fucrit
1232 1347 1256 1407 is
1268 1347 1316 1425 qui
1336 1359 1433 1428 preest
1446 1344 1592 1421 Ecclaic,
1611 1344 1710 1407 statim
1729 1344 1779 1405 di-

217 1443 314 1522 nequit
324 1467 332 1502 r
342 1443 401 1503 loca
413 1443 485 1504 enim
497 1443 547 1502 illa
563 1442 693 1522 Litorgire
707 1441 744 1501 ita
756 1455 882 1523 excerpta
896 1462 967 1523 sepe
1018 1438 1072 1516 cit,
1093 1443 1161 1501 Por
1177 1445 1333 1511 omoibos5
1350 1439 1460 1520 quondo
1474 1441 1652 1500 concionatur
1666 1484 1678 1512 ,
1700 1441 1776 1500 Pus

216 1533 409 1612 adducuntur,
424 1548 455 1595 ut
467 1535 570 1595 nascias
580 1534 615 1593 ad
626 1554 710 1613 quam
720 1533 851 1613 Liturgiae
862 1547 967 1616 partem
1018 1537 1153 1595 omnibus
1164 1560 1176 1605 ,-
1198 1533 1308 1614 quando
1329 1531 1467 1596 benedicit
1478 1578 1488 1604 ,
1513 1534 1584 1592 Pac
1606 1534 1750 1592 omnibus
1763 1555 1778 1601 ,-

220 1626 386 1708 pertineant.
1017 1625 1126 1704 quando
1140 1626 1219 1707 jubet
1232 1626 1365 1696 salutare,
1390 1627 1460 1685 Por
1473 1627 1634 1692 omnibusr
1655 1621 1776 1702 quando

259 1718 386 1800 biturgia
400 1741 466 1780 vero
474 1765 483 1795 ,
498 1739 579 1796 quarn
595 1717 699 1778 Pascba
711 1731 790 1778 vocat
804 1717 966 1798 Chrysosto-
1017 1732 1155 1798 peractum
1172 1719 1252 1779 luerit
1271 1718 1460 1789 sacrificium,
1484 1718 1554 1777 Per
1566 1718 1720 1776 omnibus.
1735 1714 1777 1775 Et

219 1829 300 1886 mus,
321 1824 362 1871 ter
376 1825 402 1871 et
420 1810 571 1892 aliquando
587 1823 686 1890 quater
699 1809 727 1868 in
741 1809 909 1870 hebdomade
924 1830 967 1869 co·
1017 1830 1111 1869 rursus
1124 1813 1152 1871 in
1164 1811 1265 1887 medio,
1284 1812 1392 1872 Gratia
1405 1810 1491 1868 vobis
1501 1821 1530 1868 ct
1542 1829 1616 1885 pas.
1626 1829 1644 1864 s

217 1902 384 1965 lebrabatur.
407 1904 479 1988 Ejus
497 1904 580 1965 verba
599 1903 698 1963 referre
719 1924 751 1963 ne
770 1903 869 1985 pigeat.
880 1905 966 1964 «Non
1059 1903 1164 1963 Verum
1175 1902 1233 1962 bec
1246 1922 1333 1984 pauca
1346 1901 1426 1962 nobis
1436 1898 1612 1961 subindicent
1623 1897 1778 1961 doncer-

218 1996 310 2072 cnim,
320 2024 333 2051 ι
345 1997 447 2077 inquit,
462 2022 478 2054 a
488 1996 561 2057 idern
573 2009 636 2056 sunt
651 1995 754 2056 Pascha
768 2009 795 2055 et
807 1995 966 2076 Qradrage·
1018 1991 1090 2053 dotis
1107 1993 1136 2052 in
1160 1993 1285 2073 biturgis
1297 1993 1379 2053 dietis
1397 2005 1424 2052 et
1440 1991 1543 2075 gestis,
1561 1990 1655 2070 daque
1674 2011 1777 2051 contro

217 2088 304 2165 rim„
319 2087 368 2149 „c
380 2088 459 2149 atur
469 2072 584 2165 emta,
598 2085 676 2148 ιιικι
686 2087 918 2167 perurgetur
930 2086 968 2146 ιι.
1019 2085 1089 2145 irre
1106 2104 1135 2144 rr
1147 2084 1252 2145 orum
1270 2087 1312 2145 nr
1326 2084 1456 2164 treugis
1470 2097 1543 2144 reu
1554 2082 1658 2156 turo,
1684 2082 1778 2162 oeque

174 2192 177 2199 ’
216 2179 330 2259 quidem
343 2180 556 2261 Quadragcsima
567 2179 651 2241 semel
668 2181 696 2240 in
709 2200 781 2240 anno
792 2179 843 2252 fit,
863 2178 967 2241 Pascba
1019 2175 1147 2257 precibus
1162 2191 1190 2236 et
1208 2176 1289 2247 aliis,
1306 2198 1367 2255 quae
1383 2175 1538 2236 Praelationi
1547 2219 1558 2252 ,
1572 2188 1753 2237 otroeamos
1762 2220 1775 2253 ,

217 2293 285 2336 vcro
295 2273 376 2335 teriu
387 2273 573 2350 bebdomada,
587 2294 794 2352 nonnumquam
806 2273 887 2335 etiam
900 2293 969 2352 qua·
1019 2267 1201 2350 promittebat
1214 2267 1350 2345 moerdos,
1365 2268 1436 2329 nibil
1449 2266 1531 2328 babet
1544 2267 1777 2350 Cbrysostomus.

216 2379 270 2439 ter,
284 2367 329 2427 vel
344 2367 437 2449 potius
447 2367 671 2447 quotiescumque
681 2365 818 2425 volumus.
832 2365 882 2424 Est
896 2364 969 2423 enim
1020 2360 1190 2427 Prcia'tionis
1199 2375 1289 2422 sutem
1300 2361 1358 2420 baec
1369 2361 1452 2423 verba
1464 2361 1547 2421 relcrt
1559 2382 1566 2417 ι
1578 2358 1718 2421 Sacerdos
1730 2359 1777 2422 di·

216 2459 323 2519 Pascha
337 2480 390 2519 non
402 2459 552 2539 jejunium,
567 2456 614 2516 sed
627 2456 730 2515 oblatio
744 2469 770 2515 et
782 2455 949 2515 sacrificium
955 2501 967 2528 ,
1018 2453 1116 2514 nebat:
1128 2455 1184 2515 bo
1195 2459 1303 2534 σχῶμεν
1313 2457 1392 2532 ἡμῶν
1401 2453 1445 2514 ebs
1457 2459 1518 2514 νοῦν
1528 2453 1575 2513 sel
1584 2451 1636 2521 sle<
1644 2454 1775 2534 mplius,
1785 2467 1873 2532 rapt!

221 2549 297 2629 quod
314 2550 341 2609 in
358 2550 475 2630 singulis
487 2551 520 2610 su
535 2546 697 2608 collectis.»
1020 2551 1147 2611 Sursum
1158 2550 1320 2609 bohcomus
1337 2560 1462 2607 mentem
1476 2559 1506 2607 et
1521 2547 1624 2608 rorata
1649 2548 1776 2628 Respon-
1786 2551 1807 2580 ‘·

66 2655 207 2723 uppem.
258 2642 394 2723 Mysteria
407 2641 499 2722 januis
513 2639 615 2701 dunois
633 2638 856 2712 celebrabantur,
876 2652 902 2700 et
915 2661 969 2701 non
1019 2639 1102 2701 debut
1112 2640 1241 2721 populus,
1250 2640 1347 2721 lpcpes
1357 2640 1424 2720 πρὸς
1433 2640 1479 2701 τὸν
1491 2638 1602 2720 Κύριον,
1615 2640 1777 2700 [tarmus

67 2738 88 2765 ⁰·
219 2732 324 2793 initiati
351 2733 551 2813 abigebantur3
573 2732 727 2792 nesciebant
748 2732 820 2791 enirn
840 2732 968 2794 rinuteor
1021 2733 1064 2792 ad
1076 2732 1375 2792 vomereuomere
1388 2728 1778 2812 liquidnmrideturcxprsr·

67 2863 113 2910 τ’,
126 2864 207 2924 ,mg
218 2825 320 2886 calicis.
340 2825 473 2887 Sacerdos
494 2839 584 2886 autern
604 2849 620 2881 s
631 2845 742 2884 manum
759 2825 857 2887 tollens
877 2826 905 2885 in
922 2827 968 2886 al-
1020 2822 1194 2895 ccdentibus,
1209 2822 1339 2904 pergebat
1353 2822 1487 2896 sacerdos,
1504 2822 1628 2884 Gratias
1644 2843 1778 2903 agamus

220 2931 297 2993 tum,
314 2919 398 2978 altius
412 2931 439 2977 ct
452 2916 511 3000 ipse
523 2931 614 2991 stans,
631 2916 660 2977 in
673 2917 812 2977 tremendo
824 2917 874 2977 illo
886 2919 968 2979 silen-
1020 2915 1151 2975 Domino
1172 2917 1236 2975 Deo
1252 2926 1352 2974 metro
1359 2940 1372 2986 ,·
1394 2914 1513 2996 populus
1526 2934 1612 2992 vero,
1636 2914 1776 2995 Dignust

97 3011 126 3055 Τ·
139 3024 175 3060 ¹²·
185 3030 210 3072 r·
220 3009 260 3069 tio
273 3010 442 3086 vociferans,
460 3011 530 3072 alios
544 3007 655 3089 quidem
669 3009 799 3082 vocabat,
814 3010 883 3071 alios
902 3031 968 3072 vem
1020 3020 1050 3067 ct
1063 3011 1177 3090 justum
1191 3020 1246 3068 est.
1268 3005 1303 3066 ld
1316 3027 1380 3066 vero
1390 3006 1527 3087 signifieat
1540 3005 1605 3080 ille,
1621 3026 1689 3066 ctum
1701 3006 1775 3067 dicit

65 3085 181 3181 JJ⁰³¹¹⁷
188 3089 326 3162 ¹'arcebat
339 3126 346 3161 r
359 3124 413 3163 non
428 3103 480 3162 boc
500 3123 583 3162 manu
602 3101 721 3174 faciens,
737 3101 785 3162 sed
797 3101 892 3183 lingua
908 3103 966 3164 cle·
1020 3120 1103 3181 supra
1114 3123 1121 3158 ι
1133 3101 1236 3181 Atque
1247 3099 1294 3159 tto·
1304 3112 1491 3160 assenserunt
1503 3099 1535 3158 td
1544 3099 1633 3178 digne
1648 3097 1784 3178 etjustc

217 3195 277 3255 rius
291 3209 319 3254 et
330 3196 449 3276 apertius
460 3216 543 3275 quam
554 3214 645 3254 manu.
659 3196 730 3255 Nam
745 3216 799 3255 vox
814 3194 862 3254 illa
876 3195 905 3255 in
918 3217 967 3256 no·
1010 3193 1094 3276 sieri.
1105 3195 1197 3274 Pergit
1210 3192 1256 3252 ille
1268 3216 1275 3251 ι
1289 3195 1363 3253 Tum
1374 3194 1489 3253 demum
1500 3195 1671 3268 gratim
1680 3196 1775 3253 oetio·
1868 3212 1870 3217 ’

217 3299 288 3346 stras
299 3308 379 3348 aures
392 3288 549 3359 incurrens,
565 3299 704 3365 tamquam
718 3307 815 3346 manus
824 3286 895 3347 alios
907 3287 969 3366 qni·
1020 3307 1089 3347 nem
1100 3289 1280 3366 auspicatur.
1296 3285 1485 3345 Profationem
1499 3283 1631 3343 nimirum
1644 3284 1776 3366 profere-

216 3377 280 3438 dem
296 3379 412 3460 expellit
423 3392 450 3439 et
464 3378 557 3461 ejicit,
579 3377 649 3439 elios
666 3392 758 3439 autem
777 3377 926 3439 introducit
942 3394 969 3440 et
1019 3382 1068 3443 bat
1081 3383 1205 3443 sacerdos
1218 3395 1316 3442 nostrae
1331 3402 1385 3441 non
1398 3381 1560 3445 absimilem.

217 3467 327 3530 ⁸5³th
1060 3477 1092 3536 ln
1113 3475 1251 3537 oblatione
1265 3495 1329 3534 rero
1347 3473 1456 3534 dicebat
1469 3472 1595 3535 sacerdos
1608 3496 1615 3532 e
1626 3473 1695 3536 Sive
1714 3495 1777 3535 oo-
1810 3492 1837 3536 t.
1848 3504 1873 3538 ra

256 3561 326 3633 Quae
346 3559 382 3622 de
400 3560 525 3641 liturgia
538 3565 567 3623 in
586 3576 661 3623 tanta
673 3583 787 3643 operum
807 3563 887 3645 sylva
905 3563 969 3624 bino
1023 3571 1128 3641 lantes,
1144 3571 1205 3628 sive
1217 3569 1302 3626 inriti
1313 3570 1510 3646 peccavimus,
1527 3568 1685 3629 condom-
1695 3566 1778 3644 queis
1788 3552 1873 3602 ³⁶⁶·‘·l

217 3665 244 3712 et
256 3651 322 3713 inde
338 3654 419 3713 refert
432 3654 655 3736 Chrysostomus,
668 3655 732 3730 vix,
747 3677 779 3714 ac
792 3676 826 3715 ne
838 3656 889 3715 vix
902 3656 968 3734 qui·
1021 3659 1124 3720 similia
1146 3659 1284 3719 habentur
1304 3658 1332 3717 in
1354 3657 1479 3738 Biturgia
1492 3656 1557 3732 illa,
1579 3655 1777 3738 chrysostomi

217 3745 296 3820 dem,
312 3759 343 3805 ut
352 3746 409 3826 jam
421 3746 493 3820 dixi,
503 3767 553 3806 suo
562 3745 659 3805 ordine
669 3767 805 3805 recensere
817 3767 969 3826 possumus.
1020 3750 1151 3810 nomines
1159 3748 1238 3809 nobis
1247 3747 1387 3830 publicata
1400 3749 1481 3809 Tom.
1492 3751 1542 3820 12,
1555 3768 1585 3828 p.
1594 3746 1667 3809 784.
1679 3748 1788 3828 Quen·-

218 3842 263 3900 Dc
271 3837 431 3918 hujusmodi
442 3837 540 3897 ordine
550 3837 694 3918 quidpiam
707 3858 919 3897 commemorare
928 3839 971 3897 vi·
1020 3839 1120 3900 donam
1132 3854 1224 3900 autem
1234 3840 1293 3900 brec
1306 3839 1388 3900 verba
1401 3839 1513 3911 diceret,
1531 3840 1658 3901 Oretttus
1673 3859 1780 3903 omncs
1788 3862 1817 3907 τ.
1825 3875 1857 3908 ιι.

220 3926 302 3987 detur
319 3927 434 3986 bomilia
450 3927 558 3985 decima
577 3941 673 3986 octava
692 3927 721 3984 in
742 3923 833 4006 Epist.
854 3926 972 3986 secunda
1021 3936 1227 4008 communiter,
1247 3952 1300 3994 non
1320 3930 1457 3993 indicetur
1476 3953 1492 3991 a
1511 3930 1711 4013 Gbrysowomo
1725 3927 1815 4013 qui-⁴¹·

83 4053 114 4099 T·
129 4065 167 4099 ,00
187 4066 212 4112 Ρ,
223 4016 261 4076 ad
273 4015 448 4075 Corinthios:
461 4039 476 4070 ιι
487 4015 639 4088 Omnibus,
648 4038 664 4068 s
673 4015 771 4092 inquit,
787 4039 802 4070 o
814 4035 899 4074 unum
913 4036 972 4075 cor-
1022 4024 1071 4084 ilh
1082 4025 1196 4104 proserp,
1596 4008 1600 4016 '

70 4112 160 4163 sest·
223 4128 297 4188 pus,
313 4126 400 4164 unum
413 4105 542 4185 poculum
556 4103 737 4184 proponimus
750 4128 756 4160 :
771 4105 798 4163 in
812 4105 975 4184 precationi·
1062 4118 1199 4196 Martyres
1209 4116 1331 4177 etiam-in
1342 4117 1466 4198 Liturgis
1476 4115 1710 4179 memorsbstttor·
1723 4117 1782 4181 No·
1790 4136 1873 4195 top-2

224 4200 278 4259 bus
300 4218 408 4278 quoquc
426 4196 560 4277 populum
582 4192 682 4254 videtis
704 4196 822 4255 multum
842 4197 971 4258 conterre.
1022 4207 1095 4267 mim
1107 4229 1213 4286 quoque
1226 4209 1656 4289 parmmmmrbmfamm
1668 4200 1873 4292 mictu

225 4289 337 4350 Etenim
350 4308 403 4369 pro
415 4285 616 4364 energumenis,
629 4296 657 4340 et
670 4303 720 4362 pro
733 4284 767 4342 iis
783 4285 832 4362 qui
846 4286 873 4345 in
885 4290 973 4366 poeni-
1023 4297 1054 4356 in
1067 4299 1149 4357 sacris
1162 4300 1344 4361 oblationibus
1356 4301 1574 4382 proferebantur,
1591 4300 1700 4363 edditis
1713 4264 1817 4384 pre-⁵⁰

226 4383 312 4442 tentia
331 4393 413 4453 sunt,
432 4395 590 4436 communes
603 4386 629 4432 el
642 4393 658 4431 a
673 4373 808 4435 8866ῐᾶοω
821 4390 848 4435 θῑ
863 4378 978 4460 abipsis
1024 4387 1101 4447 cibus
1118 4409 1168 4468 pro
1192 4391 1268 4451 villis
1288 4413 1384 4452 corum
1404 4406 1431 4452 et
1452 4392 1572 4474 prediis.
1598 4395 1783 4454 ldortooruro

227 4493 321 4555 prcoes
333 4471 405 4529 fiunt
417 4481 515 4545 eatque
526 4484 618 4524 omnes
633 4481 715 4522 unam
729 4465 905 4545 eamdemque
914 4490 974 4551 pre·
1026 4479 1109 4538 etiam
1123 4482 1251 4542 memoria
1270 4484 1400 4545 celebrari
1421 4484 1525 4545 solebat
1545 4491 1579 4545 5„
1591 4487 1783 4548 rimandis
1818 4492 1866 4537 τ.ι

228 4582 288 4621 cem
298 4560 439 4635 emittunt,
452 4576 574 4637 precem,
587 4555 716 4630 inquam,
730 4555 912 4618 misericordia
921 4561 975 4641 ple·
1025 4583 1114 4648 arque
1128 4574 1272 4658 tromper,
1286 4583 1449 4652 ,ψεδνὴ
1794 4569 1847 4620 ⁸¹⁷·
1856 4567 1873 4596 ‘¹

230 4670 305 4710 nam.
328 4651 437 4707 Rur³¹¹⁸
454 4665 518 4704 cum
527 4667 594 4714 0⁰⁸2
619 4642 667 4720 qui
687 4663 859 4744 &imm
880 4672 976 4713 menso
1066 4662 1130 4722 llaec
1138 4663 1173 4724 de
1181 4666 1317 4727 sacerdote
1327 4690 1403 4729 saera
1414 4683 1559 4751 peragente
1569 4693 1576 4729 ε
1585 4690 1635 4731 nec
1645 4669 1784 4751 paedore

231 4737 380 4822 panicii>es
393 4754 450 4793 0³³²
463 4745 610 4810 ”bimuli
625 4752 736 4792 meris
749 4737 831 4815 septis
844 4760 974 4822 arcemus,
1026 4755 1062 4812 de
1074 4753 1185 4814 diacono
1197 4759 1293 4833 refert,
1307 4761 1355 4838 qui
1368 4760 1470 4822 divinis
1484 4761 1623 4842 mysteriis
1634 4761 1782 4839 intererat,

232 4825 353 4889 ineunda
370 4835 410 4882 est
421 4823 505 4880 altera
519 4821 615 4896 oratio,
631 4820 659 4878 in
672 4841 725 4898 qua
736 4842 826 4885 omnes
839 4827 918 4905 qui
927 4833 972 4910 ja·
1028 4863 1148 4923 saepeque
1161 4847 1215 4906 alta
1227 4870 1293 4909 vore
1306 4853 1408 4932 populo
1418 4853 1521 4913 monitr
1533 4853 1628 4933 dabat,
1641 4874 1706 4934 qnae
1719 4853 1784 4931 illo,

234 4939 338 4991 cemus,
361 4932 454 4973 omnes
467 4932 544 4988 reque
559 4913 753 5012 consurgimus·
771 4914 812 4974 bd
824 4917 897 4992 hac,
915 4942 977 4983 cum
1027 4953 1081 5010 quo
1095 4935 1267 5013 dicebantur,
1288 4943 1384 5003 ordino
1393 4965 1529 5004 recensere
1549 4945 1578 5004 in
1595 4959 1709 5026 promto
1724 4965 1784 5008 nott

235 5031 294 5092 psx
303 5004 395 5066 danda
405 5002 582 5077 vicissimque
592 4999 748 5100 accipienda
758 5018 808 5081 est,
819 5029 909 5108 omnes
921 5033 980 5073 mu·
1029 5037 1077 5083 est.
1088 5025 1226 5089 Clamabat
1235 5047 1336 5112 autem,
1352 5027 1424 5116 ipset
1438 5041 1545 5116 στῶμεν
1559 5040 1660 5109 καλῶς,
1674 5038 1785 5100 directi
1793 5050 1873 5110 tter.

235 5114 287 5159 tuo
302 5092 566 5200 noqexosculomur.
589 5091 651 5149 lam
667 5110 695 5147 ιιι
712 5095 856 5197 tremendis
876 5120 981 5179 quoque
1031 5127 1137 5176 stemus
1150 5125 1235 5196 probe
1247 5147 1256 5179 r
1266 5125 1366 5202 quibus
1376 5129 1480 5203 verbis,
1495 5150 1549 5190 non
1564 5144 1594 5190 ut
1608 5151 1710 5212 eorpus
1725 5132 1816 5193 mo‘'

238 5202 399 5268 mysteriis,
420 5196 450 5242 ut
464 5179 586 5281 sacerdos
600 5200 649 5257 pto
663 5180 762 5283 plebe,
786 5199 823 5244 ¹12
840 5189 980 5272 plebspro
1032 5203 1080 5283 do,
1094 5210 1311 5275 scdutanirnurn
1326 5220 1407 5279 etiam
1421 5222 1536 5301 erigeret
1569 5223 1690 5284 adstanti
1704 5225 1786 5306 plebi

186 5305 189 5309 .
240 5277 378 5338 sacerdote
399 5285 462 5334 vota
483 5272 557 5371 facit.
573 5269 638 5327 Haec
657 5290 729 5329 tuum
742 5277 822 5335 verba
836 5301 843 5334 τ
856 5284 898 5341 Et
918 5307 982 5346 cum
1034 5295 1209 5375 significabat.
1225 5306 1346 5368 Subinde
1361 5313 1441 5372 etiam
1455 5315 1510 5374 alta
1530 5270 1596 5377 vbce
1609 5316 1649 5376 sie
1688 5316 1785 5380 lcbcm

241 5370 346 5441 spiritu
357 5379 419 5440 tuo,
431 5357 582 5422 nibilnlrud
591 5380 672 5438 quam
680 5360 731 5422 boc
740 5364 900 5443 significant.
912 5378 982 5437 llur·
1036 5406 1140 5448 monere
1148 5393 1247 5454 solebat
1257 5421 1263 5453 ε
1272 5401 1459 5479 ἐπιγινώσκετε
1471 5408 1612 5487 ἀλλήλους,
1622 5339 1786 5476 Allialios
1796 5385 1873 5491 μ
