3714 5970
496 653 568 715 QUAE
594 656 628 702 ΙΝ
654 656 813 706 ot‘Etttntts
839 658 1073 711 Cllllffld‘lolll
1099 664 1355 712 OBSERVANTUR.

1624 671 1694 743 229

143 862 1684 914 ῇ-Μ-ΜἫ

793 1086 973 1147 DttTtttBt
994 1088 1045 1151 Ν.

751 1294 946 1356 Miscellanea
969 1294 1092 1355 multa*

97 1564 130 1611 tr.
183 1543 287 1604 llarrat
298 1541 521 1625 chrysostomus,
539 1561 588 1601 sno
604 1559 663 1600 aro
674 1551 761 1599 toturn
775 1539 889 1615 cmm,

143 1635 185 1696 sic
194 1634 251 1711 illa,
265 1633 304 1694 ad
313 1634 452 1695 Bethleem
463 1633 636 1710 confluxisse,
650 1652 702 1692 non
719 1631 771 1691 alia
785 1630 819 1690 de
830 1650 893 1690 cau·

143 1748 193 1804 aa,
207 1748 291 1808 quam
303 1742 336 1788 ut
348 1728 440 1788 locum
451 1726 574 1787 viderent
586 1725 636 1786 nbi
652 1738 731 1785 natus
742 1723 893 1806 repositus-

143 1840 198 1899 que
210 1821 300 1881 luerat
315 1820 451 1881 Christus.
545 1874 553 1885 .

97 1924 134 1989 Ι,
185 1914 231 1973 lte
243 1912 311 1974 tobi
327 1911 459 1973 limobac
469 1931 598 1994 perquam
612 1908 761 1989 singularia
779 1909 892 1989 profert:

145 2005 257 2068 «Multi
272 2025 346 2065 nune
355 2005 464 2085 longam
474 2016 501 2064 et
513 2003 721 2064 transmarinam
733 2001 892 2083 peregrina-

143 2100 246 2161 tionem
261 2112 372 2158 aterrae
385 2097 488 2157 finibus
504 2096 531 2155 in
545 2095 674 2155 Arabiam
687 2093 849 2175 suscipiunt,
862 2105 893 2151 ut

144 2196 243 2256 limum
256 2194 340 2255 illum
349 2207 468 2265 cernant,
477 2206 503 2252 et
515 2192 661 2274 conspicati
677 2204 776 2251 terram
784 2189 895 2249 deoseu-

144 2287 245 2365 lentur,
255 2308 319 2367 quae
331 2285 407 2347 illius
419 2286 532 2346 victoris
546 2284 692 2344 certamina
716 2296 743 2342 et
770 2302 893 2342 cruorem

144 2381 221 2442 omni
233 2385 303 2442 abro
313 2380 498 2462 pretiosiorem
513 2378 640 2460 suscepit.
648 2380 742 2458 Neque
754 2377 826 2436 enim
836 2391 894 2436 tan·

145 2488 206 2533 tum
215 2472 340 2534 radiaret
350 2492 483 2555 purpura,
495 2485 627 2550 quantum
638 2467 710 2529 illud
721 2489 818 2551 corpus
828 2482 894 2528 tunc

144 2564 353 2648 resplendebat,
377 2584 431 2624 non
452 2561 621 2634 alieno,sed
643 2561 754 2643 proprio
777 2561 894 2621 tinctum

145 2661 289 2739 sanguine.
300 2657 402 2720 Ulcera
417 2677 483 2716 reno
496 2655 544 2717 illa
556 2655 669 2736 gemmis
683 2655 810 2715 omnibus
818 2666 895 2713 mant

145 2752 287 2812 cariorem
501 2815 503 2819 ¹
796 2760 817 2775 ·’

97 2856 136 2917 no.
186 2845 232 2905 nit
256 2845 319 2927 ipse
340 2843 562 2926 Chrysostomns,
589 2841 718 2921 reliquias
742 2860 812 2900 arca
830 2841 896 2900 Noe

148 2939 291 2999 tactem
314 2936 418 2998 savari
432 2937 460 2996 in
478 2935 617 2996 montibus
635 2932 769 2994 Armeniae
788 2930 824 2991 ad
844 2953 896 2992 no-

150 3030 468 3092 stramadmonitionem.

97 3160 142 3210 ῃ,
187 3126 249 3186 Non
270 3121 498 3207 praetermittenda
515 3136 653 3201 suntque
675 3118 710 3178 de
723 3131 792 3177 terra
804 3118 895 3179 Sodo-

152 3240 257 3279 morum
272 3216 363 3278 dieite
391 3241 406 3272 u
421 3220 527 3280 Verum
548 3216 607 3274 bac
625 3233 698 3272 nune
713 3225 752 3272 est
774 3211 895 3270 omniurn

152 3311 319 3372 domnum
339 3310 542 3371 desertissima:
560 3320 632 3369 stant
655 3306 727 3365 enim
741 3305 851 3364 arbores
869 3318 895 3365 et

154 3405 267 3464 lroctum
287 3403 405 3480 babent,
415 3416 444 3463 at
455 3403 560 3461 lructns
571 3401 617 3459 ille
632 3403 678 3459 irae
690 3397 793 3458 divinae
805 3398 895 3457 moni-

155 3512 268 3556 mentum
281 3510 322 3557 est
334 3509 425 3556 :stant
447 3495 630 3575 malogranata
648 3490 803 3573 splendida,
826 3492 894 3552 facie

158 3611 222 3670 spem
247 3590 350 3650 bonam
377 3588 564 3669 ignorantibus
587 3585 746 3668 praebentia,
768 3586 894 3645 manibus

160 3696 236 3742 antem
248 3694 360 3762 accepta
370 3693 398 3740 et
410 3680 505 3752 fracta,
515 3678 634 3737 fructum
648 3677 758 3756 quidem
770 3676 893 3752 nullum,

163 3772 350 3855 tripulrerem
364 3771 534 3849 cineremque
553 3770 670 3829 multum
689 3770 761 3829 intus
775 3771 894 3850 positum

165 3864 283 3926 exhibent.
296 3865 377 3924 Talis
388 3877 428 3922 est
442 3876 532 3940 terra,
543 3862 610 3921 tales
627 3861 743 3944 lapides,
763 3861 824 3920 talis
837 3863 895 3942 ipse

168 3975 213 4016 aa:
228 3959 319 4019 omnia
328 3957 437 4017 incensa
449 3968 523 4027 sunt,
538 3954 628 4014 omnia
639 3953 667 4013 in
682 3955 798 4015 cinerem
811 3954 891 4013 reda-

170 4061 392 4132 ttr‚preterquam
405 4050 453 4109 irae
469 4048 648 4127 monimenta,
666 4047 752 4107 futuri
766 4047 895 4129 supplicii

97 4208 99 4217 ,
172 4139 282 4205 illicia.»

97 4220 99 4275 f
199 4237 261 4298 llicit
272 4237 357 4298 etiam
366 4236 463 4296 doctor
480 4249 579 4309 noster,
593 4255 608 4293 a
624 4232 752 4293 decennio
769 4233 892 4294 homines

97 4300 109 4417 i
176 4345 315 4406 matorum
331 4330 463 4391 rationem
473 4328 692 4389 redditurosesse
701 4352 711 4408 3
728 4329 891 4408 turpatam

97 4418 114 4553 q
178 4419 281 4501 liunt»
294 4424 386 4507 pergit
402 4422 459 4497 ille,
472 4422 585 4504 «pueri,
598 4420 647 4500 qui
665 4420 739 4501 qnod
760 4421 891 4481 Elisaeum

108 4588 113 4595 ι
180 4512 438 4591 interemissent,
451 4516 486 4575 ab
497 4513 569 4574 ursis
581 4513 704 4573 devorati
719 4527 791 4572 sunt.
806 4536 820 4569 o

136 4638 176 4692 rt„
206 4611 234 4670 lle
246 4610 385 4683 mendicis,
401 4629 455 4689 quo
468 4621 547 4690 paeto
561 4606 664 4667 scilicet
684 4618 749 4664 tunc
763 4604 892 4685 temporis

115 4700 150 4767 ‚²
184 4701 249 4781 θύμω
261 4718 392 4786 tegerent,
412 4701 498 4762 multa
517 4700 594 4775 dicit,
614 4722 674 4780 que
692 4720 746 4759 non
765 4704 828 4758 sunt
849 4697 892 4758 si-

114 4772 120 4801 r
185 4790 237 4854 lntio
248 4796 440 4878 pretereunda.
457 4795 597 4876 Principio
614 4792 725 4871 quidem
750 4791 889 4870 mendici,

188 4896 227 4945 tta
241 4890 459 4969 pretereuntibus
472 4889 558 4947 u'num
572 4886 616 4948 vel
626 4885 696 4946 duos
709 4886 803 4947 obolos
817 4886 891 4946 acci-

190 4992 257 5057 mint,
269 5004 315 5064 per
328 4983 480 5042 Domitium
489 4979 671 5062 adjurabant,
683 4992 713 5038 ut
726 4992 829 5039 metum
841 4980 888 5039 in-

212 5180 309 5246 'llnlrnc
319 5199 345 5239 et
353 5187 483 5254 sequeutia
493 5188 577 5254 capita
586 5184 634 5237 cir.
645 5183 750 5237 doctam
759 5186 896 5237 Commen-

195 5261 277 5316 ltl'nnen
287 5265 375 5322 histor.
388 5265 421 5318 de
431 5264 641 5335 genio,·moribus
652 5277 679 5316 et
687 5264 748 5315 lusu
759 5264 897 5317 revineo·

196 5328 268 5408 illini,
277 5357 377 5398 auctore
386 5348 461 5398 Petro
484 5346 591 5396 nmmo
602 5343 701 5396 mutter.
716 5344 777 5396 Pars
789 5346 813 5395 4.
826 5346 897 5395 Hav-

198 5410 332 5476 ΙΙΙ1474144.
343 5426 404 5476 Pare
412 5424 569 5477 Ilmsst
578 5440 638 5475 cnm
649 5422 729 5491 ipsius
741 5424 834 5476 Menti.
842 5424 899 5476 dia·

199 5487 241 5544 'th
248 5499 285 5551 elr.
296 5520 369 5570 quam
380 5503 452 5555 idem
463 5520 488 5557 r.
501 5502 529 5556 d.
542 5504 730 5570 mripaernt
740 5516 897 5558 commente-

950 1552 1080 1613 autemut,
1094 1542 1230 1625 praoipue
1243 1547 1373 1607 matronis
1386 1561 1411 1610 et
1424 1548 1531 1630 puellis,
1545 1569 1606 1627 quar
1619 1570 1692 1632 opu-

949 1629 1038 1690 lentie
1048 1636 1162 1715 speciem
1172 1656 1229 1715 prae
1243 1656 1271 1695 se
1283 1637 1422 1698 ferebant:
1436 1641 1481 1700 sed
1499 1660 1561 1699 cum
1584 1639 1692 1701 bannia

949 1743 1047 1804 parum
1059 1724 1101 1786 vel
1115 1725 1184 1787 nibil
1202 1730 1423 1812 expiscarentur,
1439 1731 1516 1793 aliud
1532 1732 1692 1809 tenubnnt,

950 1815 1025 1894 quod
1043 1819 1083 1877 sic
1097 1819 1227 1900 exprimit
1239 1822 1467 1904 Chrysostomus:
1482 1848 1498 1882 e
1513 1826 1584 1887 llam
1597 1820 1693 1905 quoni·

950 1929 994 1967 am
1004 1910 1096 1971 verbis
1116 1925 1221 1973 utentes
1232 1913 1437 1977 vehementibus
1456 1931 1482 1978 et
1495 1917 1625 1989 acribus,
1640 1938 1694 1979 non
1764 1981 1767 1993 ,
1832 1972 1839 1985 ,

950 2016 1065 2084 tangunt
1078 2006 1200 2065 animum
1209 2030 1219 2085 3
1235 2006 1271 2067 ad
1286 2008 1356 2069 banc
1370 2010 1444 2071 viam
1460 2024 1625 2093 properant,
1644 2032 1695 2094 per

951 2115 1032 2173 quam
1043 2098 1163 2159 maxime
1173 2097 1318 2178 delectant,
1336 2115 1435 2163 etcum
1453 2103 1502 2184 qui
1515 2117 1554 2164 est
1570 2103 1598 2164 in
1616 2104 1694 2165 cala·

951 2189 1043 2249 mitate
1056 2204 1081 2250 et
1092 2191 1164 2251 farne
1174 2193 1322 2281 cruciatur,
1344 2196 1416 2275 cogit
1432 2196 1593 2278 improbitas
1602 2208 1693 2256 nostra
1783 2272 1788 2276 ,

949 2282 1100 2342 encomium
1116 2282 1224 2343 dicere:
1236 2299 1261 2344 ct
1273 2286 1376 2346 utinam
1388 2287 1440 2347 hoc
1449 2287 1555 2351 solum!
1572 2285 1618 2348 sed
1628 2287 1694 2349 alte·

950 2396 1012 2435 rum
1023 2397 1131 2456 quoque
1145 2398 1228 2457 genus
1250 2377 1301 2438 hoc
1314 2379 1450 2456 acerbius,
1464 2400 1560 2461 nempe
1583 2381 1693 2460 presti-

950 2469 1064 2548 giatores
1075 2471 1147 2550 cogit
1158 2492 1214 2530 esse
1226 2493 1366 2554 pauperes,
1378 2493 1482 2532 scurras
1493 2485 1519 2532 et
1531 2472 1615 2531 risum
1634 2492 1694 2531 mo·

951 2575 1053 2622 ventes.
1071 2562 1188 2636 Quando
1202 2564 1273 2623 enirn
1288 2564 1395 2639 calices,
1415 2565 1574 2635 hederaceas
1588 2577 1694 2646 pateras

951 2667 978 2714 et
988 2655 1085 2736 pocula
1100 2654 1194 2736 digitis
1208 2658 1325 2717 inserens
1339 2671 1366 2718 et
1383 2657 1694 2740 irnponens,luditcym·

951 2746 1037 2822 balis,
1050 2761 1077 2807 et
1093 2749 1212 2808 fistulam
1224 2749 1343 2827 babens,
1354 2753 1445 2832 turpia
1454 2750 1557 2811 cantica
1568 2764 1593 2811 et
1604 2772 1696 2812 amore

952 2839 1030 2919 plena
1044 2861 1094 2921 per
1112 2862 1171 2900 eam
1185 2856 1264 2902 cantu
1276 2857 1302 2902 et
1326 2860 1392 2909 voce
1409 2843 1527 2904 clamat.-
1541 2857 1604 2904 tunc
1614 2845 1695 2905 multi

952 2933 1141 3010 circumstant,
1159 2947 1185 3022 et
1204 2934 1251 2994 ulii
1275 2933 1385 3014 quidem
1405 2937 1523 2995 frustum
1540 2936 1634 3018 panis,
1646 2937 1695 2996 alii

953 3044 1016 3086 vero
1030 3025 1157 3102 obolum,
1168 3026 1214 3085 alii
1226 3027 1368 3109 quidpiam
1380 3029 1456 3087 aliud
1468 3029 1598 3111 prebent,
1608 3043 1633 3090 et
1644 3028 1694 3089 diu

951 3119 1075 3192 retinent,
1089 3120 1296 3180 etdelectantnn
1308 3121 1397 3182 viriet
1417 3122 1562 3182 mulieres:
1577 3121 1696 3202 quidest

951 3213 1003 3273 boc
1016 3213 1172 3294 graviori»
1507 3222 1512 3237 ¹

986 3307 1032 3367 Es
1046 3306 1175 3367 mendicis
1183 3306 1334 3366 autemillis
1345 3305 1458 3385 quidam
1466 3306 1584 3387 improbi
1595 3328 1627 3366 ac
1637 3327 1693 3367 scn-

950 3398 1106 3478 lestierant,
1119 3398 1153 3459 de
1168 3399 1268 3479 quibus
1278 3399 1315 3458 ait
1325 3398 1534 3480 chrysostomus
1546 3408 1556 3459 r'
1569 3423 1584 3455 a
1598 3402 1693 3459 Annon
1702 3432 1746 3477 ql,
1761 3431 1843 3493 ΡΨ,

950 3490 1027 3552 vides
1045 3491 1232 3551 mendicorum
1242 3491 1375 3571 plurimos
1388 3492 1458 3550 inter
1469 3511 1606 3571 pressuras
1621 3491 1693 3574 ipsas
1702 3511 1722 3539 c.
1734 3499 1758 3542 ⁸¹·

950 3597 977 3642 et
988 3584 1128 3663 angustias
1142 3583 1282 3642 innumera
1302 3596 1484 3664 perpetrantes
1496 3582 1604 3659 scelera,
1625 3606 1693 3663 quo-

950 3696 1010 3734 rum
1025 3690 1113 3734 tamen
1125 3676 1246 3734 omniurn
1260 3696 1401 3735 causanon
1418 3675 1529 3734 afflictio
1549 3691 1693 3759 pauperta-

949 3766 985 3827 tis
994 3780 1044 3838 est,
1061 3766 1108 3825 sed
1120 3767 1175 3826 sola
1194 3767 1337 3845 nequitia?
1351 3765 1452 3827 Audiui
1470 3787 1520 3846 ego
1539 3767 1690 3846 quosdam,

949 3858 997 3937 qui
1006 3858 1125 3918 dicerent
1139 3857 1296 3939 hujusmodi
1311 3858 1433 3917 homines
1445 3858 1585 3918 mulierem
1594 3881 1693 3939 quarn·

948 3952 1012 4011 dam
1022 3952 1161 4011 honestam
1173 3965 1198 4011 et
1218 3952 1304 4011 forma
1323 3951 1431 4010 liberali
1446 3952 1473 4011 in
1487 3951 1633 4013 solitudine
1644 3975 1694 4013 na-

948 4059 1025 4122 ctos,
1045 4045 1069 4104 ei
1092 4045 1225 4107 violenter
1243 4045 1274 4104 ac
1287 4045 1439 4125 petulanter
1460 4045 1587 4106 illusisse.
1609 4049 1695 4128 Atqui

949 4160 1002 4218 qua
1023 4139 1195 4216 necessitate,
1220 4158 1274 4216 qua
1291 4138 1442 4197 calamitate
1462 4137 1498 4197 ud
1519 4138 1571 4199 boc
1588 4138 1693 4200 inducti

948 4233 1057 4293 suntlo

988 4326 1065 4386 Alios
1078 4325 1160 4386 etiam
1173 4338 1303 4403 memorat
1317 4329 1531 4404 marsupiorum
1544 4339 1669 4386 sectores
1680 4372 1721 4420 ,Τ
1735 4389 1745 4425 ¹

948 4419 994 4498 qui
1011 4418 1038 4477 in
1053 4418 1194 4478 ecclesiam
1209 4417 1418 4490 conveniebant,
1436 4431 1467 4476 ut
1479 4438 1542 4476 cunr
1558 4408 1729 4485 divitibuss,⁸
1749 4411 1756 4424 ’

947 4515 975 4572 in
986 4513 1113 4573 concione
1125 4512 1288 4587 intermixti,
1305 4533 1461 4572 crumenam
1474 4525 1499 4572 et
1513 4534 1610 4573 aurum
1624 4512 1691 4594 ipsis

948 4609 1127 4689 subriperent.

989 4705 1086 4762 Narrat
1095 4703 1111 4762 J
1115 4699 1207 4761 udaeos
1218 4698 1350 4779 templum
1365 4718 1445 4758 suum
1456 4712 1607 4759 restaurare
1620 4720 1691 4782 saepe
1699 4759 1721 4804 Τ
1784 4758 1798 4804 5

947 4793 1046 4853 frustra
1059 4791 1204 4852 tentavisse
1211 4814 1221 4868 3
1235 4788 1439 4853 imolulianum
1453 4793 1609 4872 Apostatam
1620 4792 1690 4854 illud
1699 4772 1790 4873 ,[ἱέζ
1799 4760 1840 4871 3⁰

947 4884 1036 4966 operis
1049 4882 1206 4964 suscepisse.
1224 4908 1239 4939 α
1256 4884 1324 4941 Nam
1338 4896 1416 4943 etate
1430 4898 1531 4963 nostra,
1548 4910 1564 4942 o
1581 4886 1688 4966 inquit,

948 4976 1267 5059 elmperatorqniomnes
1273 4975 1410 5058 impietate
1419 4978 1691 5059 superabat,etlacul·

1760 4380 1841 4440 ntro·

945 5187 1056 5251 tionem,
1069 5203 1127 5237 cum
1150 5202 1216 5237 nora
1228 5184 1342 5237 editione
1355 5159 1571 5255 Operum'Clrrys.
1580 5202 1690 5254 occupa.

946 5275 986 5316 tua
995 5271 1060 5316 esset
1072 5304 1080 5325 ‚
1094 5270 1140 5316 lea
1151 5264 1236 5314 modes
1247 5275 1271 5314 et
1282 5263 1319 5314 les
1335 5279 1424 5332 usages
1433 5263 1468 5314 du
1479 5263 1555 5315 siecle
1564 5264 1596 5314 de
1607 5263 1690 5316 Theo-

945 5343 1161 5409 damnarant,
1174 5347 1295 5394 insertam
1311 5344 1338 5393 iu
1350 5343 1420 5394 Actis
1437 5342 1580 5395 Academia
1597 5343 1692 5395 Inscri-

946 5429 1078 5496 ptionum,
1090 5437 1142 5478 stc.
1154 5424 1232 5476 Turn.
1240 5425 1281 5488 ts,
1293 5439 1321 5488 p.
1329 5420 1483 5490 tts-sso]
