3714 5970
243 462 313 557 176

237 612 341 692 majore
354 608 468 671 eoueilio
476 604 684 688 dijudicandam
700 624 757 665 esse
772 604 983 665 demanarunt

241 734 306 775 cum
315 727 442 793 urgerent
453 712 484 787 ii,
496 712 596 791 quibus
608 710 638 769 id
647 710 852 791 ahImperatorc
865 707 982 768 mauda-

239 818 411 889 tumsuerat,
422 830 454 875 ut
472 836 535 876 eum
553 815 581 873 in
599 813 725 873 exsilium
743 814 926 892 abducerent,
938 810 982 870 illi

241 908 456 969 reluctabantur.

281 1014 376 1093 Neque
394 1014 482 1095 jussui
495 1012 668 1092 Imperatoris
689 1010 742 1071 sibi
761 1010 851 1069 statim
874 1008 984 1088 acquic·

114 1108 230 1170 “lwt-
241 1112 369 1172 scendum
378 1115 485 1195 putarit
491 1114 703 1195 Chrysostomns
711 1112 830 1189 ;nonnisi
842 1111 913 1170 euim
923 1122 983 1190 post

88 1174 169 1233 ιη’
194 1190 231 1239 ¹⁹⁸
240 1211 356 1273 biduum
368 1234 398 1273 se
411 1213 444 1273 iis
459 1212 582 1284 tradidit,
598 1213 646 1291 qui
659 1234 687 1272 se
700 1212 728 1271 in
742 1196 868 1272 exsilium
881 1210 983 1301 depor-

240 1327 298 1373 tare
316 1314 457 1374 curabant.
480 1312 634 1373 Excubanti
659 1326 748 1373 arrtcm
768 1326 794 1373 et
817 1333 844 1371 se
857 1312 925 1371 tucri
938 1334 985 1371 co-

240 1414 316 1474 nanti
339 1414 440 1495 populo
461 1413 608 1473 orationem
630 1412 744 1489 habuit,
759 1412 786 1471 in
810 1433 862 1490 qua
884 1411 985 1471 mirum

241 1518 367 1593 quantam
379 1506 461 1565 animi
472 1505 625 1565 firmitatem
638 1505 773 1577 exhibeat,
781 1518 947 1563 necmortcm
958 1525 987 1562 so

239 1610 358 1657 metuere
370 1596 459 1656 dicit:
484 1597 670 1679 populumque
689 1596 813 1655 bortatur
834 1594 869 1654 ad
884 1595 987 1676 patien-

175 1756 184 1773 .
242 1688 308 1749 tiam
322 1690 349 1748 in
369 1689 509 1751 aduersis:
526 1689 667 1768 hostesque
680 1709 743 1748 suos
756 1688 861 1747 monlet
878 1687 984 1747 acriter.

231 1768 440 1855 'eNonenim,a
455 1781 553 1861 iuquit,
563 1781 818 1862 «propterdivitias
829 1781 924 1840 mundi
944 1781 986 1839 in·

243 1880 440 1962 sidiaspatior:
455 1881 530 1960 quod
543 1882 565 1941 si
577 1896 655 1951 esset,
672 1882 765 1960 utique
778 1882 928 1941 contristari
940 1881 986 1942 de-

239 1980 351 2041 berem:
366 2002 415 2042 nec
433 1996 542 2063 propter
560 1983 670 2061 aliquod
688 1996 842 2063 peccatum,
856 1982 904 2041 sed
921 2004 986 2063 pro·

240 2087 302 2154 pter
317 2075 465 2149 caritatem,
477 2096 557 2153 quam
568 2096 632 2155 erga
644 2096 693 2136 vos
703 2075 789 2135 haheo
801 2099 808 2133 :
818 2077 882 2155 quia
895 2077 985 2136 omnia

241 2194 294 2255 ago
307 2190 337 2235 ut
356 2198 405 2237 vos
426 2177 591 2258 proficiatis,
604 2191 630 2236 et
643 2199 675 2237 ne
689 2178 750 2257 quis
763 2178 929 2237 subintroeat
949 2177 984 2237 ad

238 2269 457 2328 conturbandum
474 2290 582 2350 gregem
605 2270 673 2328 bene
692 2270 867 2345 institutum,
883 2269 930 2329 sed
955 2283 985 2328 ut

240 2362 420 2442 permaneatis
430 2363 457 2420 in
468 2361 638 2441 simplicitate
647 2360 838 2420 fideillaecest
847 2383 926 2420 eausa
938 2382 984 2441 pe·

241 2452 390 2511 ricrrlorum
405 2474 536 2522 meorum,
551 2464 577 2509 et
592 2453 650 2511 lucc
660 2453 799 2512 sufficiunt
813 2455 880 2511 milri
893 2454 928 2513 ad
942 2476 984 2514 co·

723 480 754 529 s.
780 477 919 529 rouunrs
944 476 1175 529 crrnrsosrorn
1201 476 1296 542 vrrs,

1038 602 1197 675 studebant,
1219 618 1246 665 et
1267 617 1355 662 tamen
1372 598 1561 681 baptisterium
1588 596 1721 676 sanguine
1742 586 1783 655 illi

1040 696 1254 777 compleverunt.

1079 788 1149 847 Cum
1163 790 1202 849 sic
1215 788 1393 848 abduceretur
1406 789 1529 857 loannes,
1542 784 1592 843 ubi
1607 805 1665 842 rem
1679 802 1782 861 cogno·
1807 804 1848 845 soe

1039 881 1082 942 vit
1103 881 1220 963 populus
1231 926 1239 954 ‚
1250 876 1409 940 tumultuari
1426 878 1526 958 erepit,
1540 890 1567 935 et
1588 878 1782 955 Imperatorem
1793 880 1812 907 c.
1828 878 1849 926 ¹:

1039 988 1175 1052 totamque
1190 974 1343 1054 Synodum,
1355 972 1540 1052 praecipueque
1554 968 1743 1048 Theophilum
1757 982 1782 1027 et
1793 955 1849 1058 ἐξ

1039 1068 1225 1140 Severianum,
1239 1065 1387 1124 maledictis
1397 1064 1518 1145 appetiit.
1531 1060 1704 1120 Amboenim
1719 1059 1784 1118 insi·

1038 1161 1147 1218 dianam
1166 1158 1193 1217 in
1210 1172 1333 1217 sanctum
1352 1156 1494 1237 presulem
1511 1168 1633 1215 auctores
1651 1174 1709 1211 esse
1726 1172 1784 1209 cre·

1039 1252 1183 1313 elebantur.
1195 1251 1359 1311 Severianus
1371 1270 1435 1309 vero
1448 1270 1510 1307 cum
1523 1248 1551 1307 in
1568 1246 1678 1306 eeclesia
1697 1244 1785 1325 perid

1037 1357 1144 1424 tempus
1151 1364 1299 1402 sermonem
1305 1342 1423 1415 haberet,
1430 1341 1596 1413 sententiam,
1607 1361 1661 1417 qua
1668 1342 1785 1400 Joannes

1038 1435 1176 1515 depositus
1187 1435 1289 1507 fuerat,
1303 1433 1436 1509 laudavit,
1449 1447 1579 1492 utcontra
1591 1432 1785 1491 hominemar-

1038 1542 1177 1607 rogantem
1195 1527 1292 1600 latam,
1303 1526 1408 1585 etiamsi
1430 1547 1482 1586 non
1495 1523 1571 1583 aliud
1583 1523 1685 1583 crimen
1700 1524 1782 1605 objici

1039 1632 1137 1699 posset.
1151 1618 1331 1678 Ceteraenim
1341 1617 1440 1678 delicta
1451 1664 1458 1689 ,
1470 1616 1627 1695 inquiebat,
1645 1618 1720 1675 Dens
1734 1617 1782 1675 ho·

1040 1713 1159 1771 minibus
1170 1712 1293 1785 remittit,
1308 1710 1431 1791 superbis
1444 1724 1533 1769 autem
1545 1710 1658 1768 resistit.
1668 1707 1709 1767 Ea
1722 1730 1784 1767 vero

1040 1804 1074 1865 de
1084 1826 1163 1865 causa
1178 1806 1295 1887 populus
1309 1803 1468 1883 indignatus
1477 1803 1504 1860 iu
1517 1802 1702 1880 majoremque
1716 1800 1782 1859 iram

1040 1899 1187 1958 concitatus
1196 1912 1246 1958 est.
1264 1898 1356 1977 Neque
1367 1896 1503 1955 ulteriusa
1517 1893 1650 1954 seditione
1662 1892 1783 1951 reuocari

1039 2005 1161 2073 poterat,
1172 1991 1220 2050 sed
1246 1990 1311 2072 ipsis
1336 1990 1363 2048 in
1381 1987 1498 2048 ecclesiis
1519 1999 1546 2045 et
1563 1987 1590 2045 in
1608 1986 1667 2044 soro
1682 1983 1783 2043 tumul-

1038 2085 1285 2163 tuabatur.1ngens
1307 2103 1372 2143 vero
1393 2079 1487 2162 populi
1499 2078 1578 2137 turba
1594 2076 1630 2135 aul
1650 2077 1782 2136 Palatium

1038 2178 1158 2258 perrexit
1180 2189 1206 2234 ct
1228 2178 1419 2257 Imperatorem
1448 2172 1590 2253 deprecata
1615 2182 1657 2229 est
1679 2182 1711 2227 ut
1733 2168 1783 2227 sibi

1038 2286 1171 2351 pastorem
1184 2290 1263 2328 suum
1278 2270 1438 2327 restitueret.

1077 2363 1150 2420 Inter
1163 2363 1317 2421 liecautem
1333 2360 1429 2418 Palatii
1447 2357 1604 2417 cubiculum
1619 2375 1782 2415 concussum
1822 2371 1849 2413 ει

1037 2467 1087 2525 est,
1099 2468 1125 2512 et
1139 2467 1216 2512 terrae
1230 2467 1319 2513 motus
1330 2473 1443 2531 magnus
1453 2449 1547 2509 urbem
1561 2448 1711 2527 quassavit.
1721 2450 1782 2517 Quo
1792 2443 1849 2539 :¹:³¹

1037 2546 1139 2606 sactum
1155 2560 1184 2605 ut
1199 2546 1338 2627 perterrita
1360 2544 1503 2613 Eudoxia,
1518 2544 1684 2622 Imperatore
1704 2540 1782 2598 etiam
1792 2574 1849 2601 aare

1039 2651 1182 2710 annuente,
1197 2639 1299 2719 populo
1315 2637 1506 2710 conclamante,
1518 2635 1553 2693 de
1565 2632 1718 2694 revocando
1734 2636 1783 2693 lo·
1807 2644 1849 2689 rat

1038 2742 1246 2790 anuestatntum
1261 2730 1352 2789 luerit.
1376 2730 1479 2789 Eadem
1490 2730 1547 2809 ipsa
1562 2742 1640 2787 nocte
1657 2725 1782 2784 Eudoxia
1793 2706 1827 2761 ’ς’

1039 2821 1141 2880 litteras
1154 2821 1188 2880 ad
1199 2825 1329 2883 loannem
1343 2820 1434 2892 misit,
1446 2841 1561 2898 quarum
1578 2816 1725 2878 exordium
1737 2816 1783 2875 ille
1792 2794 1849 2898 lupa

96 2580 233 2641 mmm„
243 2564 349 2604 ronam.
361 2571 376 2601 u
385 2544 508 2605 Tandem
517 2547 632 2605 Joannes
641 2544 735 2605 videns
746 2547 948 2627 Imperatorem,
957 2570 985 2608 se

86 2658 141 2717 mus
151 2646 175 2685 ru
193 2656 234 2685 οι·
246 2635 273 2695 in
284 2636 411 2695 exsilium
421 2636 519 2694 ahdrrci
524 2636 673 2716 jubentem,
683 2637 709 2694 in
719 2639 853 2717 proposito
864 2639 985 2718 persiste

87 2706 166 2811 {ff
187 2705 233 2748 Μ’
243 2748 282 2802 re,
291 2730 370 2788 tertio
383 2742 443 2809 post
452 2728 651 2787 damnationem
662 2728 708 2787 dic
717 2729 787 2788 circa
799 2731 985 2792 meridiemul-

88 2850 175 2896 ΝΜ,
193 2862 218 2909 9,
245 2834 287 2880 tro
300 2821 402 2901 seipse
423 2819 553 2896 tradidit,
571 2820 655 2879 inscia
674 2820 770 2901 populi
788 2822 983 2882 multitudine:

92 3644 206 3705 (llrryrost.
215 3654 234 3690 ι.

87 2914 131 2971 2⁵·
243 2912 433 2973 cavebatenim
443 2933 477 2971 ne
488 2912 574 2993 ipsius
584 2915 985 2976 causatumultuscxcitaretur.

243 3006 289 3066 Sic
301 3005 337 3065 ab
351 3004 470 3065 Ecclesia
481 3005 610 3085 expulsus
617 3007 741 3079 Ioannes,
749 3007 845 3065 ductus
855 3022 918 3067 esta
932 3010 984 3067 Co·

244 3099 310 3158 mite
322 3118 385 3157 cum
401 3096 511 3155 militari
527 3117 608 3154 manu
622 3098 658 3155 ad
673 3098 767 3157 nauale
781 3100 808 3157 in
823 3101 891 3159 ostio
907 3101 985 3161 Ponti

243 3192 337 3262 situm,
345 3188 417 3267 quod
427 3188 526 3247 Hieron
536 3188 680 3264 vocabant3
688 3190 751 3248 hinc
760 3212 824 3249 vcro
832 3191 867 3249 ad
877 3214 987 3274 campos

243 3278 357 3340 Praeneti
367 3278 503 3361 bithyniae
516 3279 650 3341 adductus
662 3294 712 3353 cst,
721 3282 795 3360 quod
805 3298 863 3343 erat
873 3305 889 3343 e
900 3286 987 3365 regio·

244 3394 278 3433 ne
289 3373 461 3433 Nicomediae.

285 3467 327 3527 Ita
335 3467 430 3546 pulsus
439 3468 555 3527 Joannes
566 3468 666 3546 gratias
680 3469 775 3548 agebat
786 3471 852 3539 Deo,
867 3468 914 3527 illa
925 3471 988 3530 lobi

1040 2912 1131 2970 refert.
1147 2914 1193 2971 Ne
1208 2916 1366 2971 arbitretur
1378 2916 1521 2971 sanctitas
1536 2925 1599 2982 tuo,
1615 2910 1723 2988 inquit,
1737 2930 1782 2967 ine
1817 2938 1849 2981 ctu

1040 3004 1096 3061 illa
1113 3007 1226 3062 nouisse
1236 3024 1301 3083 quoe
1310 3016 1392 3083 gesta
1402 3017 1470 3061 sunt
1485 3025 1492 3059 ε
1508 3006 1647 3061 innocens
1656 3022 1709 3083 ego
1719 3021 1783 3060 sum
1793 3012 1809 3046 ¹·
1816 2998 1849 3058 ³·t

1040 3114 1061 3152 a
1077 3098 1222 3176 sungru'ne
1248 3113 1308 3155 tuo.
1331 3099 1465 3175 improbi
1478 3111 1506 3154 et
1528 3096 1634 3175 perditi
1652 3096 1785 3153 lromines

1041 3189 1119 3246 harre
1132 3199 1264 3248 struxere
1280 3191 1457 3247 machinam.
1480 3191 1616 3247 Maurum
1634 3190 1786 3262 lacrymo·

1042 3300 1107 3337 rum
1123 3284 1202 3339 restis
1213 3295 1256 3340 est
1271 3284 1362 3357 Deus,
1378 3284 1427 3341 cui
1437 3302 1524 3341 sncra
1534 3273 1662 3363 faciam}
1679 3282 1782 3363 lepeds·

1042 3369 1133 3449 Pergit
1148 3392 1213 3432 vero
1249 3373 1477 3454 Chrysostomus:
1492 3400 1507 3429 a
1518 3376 1609 3447 Quam
1629 3373 1787 3434 libationem

1041 3462 1158 3522 et‘lndit?
1172 3464 1299 3544 lacryma
1314 3467 1371 3543 ejus
1388 3466 1483 3526 libatio
1505 3480 1589 3525 crant.
1621 3468 1681 3526 Cui
1699 3488 1786 3528 sacra

245 3559 330 3621 verba
342 3572 478 3638 repetens:
492 3561 637 3619 Dominus
651 3562 741 3633 dedit,
758 3562 904 3621 Dominus
918 3565 988 3621 alis-
1035 3557 1130 3634 facio·
1159 3556 1291 3616 Sacerdos
1308 3558 1354 3616 illa
1374 3579 1484 3636 nempe,
1498 3580 1545 3638 per
1564 3558 1681 3638 seipsam
1708 3559 1784 3619 ordi-

247 3646 335 3712 'tirlitr
353 3656 427 3711 sicut
445 3653 572 3710 Domino
588 3653 714 3731 placuit,
730 3657 772 3712 ita
791 3655 909 3733 sactum
923 3668 985 3713 est:

92 3738 118 3815 ,i
128 3723 153 3827 ξ
163 3766 218 3825 4²6·
248 3748 398 3803 sitnomen
404 3746 525 3802 Domini
535 3744 714 3803 berredictum
723 3747 884 3805 insaecula.
899 3749 988 3819 Quem

246 3837 374 3895 inlocum
389 3834 521 3893 adductus
535 3849 601 3894 esset
612 3835 772 3913 ignorabant
785 3837 828 3895 rel
838 3838 989 3897 sacerdotes

244 3928 287 3989 illi
301 3927 403 3987 invidia
420 3927 616 4005 excaecati,qui
631 3927 681 4007 ipsi
694 3928 803 3988 insidias
818 3943 987 3989 struxerant:

244 4019 318 4097 qnod
329 4032 439 4078 crisante
452 4018 606 4098 Tlreopbilo
615 4019 713 4076 lactum
720 4042 775 4078 esse
785 4022 932 4081 verisimile
938 4035 987 4082 est.

245 4107 419 4186 Theophilus
433 4128 514 4178 vero,
529 4108 576 4185 qni
591 4108 731 4187 Synodum
743 4131 820 4168 suam
831 4111 989 4169 Constanti·

117 4184 337 4280 15·Ρ4’7·ῃοροΙί
350 4200 485 4258 celebrare
499 4220 579 4258 ausus
590 4220 641 4258 non
655 4216 705 4271 est,
721 4217 863 4282 postquam
872 4205 989 4264 Ioannes

245 4292 342 4372 pulsus
356 4292 456 4361 literar,
471 4292 497 4349 in
516 4292 608 4351 urliem
625 4293 735 4354 Intravit
757 4309 836 4374 atque
855 4295 882 4355 in
903 4298 989 4357 eccle-

244 4386 315 4445 siam
329 4385 402 4443 venit
417 4405 480 4442 cum
496 4385 604 4444 asseclis
614 4386 677 4445 suis.
688 4387 716 4447 Si
736 4388 803 4447 sides
816 4388 853 4447 sit
870 4391 989 4468 Georgio

247 4475 441 4549 Alexandrino,
457 4477 634 4535 barbarorum
650 4476 696 4536 illc
710 4500 784 4538 more
799 4500 860 4538 cum
871 4481 991 4538 satelliti·

245 4570 298 4629 bus
308 4570 363 4626 suis
374 4568 492 4629 intravit.
508 4569 578 4639 Quia
592 4591 657 4629 roro
670 4571 748 4629 mina
763 4572 860 4651 saepius
874 4572 989 4631 intentim

247 4680 300 4719 non
313 4672 433 4740 poterant
443 4661 572 4738 populum
587 4662 697 4738 sedare,
711 4664 784 4744 pulsi
797 4666 907 4724 loannis
923 4686 990 4723 mm-

247 4773 336 4815 turem
350 4773 400 4810 non
414 4752 554 4821 ferentem,
568 4755 667 4813 violata
681 4757 732 4814 suit
746 4758 894 4816 reverentia
907 4759 989 4817 eccle-

248 4846 297 4906 siis
310 4843 412 4905 dehita.
428 4844 497 4902 Cum
507 4845 578 4902 enim
592 4847 767 4927 Imperatores
781 4851 807 4909 in
824 4852 882 4910 lucc
898 4865 989 4910 sancta

250 4938 323 5021 pacis
335 4938 404 5005 loca,
416 4940 521 4997 nruinisi
537 4940 631 5021 positis
651 4943 733 4999 armis
745 4963 775 4998 ac
785 4942 936 5002 diademate
947 4946 989 5001 in-

249 5030 324 5113 grurli
335 5031 462 5103 solerent;
473 5046 536 5090 turm
551 5034 576 5090 in
588 5034 711 5093 eeclesias
723 5035 832 5111 ingressi
852 5050 913 5095 sunt
930 5037 983 5095 ini·

250 5125 382 5187 rnicornm
398 5124 491 5197 instar,
506 5126 603 5183 arumti
619 5126 679 5183 telis
690 5140 716 5183 ct
732 5127 822 5186 claras
837 5142 984 5207 gestantes,

250 5218 434 5303 pupiuluruque
446 5238 481 5275 ex
495 5218 613 5276 ecclesiis
625 5217 796 5298 depulerunt,
811 5222 857 5298 qui
871 5222 986 5301 patentia

249 5328 276 5375 «ιι
290 5309 413 5393 precibus
432 5323 536 5369 tantum
558 5310 666 5369 illorum
685 5311 802 5371 sutorem
822 5334 988 5393 compescere

1043 3660 1113 3720 nata,
1125 3668 1185 3725 quae
1199 3650 1255 3707 Deo
1264 3650 1393 3709 offerebat
1403 3648 1546 3730 lacrymas,
1556 3652 1749 3711 consessionem
1758 3666 1785 3711 et

1042 3739 1236 3818 peanitentiam,
1245 3762 1298 3801 non
1312 3762 1361 3821 pro
1367 3741 1512 3812 sacerdote,
1528 3741 1574 3801 sed
1587 3763 1638 3823 pro
1652 3743 1782 3813 Ecclesia,

1043 3853 1092 3909 pro
1103 3833 1203 3913 populo
1213 3832 1343 3916 disperso.
1356 3837 1462 3894 IlIemor
1475 3848 1545 3894 certe
1556 3849 1613 3894 erat
1628 3849 1654 3894 et
1663 3836 1785 3896 liliorum

1043 3937 1069 3982 et
1090 3925 1267 4005 baptismatis.
1280 3930 1428 3987 Recordor
1436 3949 1489 4007 per
1501 3948 1607 3988 uranus
1624 3931 1784 4011 tuasjilios

1044 4036 1121 4075 meos
1132 4018 1225 4096 fuisse
1239 4022 1414 4101 baptizatos.
1427 4014 1676 4098 llaeclmperatrix.
1687 4046 1702 4076 s
1715 4023 1785 4082 llinc

1043 4109 1089 4167 illa
1108 4115 1300 4190 Imperatorem
1319 4111 1396 4187 adiit,
1418 4113 1529 4192 ejusque
1549 4134 1635 4193 genua
1654 4118 1786 4201 'tangebat

1042 4224 1105 4261 cum
1118 4203 1247 4284 lacrynris
1258 4204 1409 4275 obsecrans,
1422 4219 1452 4264 nt
1462 4205 1625 4265 sacerdotem
1634 4224 1786 4269 revocaret:

1043 4295 1137 4353 Nulla
1151 4298 1244 4370 aeoliis,
1258 4296 1407 4374 inquiebat,
1423 4318 1485 4375 spes
1498 4301 1618 4377 Imperii
1634 4316 1786 4380 serperest,

1043 4391 1102 4447 nisi
1114 4393 1207 4469 ipsum
1218 4393 1401 4455 reducamus.
1412 4393 1491 4451 Illam
1503 4414 1567 4453 vero
1579 4409 1657 4453 vorat
1666 4396 1789 4479 Chryso·

1043 4497 1145 4542 stemus
1164 4499 1277 4543 matrem
1298 4483 1489 4557 Ecclesiarum,
1506 4486 1627 4546 altricem
1642 4492 1790 4550 inonacho·

1044 4597 1120 4648 rum,
1135 4592 1286 4636 sanctorum
1305 4590 1462 4657 patronam,
1476 4600 1625 4660 pauperum
1644 4582 1787 4643 baerrlum.

1044 4669 1098 4727 llas
1108 4670 1288 4749 porrolaudes
1303 4670 1513 4729 'l'illemontinsa
1523 4716 1531 4744 ,
1543 4673 1664 4750 Georgio
1673 4674 1792 4735 Alexan·

1043 4761 1121 4821 drino
1131 4762 1267 4842 deceptus,
1278 4762 1354 4840 quasi
1367 4762 1534 4822 abEnrlosia
1545 4763 1631 4823 dictas
1640 4765 1668 4824 in
1676 4768 1792 4828 Joauuis

1045 4856 1184 4929 honorem,
1193 4856 1245 4935 ipsi
1257 4856 1353 4917 donnni
1367 4855 1475 4925 tribuit,
1503 4876 1555 4914 non
1569 4858 1792 4919 animadvertens

1042 4948 1077 5006 ad
1092 4950 1221 5008 loannem
1240 4969 1292 5005 non
1303 4945 1435 5026 quadrare
1449 4946 1527 5021 illml,
1543 4952 1674 5008 Matrem
1688 4954 1794 5012 Eccle-
1826 4966 1849 5009 u

1042 5044 1162 5100 sinerem.
1804 5028 1849 5133 :⁸¹³

1086 5132 1258 5213 Theophilus
1271 5152 1344 5199 uero,
1358 5131 1417 5208 qui,
1431 5145 1494 5191 teste
1507 5132 1642 5206 Palladio,
1657 5135 1677 5195 d
1682 5138 1795 5199 incurios
1813 5112 1849 5217 ..h

1043 5225 1125 5297 cluos,
1136 5246 1251 5304 quorum
1259 5224 1326 5284 alter
1334 5222 1486 5295 homicidii,
1493 5226 1560 5285 alter
1568 5227 1701 5289 adulterii
1712 5254 1795 5295 causa
1805 5236 1844 5285 ⁶5·

1044 5316 1159 5397 depositi
1183 5318 1301 5395 fucrant,
1323 5316 1349 5375 in
1371 5315 1516 5395 pristinum
1533 5318 1651 5397 gradum
1680 5328 1797 5387 restitu-
