3714 5970
443 39 1722 191 ἡ

910 652 944 701 Π

156 800 226 843 inus
239 794 275 842 ut
290 780 407 842 veritati
420 777 523 840 cedere
536 791 566 840 et
579 778 617 841 de
630 776 896 839 Benedictinorum
904 778 964 841 fide
975 782 1008 841 iu
1020 782 1112 843 reteri
1121 782 1266 862 scriptura
1275 795 1330 844 aut
1340 780 1435 845 relata
1443 795 1499 845 sut
1516 786 1607 847 tacita
1618 806 1699 847 noo·

155 898 326 957 numquam
338 875 477 937 dubitare
485 895 669 956 cogeremur.
682 880 720 933 At
732 873 881 937 Sarilium
892 874 977 937 haud
989 896 1120 957 usquam
1144 877 1340 938 memininuis
1359 897 1415 939 sua
1427 875 1564 939 subsidia
1576 878 1629 941 vel
1645 900 1698 941 sn·

154 976 226 1053 pine
243 973 403 1053 neglexisse
416 971 464 1033 vel
477 972 542 1032 sine
557 972 671 1052 judicio
686 969 867 1033 adhibuisse.
883 971 954 1051 Quo
963 975 1108 1052 majorem
1117 974 1158 1049 ei,
1169 972 1349 1053 procedente
1358 994 1460 1053 opere,
1473 976 1697 1053 auctoritateret,

153 1068 344 1131 evidentibus
362 1068 552 1129 documentis
564 1065 686 1129 tandem
699 1065 847 1142 cedentes,
861 1067 1046 1129 debebamus
1058 1068 1198 1130 tribuere.
1211 1066 1271 1129 Sed
1283 1066 1360 1129 illud
1368 1066 1426 1131 boo
1440 1067 1510 1131 looo
1525 1072 1631 1131 testari
1642 1090 1697 1133 ro·

154 1164 278 1240 lumus,
292 1162 361 1225 licet
380 1185 443 1225 non
468 1164 570 1224 omnia
593 1160 808 1242 chrysostomo
821 1163 957 1225 utiliaab
970 1163 1057 1225 nobis
1069 1183 1106 1224 ex
1116 1162 1229 1225 Savilio
1247 1163 1365 1243 excerpi
1383 1164 1555 1243 potuerint,
1566 1166 1602 1227 in
1615 1164 1697 1229 nuh!

154 1276 257 1323 tamen
268 1264 364 1342 operis
375 1274 459 1342 parte
471 1260 622 1342 neglectus
635 1274 690 1337 est,
704 1275 736 1322 et
747 1274 916 1323 constanter
929 1258 1016 1321 nobis
1026 1258 1066 1321 ad
1079 1279 1188 1321 manns
1197 1259 1266 1320 fuit.

194 1444 295 1505 Altera
305 1466 388 1517 cura,
400 1465 467 1525 quae
481 1466 536 1506 nos
549 1447 581 1504 in
595 1443 650 1505 hac
661 1465 741 1507 nova
762 1443 894 1506 editione
912 1444 952 1505 ab
964 1445 1053 1505 initio
1067 1442 1210 1504 adfinem
1231 1446 1472 1509 constantissime
1485 1448 1695 1522 exennium

154 1542 191 1599 de
201 1541 275 1599 locis
288 1542 462 1600 Bibliorum.
477 1542 536 1603 Eos
549 1563 619 1602 cum
632 1540 947 1603 animadvertissemus
967 1537 1051 1600 haud
1064 1541 1134 1601 satis
1151 1553 1288 1601 accurate
1301 1538 1447 1603 indicatos
1460 1562 1545 1619 esse,
1561 1562 1638 1605 usus
1650 1556 1694 1605 ts·

154 1656 224 1695 men
236 1634 547 1716 chrysostomicorum
555 1638 735 1717 scriptorum
744 1636 857 1697 bonam
865 1648 982 1717 partem
993 1635 1064 1698 inde
1073 1633 1215 1717 pendere,
1224 1637 1378 1716 ingentem
1401 1652 1433 1699 et
1447 1637 1608 1701 tndiossm
1621 1660 1693 1701 ern·

153 1752 259 1792 mnam
271 1753 393 1811 prorsus
408 1735 511 1794 omnia
526 1734 633 1795 nostris
647 1731 741 1794 oculis
751 1753 821 1793 curn
841 1752 924 1793 sacra
937 1728 1090 1811 Scriptura
1110 1731 1284 1793 conferendi
1307 1754 1370 1795 non
1391 1732 1645 1815 subterfugimus.
1658 1734 1692 1796 ln

152 1824 264 1888 Graecis
276 1826 333 1887 loci
343 1826 451 1889 Biblici
463 1830 610 1909 cujusque
622 1828 747 1888 initium
758 1826 845 1888 litera
858 1826 981 1905 unciali,
995 1829 1027 1888 in
1051 1829 1186 1909 margine
1199 1830 1296 1910 capita
1308 1842 1339 1891 et
1351 1850 1455 1892 versus
1469 1832 1503 1890 in
1517 1828 1626 1893 Bibliis
1632 1830 1691 1894 Va·

153 1923 258 1983 ticanis
269 1923 434 2003 recognitos
444 1922 654 1985 indicavimus.
671 1922 814 1983 Romanae
820 1944 893 2003 quas
899 1921 1051 2003 appellant
1058 1922 1150 1984 literae
1160 1944 1210 1985 eos
1220 1922 1301 1986 locos
1312 1936 1420 1987 notant
1430 1969 1439 2001 ,
1453 1926 1556 2007 quiin
1566 1924 1691 2009 Vulgata

152 2014 246 2077 latina
257 2038 320 2077 non
331 2016 487 2099 leguntur,
499 2019 552 2081 sed
564 2040 600 2081 ex
610 2018 807 2100 Septuaginta
819 2019 1020 2098 interpretum
1030 2019 1166 2079 versione
1177 2018 1303 2079 indicari
1310 2016 1472 2082 debebant.
1485 2020 1634 2102 Vatiapro
1645 2020 1686 2083 lo·

153 2134 258 2175 corum
267 2114 467 2177 multitudine
476 2117 655 2196 paucisshna
668 2118 700 2178 in
714 2114 871 2176 indicibus
883 2113 986 2174 denuo
995 2111 1123 2175 conditis
1134 2114 1339 2194 corriguntur.

191 2295 349 2357 Difficilior
359 2311 390 2359 et
402 2296 501 2359 multo
512 2300 635 2378 rmjoris
647 2298 794 2360 momenti
807 2310 870 2357 erat
880 2295 968 2357 tertia
980 2316 1048 2376 pars
1060 2296 1195 2357 muneris
1203 2339 1213 2371 ,
1222 2294 1309 2376 quod
1322 2296 1410 2359 nobis
1420 2299 1681 2379 imposueram,

149 2405 236 2452 rectoe
246 2393 443 2451 distinctionis
455 2412 536 2451 cisra.
551 2390 632 2454 Nam
645 2391 808 2455 verborum
821 2393 854 2452 iu
867 2388 1003 2451 membra
1016 2389 1174 2471 descriptio
1185 2391 1338 2453 senoentie
1347 2391 1492 2455 decunui
1508 2398 1680 2457 mmussitn

149 2486 372 2549 accommodata
380 2508 452 2548 cum
461 2489 494 2547 in
503 2487 654 2569 plerisque
662 2485 857 2568 scriptoribus
867 2487 904 2547 sit
909 2483 1037 2547 difficilis
1047 2502 1131 2562 arque
1143 2494 1236 2562 atque
1248 2482 1344 2560 utilis,
1354 2495 1423 2545 tuns
1434 2482 1678 2567 inChrysostomo

149 2599 212 2646 tam
227 2582 387 2663 multiplici
397 2582 571 2646 difficultate
583 2600 639 2661 est,
652 2597 689 2647 ut
708 2605 784 2665 sape
805 2584 961 2664 signorum
984 2576 1205 2657 distinguendae
1223 2578 1353 2640 orationi
1373 2598 1475 2660 graece
1492 2582 1676 2644 inventorem

149 2680 330 2761 paucitatem
350 2700 568 2742 accusaremus.
582 2679 739 2743 Nimirum
754 2678 787 2745 S.
801 2678 891 2740 Pater
900 2694 1021 2758 prorsus
1029 2671 1123 2753 (quod
1140 2671 1228 2733 hodie
1250 2671 1430 2750 diceremus)
1443 2696 1482 2737 ex
1498 2675 1675 2739 abundatis

147 2774 276 2854 pectoris
294 2772 447 2855 loquitur,
468 2775 542 2835 serie
551 2794 661 2854 parum
673 2774 891 2857 praemeditata,
902 2771 952 2833 sed
966 2768 1161 2832 affluentibus
1175 2768 1313 2849 undique
1323 2772 1481 2834 sententiis
1505 2771 1672 2855 indulgens,

149 2870 306 2949 saepissime
319 2869 367 2943 iis,
379 2889 447 2948 quae
460 2870 493 2929 in
503 2883 636 2932 mentem
649 2869 790 2931 incidunt
808 2865 998 2930 auditoribus
1016 2863 1119 2939 utiha,
1133 2884 1171 2927 ex
1194 2865 1339 2926 orationis
1355 2878 1462 2927 tenore
1487 2866 1525 2929 in
1551 2866 1672 2949 anrbsp

149 2963 284 3035 illectus,
308 2982 382 3043 saepe
405 2964 496 3024 etiam
521 2984 568 3026 ses
591 2963 757 3025 dramatico
778 2984 863 3029 more
887 2980 1087 3043 persequens,
1112 2981 1148 3021 ex
1171 2960 1231 3021 aha
1255 2980 1383 3041 persona
1415 2964 1602 3047 interrogant
1626 2978 1670 3027 ast

148 3058 335 3139 respondens
346 3082 354 3131 3
366 3060 451 3119 omni
461 3057 590 3137 denique
599 3060 735 3122 libertate
748 3057 881 3121 bominis
890 3056 992 3119 diserti
1001 3068 1031 3117 et
1040 3056 1151 3136 copiosi
1162 3099 1171 3131 ,
1184 3075 1278 3135 quem
1287 3071 1392 3135 pectus
1400 3056 1668 3138 eloquentemhdt,

148 3150 271 3213 abunde
284 3165 382 3214 utens.
394 3152 476 3216 Talis
488 3168 592 3216 autern
604 3156 700 3217 oratio
714 3176 808 3235 quarn
822 3154 861 3215 sit
870 3149 999 3214 difficilia
1008 3148 1048 3211 ad
1056 3148 1305 3231 distinguendum
1317 3152 1360 3212 ita
1372 3165 1409 3213 ut
1422 3150 1528 3214 lectori
1536 3152 1668 3217 seam&

147 3248 244 3311 flexus
252 3270 356 3311 omnes
366 3262 642 3331 patescant‚sponte
652 3265 785 3332 apparet3
794 3247 985 3313 Matthaeium
995 3244 1144 3324 adco‚qui
1158 3247 1359 3307 recentiorum
1367 3247 1512 3309 omniurn
1522 3250 1666 3311 maxinsn

147 3342 381 3404 familiaritatem
393 3365 465 3405 cum
480 3342 692 3424 chrysostomo
712 3355 911 3419 contraxerat,
923 3337 1082 3419 aliquoties
1099 3333 1187 3395 filum
1206 3336 1239 3395 in
1252 3335 1369 3415 periodi
1382 3335 1668 3419 Chrysosconteeh-

147 3437 295 3518 hyrintho
308 3437 456 3515 deseruit,
478 3452 515 3499 ut
531 3438 571 3501 ad
585 3439 744 3502 Vaticanus
755 3438 902 3501 Homilias
915 3432 1198 3497 demonstravimus.
1210 3430 1301 3531 ond
1311 3433 1489 3513 exemplum
1496 3434 1667 3516 apudnquts

147 3532 271 3594 lectores
279 3532 366 3593 nobis
379 3534 564 3594 excusationi
571 3535 639 3611 erit,
651 3535 675 3596 si
685 3535 716 3594 in
727 3548 792 3596 tam
803 3533 895 3613 longo
906 3550 1008 3610 opere,
1018 3525 1103 3607 quod
1109 3527 1220 3587 conscii
1228 3526 1315 3587 nobis
1322 3548 1430 3591 sumus
1437 3530 1667 3594 innumeratae·

150 3626 270 3687 ureliori
284 3626 475 3687 distinctione
485 3626 634 3707 adjuvisse
644 3673 652 3703 ,
664 3628 763 3691 multa
780 3648 885 3690 curam
895 3636 1041 3698 nostram,
1063 3623 1096 3682 iu
1111 3622 1169 3683 hoc
1181 3642 1279 3703 usque
1302 3624 1474 3701 intentam,
1486 3626 1665 3689 nihilntninu

146 3716 315 3796 effugerint.
331 3714 412 3777 Nam
421 3718 452 3777 in
462 3717 677 3797 posterioribus
687 3723 850 3800 praesertim
860 3718 1069 3782 voluminibus
1076 3715 1262 3778 Benedictini
1269 3716 1348 3779 banc
1357 3739 1424 3781 rena
1435 3720 1663 3803 negligentissim

148 3809 441 3887 administraverant,
456 3810 541 3892 quod
553 3832 589 3873 eo
612 3815 714 3875 minus
727 3813 981 3877 dissimulandum
1000 3830 1057 3890 est,
1081 3833 1144 3892 qno
1154 3812 1312 3875 meliorem
1321 3815 1446 3893 ducem,
1464 3814 1606 3881 Statilium
1619 3818 1657 3879 in·

148 3924 255 3985 quam,
271 3906 360 3965 etiam
370 3907 402 3964 in
416 3904 472 3965 hac
485 3919 568 3985 parte
579 3909 677 3987 operis
686 3922 886 3988 praestantem,
896 3930 947 3971 sus
957 3910 1056 3991 deqne
1068 3908 1248 3971 habuerant.

187 3998 293 4078 Neque
314 3997 372 4059 hoc
383 4000 626 4078 pratereundum
639 4016 693 4079 est,
707 4005 779 4065 vitia
795 4003 927 4085 plurima
948 4007 980 4066 in
1005 4004 1226 4067 vocabulorum
1238 4004 1413 4068 Graeooruur
1426 4006 1651 4091 orthographiae

147 4094 337 4167 somratione,
361 4106 392 4153 et
403 4095 435 4154 in
447 4098 618 4175 syntacticis
631 4096 749 4178 legibus
769 4100 816 4176 iis,
828 4120 904 4180 quas
918 4099 1013 4163 Greci
1031 4101 1235 4163 communiter
1258 4121 1364 4165 omnes
1383 4118 1520 4180 servam,
1531 4104 1568 4168 sb
1586 4102 1648 4166 nats

146 4189 233 4249 tacite
245 4207 307 4249 ease
320 4200 461 4249 correcta.

184 4390 341 4468 Posthac,
357 4413 425 4473 qua
438 4397 470 4454 in
484 4396 626 4459 universo
639 4418 728 4478 opere
741 4412 912 4464 constanter
931 4406 1145 4484 spectavimus,
1170 4405 1335 4468 dicendum
1357 4422 1404 4470 est
1423 4409 1465 4471 de
1486 4407 1646 4491 stagnisve

146 4484 333 4560 luminibus,
357 4502 388 4549 et
410 4489 540 4553 breviter
561 4494 790 4574 significandum
814 4498 890 4577 quid
903 4501 934 4559 in
954 4520 1140 4580 unoquoque
1160 4503 1233 4562 novi
1255 4514 1394 4583 praestare
1413 4504 1504 4569 nobis
1516 4500 1646 4587 wufl'gdr

146 4576 230 4656 huic,
253 4594 288 4641 ut
300 4604 391 4663 supra
403 4583 547 4659 diximus,
563 4585 621 4671 legi
633 4587 791 4664 adstrictis,
807 4611 845 4650 ne
858 4595 1085 4674 typothetarum
1098 4618 1208 4661 uranus
1222 4621 1371 4680 umquam
1383 4616 1546 4669 cessarent.

184 4674 220 4733 In
233 4675 388 4739 volumine
398 4681 497 4759 primo
509 4681 591 4743 libris
601 4682 802 4747 celeberrimis
825 4687 862 4745 de
874 4688 1043 4749 Sacerdotio
1065 4691 1230 4769 adjecimus
1252 4694 1430 4756 varietatem
1450 4694 1582 4759 lectioms
1594 4694 1645 4755 iste

145 4790 242 4847 gram,
263 4792 298 4830 ex
323 4770 444 4834 duobus
466 4776 619 4838 codicibus
638 4782 887 4858 praestantissimis
906 4785 1098 4848 Bibliotheca·
1113 4788 1225 4869 Regia,
1239 4788 1339 4851 seculi
1359 4810 1395 4866 x,
1413 4791 1554 4855 nondum
1567 4806 1645 4873 ager

145 4885 239 4943 quam
250 4864 375 4941 collatis,
390 4881 419 4927 et
432 4889 468 4928 ex
483 4891 546 4929 uno
559 4870 744 4933 Giacomellii
755 4872 887 4940 ductam.
904 4877 997 4961 cujus
1011 4883 1198 4963 frequentem
1208 4906 1299 4947 usum
1308 4885 1435 4948 fecimus
1446 4870 1646 4951 inerneodsrl'r

149 4960 209 5019 illis
225 4959 321 5030 libris,
333 4982 403 5021 cum
415 4978 483 5042 post
493 4966 666 5028 incendium
681 4971 760 5050 typis
767 4986 982 5051 repeterentur.
998 4979 1077 5041 Vide
1084 5000 1152 5060 quae
1165 4980 1298 5041 diximus
1307 5001 1377 5061 pag.
1391 4984 1471 5049 1065
1481 4974 1643 5066 repetite&

145 5058 244 5117 tionis.
259 5057 294 5115 ln
303 5056 435 5119 Hmnilia
444 5061 481 5117 de
495 5064 768 5143 hentoPltilogonio,
782 5088 851 5149 pag.
862 5071 995 5133 608-613
1007 5072 1100 5154 hujus
1113 5074 1263 5149 editionis,
1277 5074 1641 5155 deprehendimusithiyn

145 5173 213 5231 qua
227 5152 400 5215 Mattlraeius
411 5175 448 5216 ex
464 5156 564 5219 codice
587 5164 792 5242 manuscripto
805 5164 880 5227 olim
897 5178 1044 5248 tanquam
1055 5168 1200 5231 ineditam
1211 5168 1377 5232 Homiliam
1388 5169 1583 5254 chrysostomi
1595 5182 1639 5249 pv·

145 5248 266 5311 tulerat.
280 5249 468 5330 Snbjecimus
480 5255 654 5318 varietatem
666 5257 902 5322 Matthaeianam.
1676 5207 1722 5540 t

188 5406 223 5464 ln
237 5404 331 5468 altero
345 5406 500 5471 volumine
511 5412 713 5477 Homiliarmn
724 5418 817 5480 trium
828 5419 859 5479 in
866 5418 895 5480 S.
913 5420 1041 5480 Paulum
1054 5420 1279 5486 translationem
1292 5424 1403 5486 Aniard
1422 5424 1555 5489 dedirunt
1565 5417 1634 5483 nn.
