<?xml version="1.0" encoding="UTF-8"?>
<!DOCTYPE html PUBLIC "-//W3C//DTD XHTML 1.0 Transitional//EN"
    "http://www.w3.org/TR/xhtml1/DTD/xhtml1-transitional.dtd">
<html xmlns="http://www.w3.org/1999/xhtml" xml:lang="en" lang="en">
 <head>
  <title>
</title>
<meta http-equiv="Content-Type" content="text/html;charset=utf-8" />
  <meta name='ocr-system' content='tesseract 3.04.00' />
  <meta name='ocr-capabilities' content='ocr_page ocr_carea ocr_par ocr_line ocrx_word'/>
</head>
<body>
  <div class='ocr_page' id='page_1' title='image "./sanctipatrisnos00chrygoog_0262.png"; bbox 0 0 3714 5970; ppageno 0'>
   <div class='ocr_carea' id='block_1_1' title="bbox 426 498 1688 588">
    <p class='ocr_par' dir='ltr' id='par_1_1' title="bbox 426 498 1688 588">
     <span class='ocr_line' id='line_1_1' title="bbox 426 498 1688 588; baseline 0.006 -14"><span class='ocrx_word' id='word_1_1' title='bbox 426 526 500 588; x_wconf 84' lang='lat' dir='ltr'><strong>Qun</strong></span> <span class='ocrx_word' id='word_1_2' title='bbox 524 526 558 575; x_wconf 85' lang='lat' dir='ltr'><strong>ru</strong></span> <span class='ocrx_word' id='word_1_3' title='bbox 584 525 743 574; x_wconf 81' lang='lat' dir='ltr'><strong>ornemus</strong></span> <span class='ocrx_word' id='word_1_4' title='bbox 769 523 1005 577; x_wconf 84' lang='lat' dir='ltr'><strong>cunrsosroru</strong></span> <span class='ocrx_word' id='word_1_5' title='bbox 1030 528 1286 578; x_wconf 80' lang='lat' dir='ltr'><strong>onsnnvsurun.</strong></span> <span class='ocrx_word' id='word_1_6' title='bbox 1536 513 1606 581; x_wconf 75' lang='lat' dir='ltr'><strong>oss</strong></span> <span class='ocrx_word' id='word_1_7' title='bbox 1683 498 1688 505; x_wconf 40' lang='lat'>⁸</span> 
     </span>
    </p>
   </div>
   <div class='ocr_carea' id='block_1_2' title="bbox 10 649 1607 5463">
    <p class='ocr_par' dir='ltr' id='par_1_2' title="bbox 11 649 1607 2124">
     <span class='ocr_line' id='line_1_2' title="bbox 56 649 1607 733; baseline 0.005 -22"><span class='ocrx_word' id='word_1_8' title='bbox 56 653 220 733; x_wconf 87' lang='lat' dir='ltr'><strong>plerumque</strong></span> <span class='ocrx_word' id='word_1_9' title='bbox 231 649 380 711; x_wconf 87' lang='lat' dir='ltr'><strong>describit:</strong></span> <span class='ocrx_word' id='word_1_10' title='bbox 392 650 805 733; x_wconf 66' lang='lat' dir='ltr'><strong>«splendidas,sinquit,econ·</strong></span> <span class='ocrx_word' id='word_1_11' title='bbox 856 662 920 721; x_wconf 89' lang='lat' dir='ltr'><strong>tur,</strong></span> <span class='ocrx_word' id='word_1_12' title='bbox 934 665 965 710; x_wconf 90' lang='lat' dir='ltr'><strong>nt</strong></span> <span class='ocrx_word' id='word_1_13' title='bbox 979 651 1018 710; x_wconf 92' lang='lat' dir='ltr'><strong>ibi</strong></span> <span class='ocrx_word' id='word_1_14' title='bbox 1029 652 1172 713; x_wconf 90' lang='lat' dir='ltr'><strong>commode</strong></span> <span class='ocrx_word' id='word_1_15' title='bbox 1184 654 1306 715; x_wconf 79' lang='lat' dir='ltr'><strong>convivae</strong></span> <span class='ocrx_word' id='word_1_16' title='bbox 1319 654 1517 717; x_wconf 89' lang='lat' dir='ltr'><strong>accumberent.</strong></span> <span class='ocrx_word' id='word_1_17' title='bbox 1533 659 1607 719; x_wconf 89' lang='lat' dir='ltr'><strong>Vasa</strong></span> 
     </span>
     <span class='ocr_line' id='line_1_3' title="bbox 56 743 1606 828; baseline 0.001 -22"><span class='ocrx_word' id='word_1_18' title='bbox 56 758 165 806; x_wconf 86' lang='lat' dir='ltr'><strong>struunt</strong></span> <span class='ocrx_word' id='word_1_19' title='bbox 175 743 292 818; x_wconf 85' lang='lat' dir='ltr'><strong>domos,</strong></span> <span class='ocrx_word' id='word_1_20' title='bbox 307 745 376 805; x_wconf 81' lang='lat' dir='ltr'><strong>latas</strong></span> <span class='ocrx_word' id='word_1_21' title='bbox 399 748 530 826; x_wconf 90' lang='lat' dir='ltr'><strong>porticus,</strong></span> <span class='ocrx_word' id='word_1_22' title='bbox 553 744 633 824; x_wconf 87' lang='lat' dir='ltr'><strong>longa</strong></span> <span class='ocrx_word' id='word_1_23' title='bbox 651 758 737 826; x_wconf 86' lang='lat' dir='ltr'><strong>septa.</strong></span> <span class='ocrx_word' id='word_1_24' title='bbox 749 743 805 802; x_wconf 86' lang='lat' dir='ltr'><strong>Te·</strong></span> <span class='ocrx_word' id='word_1_25' title='bbox 857 744 946 801; x_wconf 90' lang='lat' dir='ltr'><strong>omnia</strong></span> <span class='ocrx_word' id='word_1_26' title='bbox 958 765 993 803; x_wconf 84' lang='lat' dir='ltr'><strong>ex</strong></span> <span class='ocrx_word' id='word_1_27' title='bbox 1004 765 1071 804; x_wconf 85' lang='lat' dir='ltr'><strong>auro</strong></span> <span class='ocrx_word' id='word_1_28' title='bbox 1081 744 1124 804; x_wconf 85' lang='lat' dir='ltr'><strong>vel</strong></span> <span class='ocrx_word' id='word_1_29' title='bbox 1135 760 1264 826; x_wconf 88' lang='lat' dir='ltr'><strong>argento:</strong></span> <span class='ocrx_word' id='word_1_30' title='bbox 1281 745 1373 828; x_wconf 79' lang='lat' dir='ltr'>phiala</span> <span class='ocrx_word' id='word_1_31' title='bbox 1386 768 1439 806; x_wconf 89' lang='lat' dir='ltr'><strong>una</strong></span> <span class='ocrx_word' id='word_1_32' title='bbox 1454 760 1512 807; x_wconf 89' lang='lat' dir='ltr'><strong>erat</strong></span> <span class='ocrx_word' id='word_1_33' title='bbox 1526 770 1606 809; x_wconf 86' lang='lat' dir='ltr'><strong>aurea</strong></span> 
     </span>
     <span class='ocr_line' id='line_1_4' title="bbox 57 834 1606 921; baseline 0.003 -24"><span class='ocrx_word' id='word_1_34' title='bbox 57 851 133 897; x_wconf 91' lang='lat' dir='ltr'><strong>ctum</strong></span> <span class='ocrx_word' id='word_1_35' title='bbox 156 850 250 897; x_wconf 89' lang='lat' dir='ltr'><strong>autem</strong></span> <span class='ocrx_word' id='word_1_36' title='bbox 269 835 370 896; x_wconf 57' lang='lat' dir='ltr'><strong>mium</strong></span> <span class='ocrx_word' id='word_1_37' title='bbox 382 857 418 896; x_wconf 87' lang='lat' dir='ltr'><strong>ex</strong></span> <span class='ocrx_word' id='word_1_38' title='bbox 431 836 537 896; x_wconf 87' lang='lat' dir='ltr'><strong>tabellis</strong></span> <span class='ocrx_word' id='word_1_39' title='bbox 554 836 652 916; x_wconf 80' lang='lat' dir='ltr'>ligneis</span> <span class='ocrx_word' id='word_1_40' title='bbox 665 836 804 897; x_wconf 88' lang='lat' dir='ltr'><strong>concinna·</strong></span> <span class='ocrx_word' id='word_1_41' title='bbox 856 834 947 916; x_wconf 91' lang='lat' dir='ltr'><strong>pondo</strong></span> <span class='ocrx_word' id='word_1_42' title='bbox 968 835 1080 896; x_wconf 89' lang='lat' dir='ltr'><strong>dimidii</strong></span> <span class='ocrx_word' id='word_1_43' title='bbox 1107 838 1220 913; x_wconf 89' lang='lat' dir='ltr'><strong>talenti,</strong></span> <span class='ocrx_word' id='word_1_44' title='bbox 1242 860 1324 918; x_wconf 93' lang='lat' dir='ltr'><strong>quam</strong></span> <span class='ocrx_word' id='word_1_45' title='bbox 1345 839 1474 900; x_wconf 86' lang='lat' dir='ltr'><strong>vixduo</strong></span> <span class='ocrx_word' id='word_1_46' title='bbox 1491 842 1606 921; x_wconf 81' lang='lat' dir='ltr'><strong>juvenes</strong></span> 
     </span>
     <span class='ocr_line' id='line_1_5' title="bbox 11 927 1604 1015; baseline 0.008 -32"><span class='ocrx_word' id='word_1_47' title='bbox 11 942 47 982; x_wconf 82' lang='lat' dir='ltr'><strong>sss</strong></span> <span class='ocrx_word' id='word_1_48' title='bbox 58 943 129 1005; x_wconf 90' lang='lat' dir='ltr'><strong>tum,</strong></span> <span class='ocrx_word' id='word_1_49' title='bbox 144 927 308 989; x_wconf 85' lang='lat' dir='ltr'><strong>deauratum</strong></span> <span class='ocrx_word' id='word_1_50' title='bbox 328 942 416 989; x_wconf 92' lang='lat' dir='ltr'><strong>totum</strong></span> <span class='ocrx_word' id='word_1_51' title='bbox 429 942 502 989; x_wconf 80' lang='lat' dir='ltr'><strong>erat:</strong></span> <span class='ocrx_word' id='word_1_52' title='bbox 509 931 599 1010; x_wconf 76' lang='lat' dir='ltr'><strong>janue</strong></span> <span class='ocrx_word' id='word_1_53' title='bbox 608 928 803 1000; x_wconf 88' lang='lat' dir='ltr'><strong>sutem,·etiam</strong></span> <span class='ocrx_word' id='word_1_54' title='bbox 856 947 965 987; x_wconf 85' lang='lat' dir='ltr'><strong>movere</strong></span> <span class='ocrx_word' id='word_1_55' title='bbox 978 943 1104 1010; x_wconf 87' lang='lat' dir='ltr'><strong>possent:</strong></span> <span class='ocrx_word' id='word_1_56' title='bbox 1118 931 1255 1012; x_wconf 75' lang='lat' dir='ltr'><strong>amphora</strong></span> <span class='ocrx_word' id='word_1_57' title='bbox 1269 947 1358 994; x_wconf 87' lang='lat' dir='ltr'><strong>autem</strong></span> <span class='ocrx_word' id='word_1_58' title='bbox 1377 952 1445 992; x_wconf 89' lang='lat' dir='ltr'><strong>auro</strong></span> <span class='ocrx_word' id='word_1_59' title='bbox 1458 933 1604 1015; x_wconf 89' lang='lat' dir='ltr'><strong>splenden-</strong></span> 
     </span>
     <span class='ocr_line' id='line_1_6' title="bbox 56 1019 1280 1105; baseline 0.002 -23"><span class='ocrx_word' id='word_1_60' title='bbox 56 1022 170 1093; x_wconf 77' lang='lat' dir='ltr'><strong>bit‘ores,</strong></span> <span class='ocrx_word' id='word_1_61' title='bbox 185 1042 254 1101; x_wconf 86' lang='lat' dir='ltr'><strong>quas</strong></span> <span class='ocrx_word' id='word_1_62' title='bbox 269 1022 406 1105; x_wconf 77' lang='grc' dir='ltr'>ἀμφίθυρα</span> <span class='ocrx_word' id='word_1_63' title='bbox 418 1036 498 1083; x_wconf 85' lang='lat' dir='ltr'><strong>vocat</strong></span> <span class='ocrx_word' id='word_1_64' title='bbox 509 1021 566 1100; x_wconf 89' lang='lat' dir='ltr'><strong>ille,</strong></span> <span class='ocrx_word' id='word_1_65' title='bbox 581 1022 705 1081; x_wconf 74' lang='lat' dir='ltr'><strong>eburneas</strong></span> <span class='ocrx_word' id='word_1_66' title='bbox 719 1034 803 1082; x_wconf 89' lang='lat' dir='ltr'><strong>erant.</strong></span> <span class='ocrx_word' id='word_1_67' title='bbox 856 1031 895 1079; x_wconf 87' lang='lat' dir='ltr'><strong>tes</strong></span> <span class='ocrx_word' id='word_1_68' title='bbox 904 1019 1001 1080; x_wconf 83' lang='lat' dir='ltr'><strong>ordine</strong></span> <span class='ocrx_word' id='word_1_69' title='bbox 1010 1022 1068 1081; x_wconf 77' lang='lat' dir='ltr'><strong>sitm</strong></span> <span class='ocrx_word' id='word_1_70' title='bbox 1078 1024 1280 1104; x_wconf 80' lang='lat' dir='ltr'><strong>comparebant.</strong></span> 
     </span>
     <span class='ocr_line' id='line_1_7' title="bbox 54 1113 1601 1196; baseline 0.005 -21"><span class='ocrx_word' id='word_1_71' title='bbox 54 1115 228 1175; x_wconf 85' lang='lat' dir='ltr'><strong>lntrieliniis</strong></span> <span class='ocrx_word' id='word_1_72' title='bbox 237 1128 264 1174; x_wconf 89' lang='lat' dir='ltr'><strong>et</strong></span> <span class='ocrx_word' id='word_1_73' title='bbox 274 1114 407 1175; x_wconf 91' lang='lat' dir='ltr'><strong>cubiculis</strong></span> <span class='ocrx_word' id='word_1_74' title='bbox 416 1115 531 1196; x_wconf 82' lang='lat' dir='ltr'><strong>parietes</strong></span> <span class='ocrx_word' id='word_1_75' title='bbox 541 1113 807 1174; x_wconf 86' lang='lat' dir='ltr'><strong>marmoreorustati:</strong></span> <span class='ocrx_word' id='word_1_76' title='bbox 896 1113 1013 1174; x_wconf 75' lang='lat' dir='ltr'><strong>Aderant</strong></span> <span class='ocrx_word' id='word_1_77' title='bbox 1036 1135 1145 1194; x_wconf 91' lang='lat' dir='ltr'><strong>quoque</strong></span> <span class='ocrx_word' id='word_1_78' title='bbox 1168 1117 1305 1190; x_wconf 88' lang='lat' dir='ltr'><strong>ministri,</strong></span> <span class='ocrx_word' id='word_1_79' title='bbox 1325 1138 1379 1178; x_wconf 89' lang='lat' dir='ltr'><strong>nou</strong></span> <span class='ocrx_word' id='word_1_80' title='bbox 1400 1119 1490 1179; x_wconf 90' lang='lat' dir='ltr'><strong>minus</strong></span> <span class='ocrx_word' id='word_1_81' title='bbox 1512 1121 1601 1182; x_wconf 89' lang='lat' dir='ltr'><strong>ornati</strong></span> 
     </span>
     <span class='ocr_line' id='line_1_8' title="bbox 53 1198 1601 1294; baseline 0.006 -28"><span class='ocrx_word' id='word_1_82' title='bbox 53 1206 155 1286; x_wconf 87' lang='lat' dir='ltr'><strong>siquid</strong></span> <span class='ocrx_word' id='word_1_83' title='bbox 165 1228 232 1267; x_wconf 79' lang='lat' dir='ltr'><strong>vero</strong></span> <span class='ocrx_word' id='word_1_84' title='bbox 241 1206 382 1288; x_wconf 87' lang='lat' dir='ltr'><strong>lapideum</strong></span> <span class='ocrx_word' id='word_1_85' title='bbox 389 1198 568 1289; x_wconf 86' lang='lat' dir='ltr'><strong>compareret,</strong></span> <span class='ocrx_word' id='word_1_86' title='bbox 582 1207 652 1267; x_wconf 85' lang='lat' dir='ltr'><strong>illud</strong></span> <span class='ocrx_word' id='word_1_87' title='bbox 662 1206 751 1266; x_wconf 87' lang='lat' dir='ltr'><strong>aureis</strong></span> <span class='ocrx_word' id='word_1_88' title='bbox 760 1206 803 1265; x_wconf 88' lang='lat' dir='ltr'><strong>la·</strong></span> <span class='ocrx_word' id='word_1_89' title='bbox 854 1204 975 1265; x_wconf 76' lang='lat' dir='ltr'><strong>vestibus</strong></span> <span class='ocrx_word' id='word_1_90' title='bbox 995 1219 1022 1266; x_wconf 87' lang='lat' dir='ltr'><strong>et</strong></span> <span class='ocrx_word' id='word_1_91' title='bbox 1044 1206 1186 1289; x_wconf 81' lang='lat' dir='ltr'><strong>splendide</strong></span> <span class='ocrx_word' id='word_1_92' title='bbox 1206 1210 1315 1284; x_wconf 84' lang='lat' dir='ltr'><strong>amicti,</strong></span> <span class='ocrx_word' id='word_1_93' title='bbox 1330 1212 1517 1294; x_wconf 74' lang='lat' dir='ltr'><strong>ancxyridas,</strong></span> <span class='ocrx_word' id='word_1_94' title='bbox 1534 1235 1601 1292; x_wconf 88' lang='lat' dir='ltr'><strong>quas</strong></span> 
     </span>
     <span class='ocr_line' id='line_1_9' title="bbox 51 1297 1599 1386; baseline 0.006 -29"><span class='ocrx_word' id='word_1_95' title='bbox 51 1299 136 1358; x_wconf 90' lang='lat' dir='ltr'><strong>minis</strong></span> <span class='ocrx_word' id='word_1_96' title='bbox 148 1313 176 1359; x_wconf 90' lang='lat' dir='ltr'><strong>et</strong></span> <span class='ocrx_word' id='word_1_97' title='bbox 189 1298 308 1359; x_wconf 77' lang='lat' dir='ltr'><strong>bracteis</strong></span> <span class='ocrx_word' id='word_1_98' title='bbox 318 1299 507 1379; x_wconf 85' lang='lat' dir='ltr'><strong>obtegebatur.</strong></span> <span class='ocrx_word' id='word_1_99' title='bbox 525 1322 541 1354; x_wconf 74' lang='lat' dir='ltr'><strong>r</strong></span> <span class='ocrx_word' id='word_1_100' title='bbox 631 1370 632 1374; x_wconf 6' lang='grc' dir='ltr'><strong>Ἰ</strong></span> <span class='ocrx_word' id='word_1_101' title='bbox 854 1297 964 1357; x_wconf 87' lang='lat' dir='ltr'><strong>braccas</strong></span> <span class='ocrx_word' id='word_1_102' title='bbox 981 1312 1096 1373; x_wconf 86' lang='lat' dir='ltr'><strong>vocant,</strong></span> <span class='ocrx_word' id='word_1_103' title='bbox 1112 1301 1189 1359; x_wconf 86' lang='lat' dir='ltr'><strong>laxas</strong></span> <span class='ocrx_word' id='word_1_104' title='bbox 1207 1300 1346 1377; x_wconf 90' lang='lat' dir='ltr'><strong>babentes,</strong></span> <span class='ocrx_word' id='word_1_105' title='bbox 1362 1326 1378 1360; x_wconf 81' lang='lat' dir='ltr'><strong>e</strong></span> <span class='ocrx_word' id='word_1_106' title='bbox 1396 1304 1458 1364; x_wconf 82' lang='lat' dir='ltr'><strong>visu</strong></span> <span class='ocrx_word' id='word_1_107' title='bbox 1478 1305 1599 1386; x_wconf 80' lang='lat' dir='ltr'><strong>pulchri,</strong></span> 
     </span>
     <span class='ocr_line' id='line_1_10' title="bbox 92 1387 1603 1473; baseline 0.006 -23"><span class='ocrx_word' id='word_1_108' title='bbox 92 1392 249 1470; x_wconf 73' lang='lat' dir='ltr'><strong>Laqumria</strong></span> <span class='ocrx_word' id='word_1_109' title='bbox 266 1392 358 1452; x_wconf 86' lang='lat' dir='ltr'><strong>omnia</strong></span> <span class='ocrx_word' id='word_1_110' title='bbox 376 1413 477 1467; x_wconf 75' lang='lat' dir='ltr'><strong>aurea,</strong></span> <span class='ocrx_word' id='word_1_111' title='bbox 494 1412 540 1451; x_wconf 90' lang='lat' dir='ltr'><strong>seu</strong></span> <span class='ocrx_word' id='word_1_112' title='bbox 561 1391 672 1473; x_wconf 86' lang='lat' dir='ltr'><strong>potius,</strong></span> <span class='ocrx_word' id='word_1_113' title='bbox 687 1404 719 1450; x_wconf 90' lang='lat' dir='ltr'><strong>ut</strong></span> <span class='ocrx_word' id='word_1_114' title='bbox 735 1389 803 1450; x_wconf 86' lang='lat' dir='ltr'><strong>alibi</strong></span> <span class='ocrx_word' id='word_1_115' title='bbox 855 1387 883 1447; x_wconf 91' lang='lat' dir='ltr'><strong>in</strong></span> <span class='ocrx_word' id='word_1_116' title='bbox 896 1389 953 1468; x_wconf 90' lang='lat' dir='ltr'><strong>ipso</strong></span> <span class='ocrx_word' id='word_1_117' title='bbox 964 1391 1050 1451; x_wconf 77' lang='lat' dir='ltr'><strong>atatis</strong></span> <span class='ocrx_word' id='word_1_118' title='bbox 1065 1391 1131 1452; x_wconf 86' lang='lat' dir='ltr'><strong>llore</strong></span> <span class='ocrx_word' id='word_1_119' title='bbox 1149 1392 1318 1453; x_wconf 80' lang='lat' dir='ltr'><strong>luxuriantes</strong></span> <span class='ocrx_word' id='word_1_120' title='bbox 1329 1439 1338 1472; x_wconf 96' lang='lat'><strong>,</strong></span> <span class='ocrx_word' id='word_1_121' title='bbox 1353 1394 1423 1455; x_wconf 90' lang='lat' dir='ltr'><strong>bene</strong></span> <span class='ocrx_word' id='word_1_122' title='bbox 1433 1410 1528 1457; x_wconf 83' lang='lat' dir='ltr'><strong>curata</strong></span> <span class='ocrx_word' id='word_1_123' title='bbox 1539 1411 1603 1459; x_wconf 78' lang='lat' dir='ltr'><strong>orte</strong></span> 
     </span>
     <span class='ocr_line' id='line_1_11' title="bbox 52 1481 1599 1566; baseline 0.005 -23"><span class='ocrx_word' id='word_1_124' title='bbox 52 1486 195 1566; x_wconf 83' lang='lat' dir='ltr'><strong>explicat,</strong></span> <span class='ocrx_word' id='word_1_125' title='bbox 217 1506 286 1545; x_wconf 86' lang='lat' dir='ltr'><strong>auro</strong></span> <span class='ocrx_word' id='word_1_126' title='bbox 307 1485 392 1545; x_wconf 87' lang='lat' dir='ltr'><strong>oblita</strong></span> <span class='ocrx_word' id='word_1_127' title='bbox 411 1497 509 1562; x_wconf 78' lang='lat' dir='ltr'><strong>eran13</strong></span> <span class='ocrx_word' id='word_1_128' title='bbox 532 1485 717 1566; x_wconf 77' lang='lat' dir='ltr'><strong>pavimentum</strong></span> <span class='ocrx_word' id='word_1_129' title='bbox 736 1503 801 1544; x_wconf 83' lang='lat' dir='ltr'><strong>vcro</strong></span> <span class='ocrx_word' id='word_1_130' title='bbox 854 1495 882 1540; x_wconf 92' lang='lat' dir='ltr'><strong>et</strong></span> <span class='ocrx_word' id='word_1_131' title='bbox 894 1481 970 1541; x_wconf 78' lang='lat' dir='ltr'><strong>bona</strong></span> <span class='ocrx_word' id='word_1_132' title='bbox 983 1484 1163 1545; x_wconf 83' lang='lat' dir='ltr'><strong>habitudinis.</strong></span> <span class='ocrx_word' id='word_1_133' title='bbox 1179 1509 1194 1542; x_wconf 81' lang='lat' dir='ltr'><strong>s</strong></span> <span class='ocrx_word' id='word_1_134' title='bbox 1210 1486 1262 1546; x_wconf 88' lang='lat' dir='ltr'><strong>llio</strong></span> <span class='ocrx_word' id='word_1_135' title='bbox 1276 1485 1391 1549; x_wconf 82' lang='lat' dir='ltr'><strong>vidisses</strong></span> <span class='ocrx_word' id='word_1_136' title='bbox 1412 1487 1494 1551; x_wconf 83' lang='lat' dir='ltr'><strong>etiam</strong></span> <span class='ocrx_word' id='word_1_137' title='bbox 1514 1490 1599 1551; x_wconf 87' lang='lat' dir='ltr'><strong>musl-</strong></span> 
     </span>
     <span class='ocr_line' id='line_1_12' title="bbox 52 1577 1601 1659; baseline 0.003 -21"><span class='ocrx_word' id='word_1_138' title='bbox 52 1578 192 1638; x_wconf 81' lang='lat' dir='ltr'><strong>tasserulis</strong></span> <span class='ocrx_word' id='word_1_139' title='bbox 208 1593 235 1638; x_wconf 90' lang='lat' dir='ltr'><strong>et</strong></span> <span class='ocrx_word' id='word_1_140' title='bbox 255 1578 370 1659; x_wconf 89' lang='lat' dir='ltr'><strong>gemmis</strong></span> <span class='ocrx_word' id='word_1_141' title='bbox 383 1578 544 1639; x_wconf 86' lang='lat' dir='ltr'><strong>distinctum</strong></span> <span class='ocrx_word' id='word_1_142' title='bbox 562 1577 799 1657; x_wconf 85' lang='lat' dir='ltr'><strong>adornatumque,</strong></span> <span class='ocrx_word' id='word_1_143' title='bbox 854 1592 948 1635; x_wconf 89' lang='lat' dir='ltr'><strong>oorum</strong></span> <span class='ocrx_word' id='word_1_144' title='bbox 966 1577 1096 1652; x_wconf 90' lang='lat' dir='ltr'><strong>turbam,</strong></span> <span class='ocrx_word' id='word_1_145' title='bbox 1117 1578 1346 1650; x_wconf 85' lang='lat' dir='ltr'><strong>tibias,eitbaras</strong></span> <span class='ocrx_word' id='word_1_146' title='bbox 1367 1594 1395 1641; x_wconf 91' lang='lat' dir='ltr'><strong>et</strong></span> <span class='ocrx_word' id='word_1_147' title='bbox 1415 1580 1601 1653; x_wconf 87' lang='lat' dir='ltr'><strong>listulas,nec</strong></span> 
     </span>
     <span class='ocr_line' id='line_1_13' title="bbox 52 1665 1600 1753; baseline 0.002 -23"><span class='ocrx_word' id='word_1_148' title='bbox 52 1670 129 1748; x_wconf 84' lang='lat' dir='ltr'><strong>qood</strong></span> <span class='ocrx_word' id='word_1_149' title='bbox 148 1690 223 1753; x_wconf 74' lang='lat' dir='ltr'><strong>saepe</strong></span> <span class='ocrx_word' id='word_1_150' title='bbox 238 1671 374 1752; x_wconf 70' lang='lat' dir='ltr'><strong>tapetibus</strong></span> <span class='ocrx_word' id='word_1_151' title='bbox 393 1670 549 1753; x_wconf 87' lang='lat' dir='ltr'><strong>operiebant</strong></span> <span class='ocrx_word' id='word_1_152' title='bbox 568 1670 743 1750; x_wconf 83' lang='lat' dir='ltr'><strong>elegantibus.</strong></span> <span class='ocrx_word' id='word_1_153' title='bbox 757 1671 801 1731; x_wconf 91' lang='lat' dir='ltr'><strong>lbi</strong></span> <span class='ocrx_word' id='word_1_154' title='bbox 853 1665 965 1729; x_wconf 87' lang='lat' dir='ltr'><strong>deerant</strong></span> <span class='ocrx_word' id='word_1_155' title='bbox 990 1683 1127 1751; x_wconf 89' lang='lat' dir='ltr'><strong>unguenta</strong></span> <span class='ocrx_word' id='word_1_156' title='bbox 1147 1684 1174 1731; x_wconf 84' lang='lat' dir='ltr'><strong>et</strong></span> <span class='ocrx_word' id='word_1_157' title='bbox 1195 1686 1314 1732; x_wconf 87' lang='lat' dir='ltr'><strong>aromata</strong></span> <span class='ocrx_word' id='word_1_158' title='bbox 1334 1672 1449 1745; x_wconf 87' lang='lat' dir='ltr'><strong>ludica,</strong></span> <span class='ocrx_word' id='word_1_159' title='bbox 1464 1673 1600 1753; x_wconf 80' lang='lat' dir='ltr'><strong>Arabica,</strong></span> 
     </span>
     <span class='ocr_line' id='line_1_14' title="bbox 51 1759 970 1843; baseline -0.001 -21"><span class='ocrx_word' id='word_1_160' title='bbox 51 1762 148 1823; x_wconf 75' lang='lat' dir='ltr'><strong>ridere</strong></span> <span class='ocrx_word' id='word_1_161' title='bbox 167 1776 227 1823; x_wconf 78' lang='lat' dir='ltr'><strong>emt</strong></span> <span class='ocrx_word' id='word_1_162' title='bbox 247 1764 386 1823; x_wconf 86' lang='lat' dir='ltr'><strong>columnas</strong></span> <span class='ocrx_word' id='word_1_163' title='bbox 404 1783 568 1823; x_wconf 88' lang='lat' dir='ltr'><strong>marmoreas</strong></span> <span class='ocrx_word' id='word_1_164' title='bbox 584 1762 730 1843; x_wconf 89' lang='lat' dir='ltr'><strong>aliquando</strong></span> <span class='ocrx_word' id='word_1_165' title='bbox 748 1764 802 1822; x_wconf 88' lang='lat' dir='ltr'><strong>rni-</strong></span> <span class='ocrx_word' id='word_1_166' title='bbox 853 1759 970 1821; x_wconf 83' lang='lat' dir='ltr'><strong>Persica.</strong></span> 
     </span>
     <span class='ocr_line' id='line_1_15' title="bbox 51 1851 1602 1939; baseline 0.005 -25"><span class='ocrx_word' id='word_1_167' title='bbox 51 1872 88 1914; x_wconf 69' lang='grc' dir='ltr'><strong>ιε</strong></span> <span class='ocrx_word' id='word_1_168' title='bbox 108 1853 328 1936; x_wconf 75' lang='lat' dir='ltr'><strong>magnitudinis,</strong></span> <span class='ocrx_word' id='word_1_169' title='bbox 350 1876 467 1934; x_wconf 88' lang='lat' dir='ltr'><strong>quarum</strong></span> <span class='ocrx_word' id='word_1_170' title='bbox 481 1855 607 1935; x_wconf 80' lang='lat' dir='ltr'><strong>capitella</strong></span> <span class='ocrx_word' id='word_1_171' title='bbox 626 1876 726 1939; x_wconf 79' lang='lat' dir='ltr'><strong>aurca3</strong></span> <span class='ocrx_word' id='word_1_172' title='bbox 744 1859 801 1919; x_wconf 90' lang='lat' dir='ltr'><strong>imo</strong></span> <span class='ocrx_word' id='word_1_173' title='bbox 900 1851 1115 1935; x_wconf 69' lang='lat' dir='ltr'><strong>Apponebuulur</strong></span> <span class='ocrx_word' id='word_1_174' title='bbox 1132 1854 1286 1917; x_wconf 76' lang='lat' dir='ltr'><strong>eduliorum</strong></span> <span class='ocrx_word' id='word_1_175' title='bbox 1300 1854 1459 1932; x_wconf 75' lang='lat' dir='ltr'><strong>varietates,</strong></span> <span class='ocrx_word' id='word_1_176' title='bbox 1478 1859 1602 1920; x_wconf 84' lang='lat' dir='ltr'><strong>ciborum</strong></span> 
     </span>
     <span class='ocr_line' id='line_1_16' title="bbox 50 1943 1603 2030; baseline 0.003 -22"><span class='ocrx_word' id='word_1_177' title='bbox 50 1945 201 2027; x_wconf 82' lang='lat' dir='ltr'><strong>aliquando</strong></span> <span class='ocrx_word' id='word_1_178' title='bbox 219 1961 277 2008; x_wconf 88' lang='lat' dir='ltr'><strong>tota</strong></span> <span class='ocrx_word' id='word_1_179' title='bbox 296 1948 589 2008; x_wconf 87' lang='lat' dir='ltr'><strong>columnncrataureis</strong></span> <span class='ocrx_word' id='word_1_180' title='bbox 601 1947 709 2008; x_wconf 92' lang='lat' dir='ltr'><strong>laminis</strong></span> <span class='ocrx_word' id='word_1_181' title='bbox 721 1969 800 2029; x_wconf 91' lang='lat' dir='ltr'><strong>oper-</strong></span> <span class='ocrx_word' id='word_1_182' title='bbox 853 1943 957 2007; x_wconf 85' lang='lat' dir='ltr'><strong>deliciae</strong></span> <span class='ocrx_word' id='word_1_183' title='bbox 973 1973 980 2006; x_wconf 76' lang='grc' dir='ltr'><strong><em>ε</em></strong></span> <span class='ocrx_word' id='word_1_184' title='bbox 994 1945 1030 2007; x_wconf 88' lang='lat' dir='ltr'><strong>de</strong></span> <span class='ocrx_word' id='word_1_185' title='bbox 1047 1963 1180 2030; x_wconf 85' lang='lat' dir='ltr'><strong>apparatu</strong></span> <span class='ocrx_word' id='word_1_186' title='bbox 1200 1948 1365 2009; x_wconf 72' lang='lat' dir='ltr'><strong>ferculorum</strong></span> <span class='ocrx_word' id='word_1_187' title='bbox 1386 1949 1512 2028; x_wconf 78' lang='lat' dir='ltr'><strong>quedam</strong></span> <span class='ocrx_word' id='word_1_188' title='bbox 1527 1951 1603 2012; x_wconf 81' lang='lat' dir='ltr'><strong>dixit</strong></span> 
     </span>
     <span class='ocr_line' id='line_1_17' title="bbox 50 2040 1598 2124; baseline 0.004 -27"><span class='ocrx_word' id='word_1_189' title='bbox 50 2050 97 2113; x_wconf 89' lang='lat' dir='ltr'><strong>ta;</strong></span> <span class='ocrx_word' id='word_1_190' title='bbox 125 2053 229 2101; x_wconf 87' lang='lat' dir='ltr'><strong>statuas</strong></span> <span class='ocrx_word' id='word_1_191' title='bbox 249 2060 359 2120; x_wconf 87' lang='lat' dir='ltr'><strong>quoque</strong></span> <span class='ocrx_word' id='word_1_192' title='bbox 378 2040 495 2101; x_wconf 83' lang='lat' dir='ltr'><strong>vidisses</strong></span> <span class='ocrx_word' id='word_1_193' title='bbox 516 2062 599 2100; x_wconf 91' lang='lat' dir='ltr'><strong>mann</strong></span> <span class='ocrx_word' id='word_1_194' title='bbox 620 2041 799 2122; x_wconf 76' lang='lat' dir='ltr'><strong>insigniorum</strong></span> <span class='ocrx_word' id='word_1_195' title='bbox 854 2059 908 2099; x_wconf 92' lang='lat' dir='ltr'><strong>non</strong></span> <span class='ocrx_word' id='word_1_196' title='bbox 931 2041 1173 2121; x_wconf 74' lang='lat' dir='ltr'><strong>pretermittenda.</strong></span> <span class='ocrx_word' id='word_1_197' title='bbox 1195 2042 1240 2101; x_wconf 84' lang='lat' dir='ltr'><strong>De</strong></span> <span class='ocrx_word' id='word_1_198' title='bbox 1259 2042 1464 2123; x_wconf 83' lang='lat' dir='ltr'><strong>pulmentariis,</strong></span> <span class='ocrx_word' id='word_1_199' title='bbox 1486 2045 1598 2124; x_wconf 86' lang='lat' dir='ltr'><strong>coquis,</strong></span> 
     </span>
    </p>

    <p class='ocr_par' dir='ltr' id='par_1_3' title="bbox 10 2129 1600 2216">
     <span class='ocr_line' id='line_1_18' title="bbox 10 2129 1600 2216; baseline 0.004 -27"><span class='ocrx_word' id='word_1_200' title='bbox 10 2136 13 2143; x_wconf 92' lang='lat'>&#39;</span> <span class='ocrx_word' id='word_1_201' title='bbox 49 2129 125 2192; x_wconf 86' lang='lat' dir='ltr'><strong>illins</strong></span> <span class='ocrx_word' id='word_1_202' title='bbox 153 2133 208 2192; x_wconf 83' lang='lat' dir='ltr'><strong>aeri</strong></span> <span class='ocrx_word' id='word_1_203' title='bbox 233 2133 372 2193; x_wconf 81' lang='lat' dir='ltr'><strong>artificum</strong></span> <span class='ocrx_word' id='word_1_204' title='bbox 398 2130 566 2210; x_wconf 88' lang='lat' dir='ltr'><strong>adornatas,</strong></span> <span class='ocrx_word' id='word_1_205' title='bbox 589 2153 656 2211; x_wconf 89' lang='lat' dir='ltr'><strong>quas</strong></span> <span class='ocrx_word' id='word_1_206' title='bbox 686 2132 800 2212; x_wconf 89' lang='lat' dir='ltr'><strong>quidam</strong></span> <span class='ocrx_word' id='word_1_207' title='bbox 853 2152 1008 2192; x_wconf 88' lang='lat' dir='ltr'><strong>mensarum</strong></span> <span class='ocrx_word' id='word_1_208' title='bbox 1022 2134 1421 2216; x_wconf 87' lang='lat' dir='ltr'><strong>structoribus,placentarum</strong></span> <span class='ocrx_word' id='word_1_209' title='bbox 1434 2136 1600 2210; x_wconf 84' lang='lat' dir='ltr'><strong>artificibus,</strong></span> 
     </span>
    </p>

    <p class='ocr_par' dir='ltr' id='par_1_4' title="bbox 50 2221 1600 2401">
     <span class='ocr_line' id='line_1_19' title="bbox 50 2221 1600 2308; baseline 0.003 -25"><span class='ocrx_word' id='word_1_210' title='bbox 50 2221 140 2296; x_wconf 87' lang='lat' dir='ltr'><strong>idola,</strong></span> <span class='ocrx_word' id='word_1_211' title='bbox 159 2225 209 2285; x_wconf 89' lang='lat' dir='ltr'><strong>alii</strong></span> <span class='ocrx_word' id='word_1_212' title='bbox 221 2223 359 2286; x_wconf 73' lang='lat' dir='ltr'><strong>daemonas</strong></span> <span class='ocrx_word' id='word_1_213' title='bbox 379 2227 563 2308; x_wconf 88' lang='lat' dir='ltr'><strong>appellabant.</strong></span> <span class='ocrx_word' id='word_1_214' title='bbox 584 2227 629 2287; x_wconf 82' lang='lat' dir='ltr'><strong>Ad</strong></span> <span class='ocrx_word' id='word_1_215' title='bbox 653 2227 710 2287; x_wconf 80' lang='lat' dir='ltr'><strong>haec</strong></span> <span class='ocrx_word' id='word_1_216' title='bbox 723 2241 800 2288; x_wconf 89' lang='lat' dir='ltr'><strong>erant</strong></span> <span class='ocrx_word' id='word_1_217' title='bbox 852 2225 990 2307; x_wconf 87' lang='lat' dir='ltr'><strong>phasianis</strong></span> <span class='ocrx_word' id='word_1_218' title='bbox 1000 2227 1099 2286; x_wconf 83' lang='lat' dir='ltr'><strong>avibus</strong></span> <span class='ocrx_word' id='word_1_219' title='bbox 1108 2225 1309 2306; x_wconf 79' lang='lat' dir='ltr'><strong>loquutus,baec</strong></span> <span class='ocrx_word' id='word_1_220' title='bbox 1318 2224 1518 2300; x_wconf 74' lang='lat' dir='ltr'><strong>additeoQoasi</strong></span> <span class='ocrx_word' id='word_1_221' title='bbox 1530 2248 1600 2287; x_wconf 90' lang='lat' dir='ltr'><strong>rem·</strong></span> 
     </span>
     <span class='ocr_line' id='line_1_20' title="bbox 50 2316 1600 2401; baseline 0.001 -24"><span class='ocrx_word' id='word_1_222' title='bbox 50 2316 175 2377; x_wconf 67' lang='lat' dir='ltr'><strong>orbiculo</strong></span> <span class='ocrx_word' id='word_1_223' title='bbox 193 2318 309 2400; x_wconf 86' lang='lat' dir='ltr'><strong>picturis</strong></span> <span class='ocrx_word' id='word_1_224' title='bbox 321 2319 469 2379; x_wconf 87' lang='lat' dir='ltr'><strong>etmusieis</strong></span> <span class='ocrx_word' id='word_1_225' title='bbox 482 2319 610 2401; x_wconf 84' lang='lat' dir='ltr'><strong>operibus</strong></span> <span class='ocrx_word' id='word_1_226' title='bbox 619 2319 755 2385; x_wconf 87' lang='lat' dir='ltr'><strong>decorata.</strong></span> <span class='ocrx_word' id='word_1_227' title='bbox 851 2317 993 2399; x_wconf 84' lang='lat' dir='ltr'><strong>publicam</strong></span> <span class='ocrx_word' id='word_1_228' title='bbox 1004 2318 1183 2398; x_wconf 77' lang='lat' dir='ltr'><strong>gubernantes</strong></span> <span class='ocrx_word' id='word_1_229' title='bbox 1194 2333 1220 2378; x_wconf 89' lang='lat' dir='ltr'><strong>et</strong></span> <span class='ocrx_word' id='word_1_230' title='bbox 1234 2318 1319 2377; x_wconf 89' lang='lat' dir='ltr'><strong>aciem</strong></span> <span class='ocrx_word' id='word_1_231' title='bbox 1332 2318 1506 2393; x_wconf 80' lang='lat' dir='ltr'><strong>instruentes,</strong></span> <span class='ocrx_word' id='word_1_232' title='bbox 1521 2319 1560 2383; x_wconf 85' lang='lat' dir='ltr'><strong>sic</strong></span> <span class='ocrx_word' id='word_1_233' title='bbox 1573 2330 1600 2378; x_wconf 89' lang='lat' dir='ltr'><strong>et</strong></span> 
     </span>
    </p>

    <p class='ocr_par' dir='ltr' id='par_1_5' title="bbox 50 2410 1599 2968">
     <span class='ocr_line' id='line_1_21' title="bbox 86 2410 1599 2494; baseline -0.001 -23"><span class='ocrx_word' id='word_1_234' title='bbox 86 2411 161 2471; x_wconf 68' lang='lat' dir='ltr'><strong>lecti</strong></span> <span class='ocrx_word' id='word_1_235' title='bbox 173 2432 284 2491; x_wconf 88' lang='lat' dir='ltr'><strong>quoque</strong></span> <span class='ocrx_word' id='word_1_236' title='bbox 294 2425 325 2472; x_wconf 88' lang='lat' dir='ltr'><strong>ut</strong></span> <span class='ocrx_word' id='word_1_237' title='bbox 336 2411 487 2494; x_wconf 86' lang='lat' dir='ltr'><strong>plurimum</strong></span> <span class='ocrx_word' id='word_1_238' title='bbox 496 2434 531 2473; x_wconf 87' lang='lat' dir='ltr'><strong>ex</strong></span> <span class='ocrx_word' id='word_1_239' title='bbox 539 2412 638 2484; x_wconf 90' lang='lat' dir='ltr'><strong>ebore,</strong></span> <span class='ocrx_word' id='word_1_240' title='bbox 651 2413 798 2491; x_wconf 87' lang='lat' dir='ltr'><strong>aliqnando</strong></span> <span class='ocrx_word' id='word_1_241' title='bbox 851 2410 895 2470; x_wconf 90' lang='lat' dir='ltr'><strong>isti</strong></span> <span class='ocrx_word' id='word_1_242' title='bbox 908 2411 959 2470; x_wconf 90' lang='lat' dir='ltr'><strong>boc</strong></span> <span class='ocrx_word' id='word_1_243' title='bbox 971 2423 997 2469; x_wconf 93' lang='lat' dir='ltr'><strong>et</strong></span> <span class='ocrx_word' id='word_1_244' title='bbox 1008 2411 1059 2470; x_wconf 92' lang='lat' dir='ltr'><strong>hoc</strong></span> <span class='ocrx_word' id='word_1_245' title='bbox 1068 2411 1201 2493; x_wconf 87' lang='lat' dir='ltr'><strong>primurn,</strong></span> <span class='ocrx_word' id='word_1_246' title='bbox 1214 2410 1266 2471; x_wconf 91' lang='lat' dir='ltr'><strong>hoc</strong></span> <span class='ocrx_word' id='word_1_247' title='bbox 1278 2425 1303 2470; x_wconf 94' lang='lat' dir='ltr'><strong>et</strong></span> <span class='ocrx_word' id='word_1_248' title='bbox 1313 2410 1365 2472; x_wconf 89' lang='lat' dir='ltr'><strong>boe</strong></span> <span class='ocrx_word' id='word_1_249' title='bbox 1376 2410 1524 2471; x_wconf 88' lang='lat' dir='ltr'><strong>secundum</strong></span> <span class='ocrx_word' id='word_1_250' title='bbox 1533 2430 1599 2470; x_wconf 92' lang='lat' dir='ltr'><strong>con-</strong></span> 
     </span>
     <span class='ocr_line' id='line_1_22' title="bbox 50 2501 1598 2586; baseline 0 -24"><span class='ocrx_word' id='word_1_251' title='bbox 50 2501 130 2582; x_wconf 87' lang='lat' dir='ltr'><strong>lignei</strong></span> <span class='ocrx_word' id='word_1_252' title='bbox 150 2516 178 2563; x_wconf 85' lang='lat' dir='ltr'><strong>et</strong></span> <span class='ocrx_word' id='word_1_253' title='bbox 200 2503 339 2580; x_wconf 87' lang='lat' dir='ltr'><strong>deaurati,</strong></span> <span class='ocrx_word' id='word_1_254' title='bbox 355 2503 399 2565; x_wconf 85' lang='lat' dir='ltr'><strong>vel</strong></span> <span class='ocrx_word' id='word_1_255' title='bbox 420 2506 553 2586; x_wconf 71' lang='lat' dir='ltr'><strong>argenteis</strong></span> <span class='ocrx_word' id='word_1_256' title='bbox 580 2505 643 2565; x_wconf 87' lang='lat' dir='ltr'><strong>tecti</strong></span> <span class='ocrx_word' id='word_1_257' title='bbox 666 2505 796 2567; x_wconf 82' lang='lat' dir='ltr'><strong>laminis:</strong></span> <span class='ocrx_word' id='word_1_258' title='bbox 851 2505 969 2565; x_wconf 90' lang='lat' dir='ltr'><strong>stituunt</strong></span> <span class='ocrx_word' id='word_1_259' title='bbox 982 2524 990 2564; x_wconf 80' lang='lat' dir='ltr'><strong>t</strong></span> <span class='ocrx_word' id='word_1_260' title='bbox 1003 2519 1029 2565; x_wconf 92' lang='lat' dir='ltr'><strong>et</strong></span> <span class='ocrx_word' id='word_1_261' title='bbox 1042 2505 1087 2564; x_wconf 87' lang='lat' dir='ltr'><strong>alii</strong></span> <span class='ocrx_word' id='word_1_262' title='bbox 1102 2503 1215 2584; x_wconf 88' lang='lat' dir='ltr'><strong>quidem</strong></span> <span class='ocrx_word' id='word_1_263' title='bbox 1230 2504 1350 2585; x_wconf 88' lang='lat' dir='ltr'><strong>primum</strong></span> <span class='ocrx_word' id='word_1_264' title='bbox 1362 2526 1427 2564; x_wconf 84' lang='lat' dir='ltr'><strong>ares</strong></span> <span class='ocrx_word' id='word_1_265' title='bbox 1439 2522 1523 2585; x_wconf 87' lang='lat' dir='ltr'><strong>supra</strong></span> <span class='ocrx_word' id='word_1_266' title='bbox 1537 2524 1598 2564; x_wconf 63' lang='lat' dir='ltr'><strong>cao</strong></span> 
     </span>
     <span class='ocr_line' id='line_1_23' title="bbox 52 2595 1595 2680; baseline 0 -25"><span class='ocrx_word' id='word_1_267' title='bbox 52 2596 105 2655; x_wconf 91' lang='lat' dir='ltr'><strong>imo</strong></span> <span class='ocrx_word' id='word_1_268' title='bbox 117 2617 153 2655; x_wconf 83' lang='lat' dir='ltr'><strong>cx</strong></span> <span class='ocrx_word' id='word_1_269' title='bbox 171 2610 285 2677; x_wconf 87' lang='lat' dir='ltr'><strong>argento</strong></span> <span class='ocrx_word' id='word_1_270' title='bbox 301 2618 373 2678; x_wconf 92' lang='lat' dir='ltr'><strong>puro</strong></span> <span class='ocrx_word' id='word_1_271' title='bbox 391 2618 462 2680; x_wconf 76' lang='lat' dir='ltr'><strong>saepe</strong></span> <span class='ocrx_word' id='word_1_272' title='bbox 472 2598 521 2659; x_wconf 90' lang='lat' dir='ltr'><strong>toti</strong></span> <span class='ocrx_word' id='word_1_273' title='bbox 535 2599 713 2675; x_wconf 88' lang='lat' dir='ltr'><strong>constabant,</strong></span> <span class='ocrx_word' id='word_1_274' title='bbox 726 2602 797 2660; x_wconf 89' lang='lat' dir='ltr'><strong>mul·</strong></span> <span class='ocrx_word' id='word_1_275' title='bbox 849 2596 933 2656; x_wconf 88' lang='lat' dir='ltr'><strong>bones</strong></span> <span class='ocrx_word' id='word_1_276' title='bbox 946 2618 1034 2671; x_wconf 87' lang='lat' dir='ltr'><strong>assas,</strong></span> <span class='ocrx_word' id='word_1_277' title='bbox 1050 2596 1222 2678; x_wconf 83' lang='lat' dir='ltr'><strong>piscibusque</strong></span> <span class='ocrx_word' id='word_1_278' title='bbox 1233 2597 1314 2655; x_wconf 77' lang='lat' dir='ltr'><strong>laruas</strong></span> <span class='ocrx_word' id='word_1_279' title='bbox 1327 2597 1463 2674; x_wconf 79' lang='lat' dir='ltr'><strong>offerunt3</strong></span> <span class='ocrx_word' id='word_1_280' title='bbox 1479 2595 1527 2654; x_wconf 91' lang='lat' dir='ltr'><strong>alii</strong></span> <span class='ocrx_word' id='word_1_281' title='bbox 1541 2595 1595 2655; x_wconf 87' lang='lat' dir='ltr'><strong>alia</strong></span> 
     </span>
     <span class='ocr_line' id='line_1_24' title="bbox 54 2687 1597 2773; baseline 0.001 -27"><span class='ocrx_word' id='word_1_282' title='bbox 54 2687 138 2766; x_wconf 79' lang='lat' dir='ltr'><strong>risque</strong></span> <span class='ocrx_word' id='word_1_283' title='bbox 151 2688 180 2748; x_wconf 90' lang='lat' dir='ltr'><strong>in</strong></span> <span class='ocrx_word' id='word_1_284' title='bbox 193 2689 261 2749; x_wconf 87' lang='lat' dir='ltr'><strong>locis</strong></span> <span class='ocrx_word' id='word_1_285' title='bbox 277 2690 395 2752; x_wconf 85' lang='lat' dir='ltr'><strong>micabat</strong></span> <span class='ocrx_word' id='word_1_286' title='bbox 407 2712 515 2752; x_wconf 86' lang='lat' dir='ltr'><strong>aurum.</strong></span> <span class='ocrx_word' id='word_1_287' title='bbox 539 2692 714 2773; x_wconf 90' lang='lat' dir='ltr'><strong>Opnlcntiam</strong></span> <span class='ocrx_word' id='word_1_288' title='bbox 732 2693 796 2753; x_wconf 91' lang='lat' dir='ltr'><strong>item</strong></span> <span class='ocrx_word' id='word_1_289' title='bbox 848 2689 927 2748; x_wconf 90' lang='lat' dir='ltr'><strong>initia</strong></span> <span class='ocrx_word' id='word_1_290' title='bbox 946 2688 1187 2750; x_wconf 88' lang='lat' dir='ltr'><strong>immoderatarum</strong></span> <span class='ocrx_word' id='word_1_291' title='bbox 1207 2710 1344 2750; x_wconf 83' lang='lat' dir='ltr'><strong>coenarum</strong></span> <span class='ocrx_word' id='word_1_292' title='bbox 1363 2704 1486 2750; x_wconf 88' lang='lat' dir='ltr'><strong>statuunt</strong></span> <span class='ocrx_word' id='word_1_293' title='bbox 1501 2713 1508 2747; x_wconf 76' lang='lat' dir='ltr'><strong>a</strong></span> <span class='ocrx_word' id='word_1_294' title='bbox 1522 2689 1597 2748; x_wconf 90' lang='lat' dir='ltr'><strong>mul-</strong></span> 
     </span>
     <span class='ocr_line' id='line_1_25' title="bbox 56 2781 1593 2864; baseline 0.003 -26"><span class='ocrx_word' id='word_1_295' title='bbox 56 2798 175 2859; x_wconf 81' lang='lat' dir='ltr'><strong>magnam</strong></span> <span class='ocrx_word' id='word_1_296' title='bbox 191 2802 250 2862; x_wconf 77' lang='lat' dir='ltr'><strong>prae</strong></span> <span class='ocrx_word' id='word_1_297' title='bbox 262 2802 292 2841; x_wconf 87' lang='lat' dir='ltr'><strong>se</strong></span> <span class='ocrx_word' id='word_1_298' title='bbox 305 2783 408 2842; x_wconf 77' lang='lat' dir='ltr'><strong>ferebat</strong></span> <span class='ocrx_word' id='word_1_299' title='bbox 424 2796 479 2844; x_wconf 88' lang='lat' dir='ltr'><strong>tota</strong></span> <span class='ocrx_word' id='word_1_300' title='bbox 498 2784 622 2864; x_wconf 83' lang='lat' dir='ltr'><strong>supellex</strong></span> <span class='ocrx_word' id='word_1_301' title='bbox 635 2807 644 2858; x_wconf 64' lang='grc' dir='ltr'><strong><em>ς</em></strong></span> <span class='ocrx_word' id='word_1_302' title='bbox 661 2784 796 2845; x_wconf 70' lang='lat' dir='ltr'><strong>cathedrae</strong></span> <span class='ocrx_word' id='word_1_303' title='bbox 849 2795 931 2860; x_wconf 92' lang='lat' dir='ltr'><strong>taque</strong></span> <span class='ocrx_word' id='word_1_304' title='bbox 944 2782 1014 2842; x_wconf 85' lang='lat' dir='ltr'><strong>circa</strong></span> <span class='ocrx_word' id='word_1_305' title='bbox 1032 2783 1088 2842; x_wconf 81' lang='lat' dir='ltr'><strong>haec</strong></span> <span class='ocrx_word' id='word_1_306' title='bbox 1106 2797 1145 2842; x_wconf 77' lang='lat' dir='ltr'><strong>est</strong></span> <span class='ocrx_word' id='word_1_307' title='bbox 1159 2781 1339 2859; x_wconf 78' lang='lat' dir='ltr'><strong>concertatio,</strong></span> <span class='ocrx_word' id='word_1_308' title='bbox 1355 2783 1429 2843; x_wconf 86' lang='lat' dir='ltr'><strong>etde</strong></span> <span class='ocrx_word' id='word_1_309' title='bbox 1445 2783 1593 2863; x_wconf 87' lang='lat' dir='ltr'><strong>qualitate,</strong></span> 
     </span>
     <span class='ocr_line' id='line_1_26' title="bbox 59 2873 1595 2968; baseline 0.002 -36"><span class='ocrx_word' id='word_1_310' title='bbox 59 2890 157 2950; x_wconf 81' lang='lat' dir='ltr'><strong>qnoque</strong></span> <span class='ocrx_word' id='word_1_311' title='bbox 172 2886 201 2932; x_wconf 88' lang='lat' dir='ltr'><strong>et</strong></span> <span class='ocrx_word' id='word_1_312' title='bbox 216 2874 333 2968; x_wconf 75' lang='lat' dir='ltr'><strong>scabella</strong></span> <span class='ocrx_word' id='word_1_313' title='bbox 343 2896 379 2935; x_wconf 87' lang='lat' dir='ltr'><strong>ex</strong></span> <span class='ocrx_word' id='word_1_314' title='bbox 391 2876 472 2937; x_wconf 89' lang='lat' dir='ltr'><strong>ebore</strong></span> <span class='ocrx_word' id='word_1_315' title='bbox 483 2890 558 2936; x_wconf 88' lang='lat' dir='ltr'><strong>erant</strong></span> <span class='ocrx_word' id='word_1_316' title='bbox 572 2902 579 2937; x_wconf 75' lang='grc' dir='ltr'><strong><em>ε</em></strong></span> <span class='ocrx_word' id='word_1_317' title='bbox 592 2877 691 2937; x_wconf 89' lang='lat' dir='ltr'><strong>lebetes</strong></span> <span class='ocrx_word' id='word_1_318' title='bbox 708 2878 771 2937; x_wconf 90' lang='lat' dir='ltr'><strong>item</strong></span> <span class='ocrx_word' id='word_1_319' title='bbox 788 2925 796 2950; x_wconf 88' lang='lat'><strong>,</strong></span> <span class='ocrx_word' id='word_1_320' title='bbox 849 2888 875 2933; x_wconf 88' lang='lat' dir='ltr'><strong>et</strong></span> <span class='ocrx_word' id='word_1_321' title='bbox 890 2873 925 2933; x_wconf 89' lang='lat' dir='ltr'><strong>de</strong></span> <span class='ocrx_word' id='word_1_322' title='bbox 937 2874 1047 2948; x_wconf 89' lang='lat' dir='ltr'><strong>ordine,</strong></span> <span class='ocrx_word' id='word_1_323' title='bbox 1063 2873 1137 2934; x_wconf 91' lang='lat' dir='ltr'><strong>etde</strong></span> <span class='ocrx_word' id='word_1_324' title='bbox 1151 2876 1240 2957; x_wconf 89' lang='lat' dir='ltr'><strong>copia.</strong></span> <span class='ocrx_word' id='word_1_325' title='bbox 1254 2874 1384 2937; x_wconf 77' lang='lat' dir='ltr'><strong>»Vinum</strong></span> <span class='ocrx_word' id='word_1_326' title='bbox 1399 2875 1481 2935; x_wconf 86' lang='lat' dir='ltr'><strong>etiam</strong></span> <span class='ocrx_word' id='word_1_327' title='bbox 1498 2877 1595 2955; x_wconf 88' lang='lat' dir='ltr'><strong>exqui-</strong></span> 
     </span>
    </p>

    <p class='ocr_par' dir='ltr' id='par_1_6' title="bbox 10 2965 1600 3423">
     <span class='ocr_line' id='line_1_27' title="bbox 10 2965 1597 3049; baseline 0.012 -40"><span class='ocrx_word' id='word_1_328' title='bbox 10 3004 12 3009; x_wconf 92' lang='lat'><strong>.</strong></span> <span class='ocrx_word' id='word_1_329' title='bbox 61 2966 201 3039; x_wconf 43' lang='lat' dir='ltr'><strong>„mmo</strong></span> <span class='ocrx_word' id='word_1_330' title='bbox 218 2966 285 3048; x_wconf 60' lang='lat' dir='ltr'><strong>ipsae</strong></span> <span class='ocrx_word' id='word_1_331' title='bbox 299 2968 407 3028; x_wconf 61' lang='lat' dir='ltr'><strong>matulae</strong></span> <span class='ocrx_word' id='word_1_332' title='bbox 426 2990 461 3029; x_wconf 54' lang='grc' dir='ltr'><strong>εχ</strong></span> <span class='ocrx_word' id='word_1_333' title='bbox 477 2991 543 3029; x_wconf 72' lang='lat' dir='ltr'><strong>auro</strong></span> <span class='ocrx_word' id='word_1_334' title='bbox 557 2970 600 3029; x_wconf 78' lang='lat' dir='ltr'><strong>vol</strong></span> <span class='ocrx_word' id='word_1_335' title='bbox 610 2984 721 3049; x_wconf 71' lang='lat' dir='ltr'><strong>argento</strong></span> <span class='ocrx_word' id='word_1_336' title='bbox 732 2992 796 3031; x_wconf 91' lang='lat' dir='ltr'><strong>oon·</strong></span> <span class='ocrx_word' id='word_1_337' title='bbox 848 2965 932 3025; x_wconf 89' lang='lat' dir='ltr'><strong>situm</strong></span> <span class='ocrx_word' id='word_1_338' title='bbox 945 2967 1143 3047; x_wconf 87' lang='lat' dir='ltr'><strong>apponebatur,</strong></span> <span class='ocrx_word' id='word_1_339' title='bbox 1159 2966 1206 3026; x_wconf 89' lang='lat' dir='ltr'><strong>sed</strong></span> <span class='ocrx_word' id='word_1_340' title='bbox 1224 2967 1359 3027; x_wconf 90' lang='lat' dir='ltr'><strong>Thasium</strong></span> <span class='ocrx_word' id='word_1_341' title='bbox 1373 2967 1534 3048; x_wconf 71' lang='lat' dir='ltr'><strong>praesertim,</strong></span> <span class='ocrx_word' id='word_1_342' title='bbox 1548 2988 1597 3028; x_wconf 86' lang='lat' dir='ltr'><strong>seu</strong></span> 
     </span>
     <span class='ocr_line' id='line_1_28' title="bbox 65 3054 1600 3146; baseline 0.005 -32"><span class='ocrx_word' id='word_1_343' title='bbox 65 3054 133 3116; x_wconf 79' lang='lat' dir='ltr'><strong>date.</strong></span> <span class='ocrx_word' id='word_1_344' title='bbox 148 3058 219 3118; x_wconf 85' lang='lat' dir='ltr'><strong>lnter</strong></span> <span class='ocrx_word' id='word_1_345' title='bbox 232 3060 290 3120; x_wconf 74' lang='lat' dir='ltr'><strong>haec</strong></span> <span class='ocrx_word' id='word_1_346' title='bbox 305 3082 369 3121; x_wconf 77' lang='lat' dir='ltr'><strong>vasa</strong></span> <span class='ocrx_word' id='word_1_347' title='bbox 384 3075 411 3121; x_wconf 80' lang='lat' dir='ltr'><strong>et</strong></span> <span class='ocrx_word' id='word_1_348' title='bbox 427 3063 480 3122; x_wconf 72' lang='lat' dir='ltr'><strong>alia</strong></span> <span class='ocrx_word' id='word_1_349' title='bbox 494 3078 650 3123; x_wconf 70' lang='lat' dir='ltr'><strong>ornamenta</strong></span> <span class='ocrx_word' id='word_1_350' title='bbox 665 3065 692 3123; x_wconf 82' lang='lat' dir='ltr'><strong>io</strong></span> <span class='ocrx_word' id='word_1_351' title='bbox 706 3065 795 3146; x_wconf 71' lang='lat' dir='ltr'><strong>pretio</strong></span> <span class='ocrx_word' id='word_1_352' title='bbox 848 3077 884 3117; x_wconf 88' lang='lat' dir='ltr'><strong>ex</strong></span> <span class='ocrx_word' id='word_1_353' title='bbox 896 3058 985 3118; x_wconf 85' lang='lat' dir='ltr'><strong>insula</strong></span> <span class='ocrx_word' id='word_1_354' title='bbox 997 3059 1090 3120; x_wconf 84' lang='lat' dir='ltr'><strong>Thaso</strong></span> <span class='ocrx_word' id='word_1_355' title='bbox 1104 3060 1193 3138; x_wconf 86' lang='lat' dir='ltr'><strong>:quod</strong></span> <span class='ocrx_word' id='word_1_356' title='bbox 1204 3059 1278 3142; x_wconf 88' lang='lat' dir='ltr'><strong>apud</strong></span> <span class='ocrx_word' id='word_1_357' title='bbox 1288 3061 1432 3142; x_wconf 86' lang='lat' dir='ltr'><strong>scriptores</strong></span> <span class='ocrx_word' id='word_1_358' title='bbox 1446 3073 1504 3120; x_wconf 92' lang='lat' dir='ltr'><strong>tum</strong></span> <span class='ocrx_word' id='word_1_359' title='bbox 1518 3062 1600 3122; x_wconf 80' lang='lat' dir='ltr'><strong>Grae·</strong></span> 
     </span>
     <span class='ocr_line' id='line_1_29' title="bbox 68 3153 1421 3241; baseline 0.004 -33"><span class='ocrx_word' id='word_1_360' title='bbox 68 3166 128 3211; x_wconf 82' lang='lat' dir='ltr'><strong>erant</strong></span> <span class='ocrx_word' id='word_1_361' title='bbox 140 3155 269 3215; x_wconf 71' lang='lat' dir='ltr'><strong>Laoooico</strong></span> <span class='ocrx_word' id='word_1_362' title='bbox 284 3156 436 3232; x_wconf 61' lang='lat' dir='ltr'><strong>velamina,</strong></span> <span class='ocrx_word' id='word_1_363' title='bbox 456 3181 516 3238; x_wconf 61' lang='grc' dir='ltr'><strong>φη</strong></span> <span class='ocrx_word' id='word_1_364' title='bbox 539 3160 606 3221; x_wconf 71' lang='lat' dir='ltr'><strong>dicit</strong></span> <span class='ocrx_word' id='word_1_365' title='bbox 628 3160 794 3241; x_wconf 63' lang='lat' dir='ltr'><strong>Chrysosro.</strong></span> <span class='ocrx_word' id='word_1_366' title='bbox 849 3172 895 3210; x_wconf 89' lang='lat' dir='ltr'><strong>oos</strong></span> <span class='ocrx_word' id='word_1_367' title='bbox 908 3165 967 3212; x_wconf 91' lang='lat' dir='ltr'><strong>tum</strong></span> <span class='ocrx_word' id='word_1_368' title='bbox 981 3153 1092 3213; x_wconf 83' lang='lat' dir='ltr'><strong>Latinos</strong></span> <span class='ocrx_word' id='word_1_369' title='bbox 1103 3153 1251 3213; x_wconf 89' lang='lat' dir='ltr'><strong>admodum</strong></span> <span class='ocrx_word' id='word_1_370' title='bbox 1260 3153 1421 3216; x_wconf 88' lang='lat' dir='ltr'><strong>celebratur.</strong></span> 
     </span>
     <span class='ocr_line' id='line_1_30' title="bbox 70 3246 1593 3337; baseline 0.007 -36"><span class='ocrx_word' id='word_1_371' title='bbox 70 3263 117 3303; x_wconf 88' lang='lat' dir='ltr'><strong>nus</strong></span> <span class='ocrx_word' id='word_1_372' title='bbox 125 3247 149 3306; x_wconf 95' lang='lat' dir='ltr'><strong>in</strong></span> <span class='ocrx_word' id='word_1_373' title='bbox 160 3248 297 3328; x_wconf 87' lang='lat' dir='ltr'><strong>pennariis</strong></span> <span class='ocrx_word' id='word_1_374' title='bbox 309 3264 445 3311; x_wconf 84' lang='lat' dir='ltr'><strong>asservata</strong></span> <span class='ocrx_word' id='word_1_375' title='bbox 454 3252 537 3312; x_wconf 80' lang='lat' dir='ltr'><strong>luisse</strong></span> <span class='ocrx_word' id='word_1_376' title='bbox 550 3298 557 3329; x_wconf 91' lang='lat'><strong>,</strong></span> <span class='ocrx_word' id='word_1_377' title='bbox 571 3253 722 3337; x_wconf 88' lang='lat' dir='ltr'><strong>eductaque</strong></span> <span class='ocrx_word' id='word_1_378' title='bbox 733 3254 794 3313; x_wconf 84' lang='lat' dir='ltr'><strong>for·</strong></span> <span class='ocrx_word' id='word_1_379' title='bbox 886 3246 1003 3320; x_wconf 91' lang='lat' dir='ltr'><strong>Quando</strong></span> <span class='ocrx_word' id='word_1_380' title='bbox 1019 3250 1071 3308; x_wconf 85' lang='lat' dir='ltr'><strong>viri</strong></span> <span class='ocrx_word' id='word_1_381' title='bbox 1088 3249 1132 3310; x_wconf 93' lang='lat' dir='ltr'><strong>illi</strong></span> <span class='ocrx_word' id='word_1_382' title='bbox 1146 3264 1204 3311; x_wconf 88' lang='lat' dir='ltr'><strong>tum</strong></span> <span class='ocrx_word' id='word_1_383' title='bbox 1217 3249 1362 3330; x_wconf 86' lang='lat' dir='ltr'><strong>dignitate,</strong></span> <span class='ocrx_word' id='word_1_384' title='bbox 1377 3266 1436 3312; x_wconf 92' lang='lat' dir='ltr'><strong>tum</strong></span> <span class='ocrx_word' id='word_1_385' title='bbox 1452 3251 1593 3333; x_wconf 89' lang='lat' dir='ltr'><strong>opulentia</strong></span> 
     </span>
     <span class='ocr_line' id='line_1_31' title="bbox 72 3338 1594 3423; baseline 0.009 -32"><span class='ocrx_word' id='word_1_386' title='bbox 72 3346 123 3395; x_wconf 81' lang='lat' dir='ltr'><strong>tasse</strong></span> <span class='ocrx_word' id='word_1_387' title='bbox 132 3338 157 3398; x_wconf 87' lang='lat' dir='ltr'><strong>io</strong></span> <span class='ocrx_word' id='word_1_388' title='bbox 167 3340 301 3403; x_wconf 67' lang='lat' dir='ltr'><strong>oooviviis</strong></span> <span class='ocrx_word' id='word_1_389' title='bbox 314 3356 341 3402; x_wconf 65' lang='lat' dir='ltr'><strong>or</strong></span> <span class='ocrx_word' id='word_1_390' title='bbox 352 3344 414 3403; x_wconf 64' lang='lat' dir='ltr'><strong>aliis</strong></span> <span class='ocrx_word' id='word_1_391' title='bbox 427 3344 641 3406; x_wconf 59' lang='lat' dir='ltr'><strong>celebritatibus,</strong></span> <span class='ocrx_word' id='word_1_392' title='bbox 844 3352 1018 3418; x_wconf 73' lang='lat' dir='ltr'><strong>prestantes,</strong></span> <span class='ocrx_word' id='word_1_393' title='bbox 1031 3340 1126 3400; x_wconf 82' lang='lat' dir='ltr'><strong>sivein</strong></span> <span class='ocrx_word' id='word_1_394' title='bbox 1138 3363 1220 3401; x_wconf 89' lang='lat' dir='ltr'><strong>curru</strong></span> <span class='ocrx_word' id='word_1_395' title='bbox 1231 3364 1297 3402; x_wconf 87' lang='lat' dir='ltr'><strong>auro</strong></span> <span class='ocrx_word' id='word_1_396' title='bbox 1309 3342 1443 3423; x_wconf 80' lang='lat' dir='ltr'><strong>fulgente,</strong></span> <span class='ocrx_word' id='word_1_397' title='bbox 1455 3343 1513 3403; x_wconf 86' lang='lat' dir='ltr'><strong>sive</strong></span> <span class='ocrx_word' id='word_1_398' title='bbox 1522 3363 1594 3422; x_wconf 88' lang='lat' dir='ltr'><strong>equo</strong></span> 
     </span>
    </p>

    <p class='ocr_par' dir='ltr' id='par_1_7' title="bbox 73 3429 1593 4261">
     <span class='ocr_line' id='line_1_32' title="bbox 100 3429 1593 3521; baseline 0.006 -35"><span class='ocrx_word' id='word_1_399' title='bbox 100 3429 241 3493; x_wconf 69' lang='lat' dir='ltr'><strong>luteorum</strong></span> <span class='ocrx_word' id='word_1_400' title='bbox 255 3434 353 3496; x_wconf 74' lang='lat' dir='ltr'><strong>luxum</strong></span> <span class='ocrx_word' id='word_1_401' title='bbox 372 3450 400 3496; x_wconf 70' lang='lat' dir='ltr'><strong>er</strong></span> <span class='ocrx_word' id='word_1_402' title='bbox 416 3437 516 3498; x_wconf 57' lang='lat' dir='ltr'><strong>fastum</strong></span> <span class='ocrx_word' id='word_1_403' title='bbox 533 3437 688 3499; x_wconf 65' lang='lat' dir='ltr'><strong>declamans</strong></span> <span class='ocrx_word' id='word_1_404' title='bbox 701 3438 792 3521; x_wconf 60' lang='lat' dir='ltr'><strong>choy.</strong></span> <span class='ocrx_word' id='word_1_405' title='bbox 843 3430 932 3505; x_wconf 80' lang='lat' dir='ltr'><strong>recti,</strong></span> <span class='ocrx_word' id='word_1_406' title='bbox 949 3434 1027 3512; x_wconf 86' lang='lat' dir='ltr'><strong>cujus</strong></span> <span class='ocrx_word' id='word_1_407' title='bbox 1041 3433 1148 3492; x_wconf 83' lang='lat' dir='ltr'><strong>lrenum</strong></span> <span class='ocrx_word' id='word_1_408' title='bbox 1168 3455 1297 3503; x_wconf 79' lang='lat' dir='ltr'><strong>aureum,</strong></span> <span class='ocrx_word' id='word_1_409' title='bbox 1322 3456 1370 3516; x_wconf 91' lang='lat' dir='ltr'><strong>per</strong></span> <span class='ocrx_word' id='word_1_410' title='bbox 1384 3435 1478 3494; x_wconf 92' lang='lat' dir='ltr'><strong>urbem</strong></span> <span class='ocrx_word' id='word_1_411' title='bbox 1500 3436 1545 3495; x_wconf 80' lang='lat' dir='ltr'><strong>rel</strong></span> <span class='ocrx_word' id='word_1_412' title='bbox 1564 3436 1593 3495; x_wconf 92' lang='lat' dir='ltr'><strong>in</strong></span> 
     </span>
     <span class='ocr_line' id='line_1_33' title="bbox 75 3523 1589 3613; baseline 0.005 -33"><span class='ocrx_word' id='word_1_413' title='bbox 75 3534 198 3600; x_wconf 65' lang='lat' dir='ltr'><strong>mmm,</strong></span> <span class='ocrx_word' id='word_1_414' title='bbox 212 3527 295 3586; x_wconf 85' lang='lat' dir='ltr'><strong>relert</strong></span> <span class='ocrx_word' id='word_1_415' title='bbox 315 3528 417 3590; x_wconf 88' lang='lat' dir='ltr'><strong>alicubi</strong></span> <span class='ocrx_word' id='word_1_416' title='bbox 439 3529 579 3591; x_wconf 88' lang='lat' dir='ltr'><strong>historiam</strong></span> <span class='ocrx_word' id='word_1_417' title='bbox 595 3531 747 3613; x_wconf 77' lang='lat' dir='ltr'><strong>Aristippi,</strong></span> <span class='ocrx_word' id='word_1_418' title='bbox 761 3548 792 3595; x_wconf 78' lang='lat' dir='ltr'><strong>ur</strong></span> <span class='ocrx_word' id='word_1_419' title='bbox 843 3523 901 3583; x_wconf 81' lang='lat' dir='ltr'><strong>loro</strong></span> <span class='ocrx_word' id='word_1_420' title='bbox 914 3524 1084 3599; x_wconf 89' lang='lat' dir='ltr'><strong>incedebant,</strong></span> <span class='ocrx_word' id='word_1_421' title='bbox 1100 3526 1315 3607; x_wconf 63' lang='lat' dir='ltr'><strong>preibatoulpuE,</strong></span> <span class='ocrx_word' id='word_1_422' title='bbox 1331 3527 1498 3610; x_wconf 81' lang='lat' dir='ltr'><strong>sirepraeoo,</strong></span> <span class='ocrx_word' id='word_1_423' title='bbox 1511 3528 1589 3587; x_wconf 86' lang='lat' dir='ltr'><strong>cultu</strong></span> 
     </span>
     <span class='ocr_line' id='line_1_34' title="bbox 76 3607 1592 3699; baseline 0.003 -25"><span class='ocrx_word' id='word_1_424' title='bbox 76 3607 163 3675; x_wconf 73' lang='lat' dir='ltr'><strong>lobour</strong></span> <span class='ocrx_word' id='word_1_425' title='bbox 180 3617 255 3696; x_wconf 89' lang='lat' dir='ltr'><strong>apud</strong></span> <span class='ocrx_word' id='word_1_426' title='bbox 283 3619 433 3699; x_wconf 76' lang='lat' dir='ltr'><strong>Diogenem</strong></span> <span class='ocrx_word' id='word_1_427' title='bbox 459 3622 614 3697; x_wconf 61' lang='lat' dir='ltr'><strong>Laenium</strong></span> <span class='ocrx_word' id='word_1_428' title='bbox 638 3623 686 3683; x_wconf 72' lang='lat' dir='ltr'><strong>,od</strong></span> <span class='ocrx_word' id='word_1_429' title='bbox 708 3630 791 3688; x_wconf 69' lang='lat' dir='ltr'><strong>tacito</strong></span> <span class='ocrx_word' id='word_1_430' title='bbox 843 3615 989 3678; x_wconf 89' lang='lat' dir='ltr'><strong>instructus</strong></span> <span class='ocrx_word' id='word_1_431' title='bbox 1004 3617 1164 3699; x_wconf 86' lang='lat' dir='ltr'><strong>magnifico,</strong></span> <span class='ocrx_word' id='word_1_432' title='bbox 1178 3619 1226 3697; x_wconf 91' lang='lat' dir='ltr'><strong>qui</strong></span> <span class='ocrx_word' id='word_1_433' title='bbox 1239 3617 1388 3679; x_wconf 84' lang='lat' dir='ltr'><strong>adventum</strong></span> <span class='ocrx_word' id='word_1_434' title='bbox 1401 3620 1458 3678; x_wconf 91' lang='lat' dir='ltr'><strong>heri</strong></span> <span class='ocrx_word' id='word_1_435' title='bbox 1476 3620 1592 3679; x_wconf 89' lang='lat' dir='ltr'><strong>nuntia·</strong></span> 
     </span>
     <span class='ocr_line' id='line_1_35' title="bbox 76 3700 1588 3797; baseline 0.005 -31"><span class='ocrx_word' id='word_1_436' title='bbox 76 3700 136 3782; x_wconf 71' lang='lat' dir='ltr'><strong>ipsios</strong></span> <span class='ocrx_word' id='word_1_437' title='bbox 147 3711 448 3786; x_wconf 68' lang='lat' dir='ltr'><strong>nomine.eNaroarur‚o</strong></span> <span class='ocrx_word' id='word_1_438' title='bbox 460 3715 559 3795; x_wconf 74' lang='lat' dir='ltr'><strong>inquit,</strong></span> <span class='ocrx_word' id='word_1_439' title='bbox 567 3741 582 3773; x_wconf 75' lang='lat' dir='ltr'><strong>u</strong></span> <span class='ocrx_word' id='word_1_440' title='bbox 591 3718 745 3797; x_wconf 64' lang='lat' dir='ltr'><strong>quempiam</strong></span> <span class='ocrx_word' id='word_1_441' title='bbox 761 3719 788 3779; x_wconf 73' lang='lat' dir='ltr'><strong>jn</strong></span> <span class='ocrx_word' id='word_1_442' title='bbox 842 3721 892 3768; x_wconf 89' lang='lat' dir='ltr'><strong>ret.</strong></span> <span class='ocrx_word' id='word_1_443' title='bbox 906 3710 967 3790; x_wconf 67' lang='lat' dir='ltr'><strong>lpse</strong></span> <span class='ocrx_word' id='word_1_444' title='bbox 978 3732 1044 3771; x_wconf 85' lang='lat' dir='ltr'><strong>vero</strong></span> <span class='ocrx_word' id='word_1_445' title='bbox 1053 3711 1143 3771; x_wconf 83' lang='lat' dir='ltr'><strong>babeo</strong></span> <span class='ocrx_word' id='word_1_446' title='bbox 1155 3714 1315 3792; x_wconf 77' lang='lat' dir='ltr'><strong>praecinctos</strong></span> <span class='ocrx_word' id='word_1_447' title='bbox 1326 3728 1352 3771; x_wconf 91' lang='lat' dir='ltr'><strong>et</strong></span> <span class='ocrx_word' id='word_1_448' title='bbox 1364 3712 1458 3772; x_wconf 90' lang='lat' dir='ltr'><strong>multis</strong></span> <span class='ocrx_word' id='word_1_449' title='bbox 1470 3712 1588 3794; x_wconf 84' lang='lat' dir='ltr'><strong>stipatus</strong></span> 
     </span>
     <span class='ocr_line' id='line_1_36' title="bbox 76 3793 1587 3888; baseline 0.019 -34"><span class='ocrx_word' id='word_1_450' title='bbox 76 3793 600 3888; x_wconf 78' lang='lat' dir='ltr'><strong>lonnmsplendidamrenisselulgentem</strong></span> <span class='ocrx_word' id='word_1_451' title='bbox 608 3810 790 3871; x_wconf 88' lang='lat' dir='ltr'><strong>marmoribus</strong></span> <span class='ocrx_word' id='word_1_452' title='bbox 841 3798 995 3874; x_wconf 66' lang='lat' dir='ltr'><strong>¹5⁰¹⁰rlb⁰⁸s</strong></span> <span class='ocrx_word' id='word_1_453' title='bbox 1008 3802 1055 3881; x_wconf 68' lang='lat'>(1¹¹5</span> <span class='ocrx_word' id='word_1_454' title='bbox 1068 3803 1175 3883; x_wconf 64' lang='lat' dir='ltr'><strong>plebem</strong></span> <span class='ocrx_word' id='word_1_455' title='bbox 1185 3817 1316 3879; x_wconf 66' lang='lat' dir='ltr'><strong>³¹⁰⁰er</strong></span> <span class='ocrx_word' id='word_1_456' title='bbox 1325 3805 1441 3886; x_wconf 58' lang='lat' dir='ltr'><strong>superbe</strong></span> <span class='ocrx_word' id='word_1_457' title='bbox 1451 3804 1587 3886; x_wconf 63' lang='lat' dir='ltr'><strong>llffldleffb</strong></span> 
     </span>
     <span class='ocr_line' id='line_1_37' title="bbox 76 3890 1520 3982; baseline 0.008 -37"><span class='ocrx_word' id='word_1_458' title='bbox 76 3890 266 3955; x_wconf 77' lang='lat' dir='ltr'><strong>umlumnarnm</strong></span> <span class='ocrx_word' id='word_1_459' title='bbox 280 3897 505 3978; x_wconf 81' lang='lat' dir='ltr'><strong>pulchritudine3</strong></span> <span class='ocrx_word' id='word_1_460' title='bbox 524 3921 587 3960; x_wconf 92' lang='lat' dir='ltr'><strong>cum</strong></span> <span class='ocrx_word' id='word_1_461' title='bbox 605 3915 696 3960; x_wconf 88' lang='lat' dir='ltr'><strong>autem</strong></span> <span class='ocrx_word' id='word_1_462' title='bbox 712 3903 791 3982; x_wconf 70' lang='lat' dir='ltr'><strong>pavi.</strong></span> <span class='ocrx_word' id='word_1_463' title='bbox 841 3890 980 3952; x_wconf 90' lang='lat' dir='ltr'><strong>clientium</strong></span> <span class='ocrx_word' id='word_1_464' title='bbox 993 3907 1019 3954; x_wconf 89' lang='lat' dir='ltr'><strong>et</strong></span> <span class='ocrx_word' id='word_1_465' title='bbox 1031 3895 1214 3976; x_wconf 87' lang='lat' dir='ltr'><strong>parasitorum</strong></span> <span class='ocrx_word' id='word_1_466' title='bbox 1227 3896 1310 3956; x_wconf 87' lang='lat' dir='ltr'><strong>turba</strong></span> <span class='ocrx_word' id='word_1_467' title='bbox 1323 3896 1520 3976; x_wconf 86' lang='lat' dir='ltr'><strong>cingebantur:</strong></span> 
     </span>
     <span class='ocr_line' id='line_1_38' title="bbox 75 3987 1591 4073; baseline 0.007 -33"><span class='ocrx_word' id='word_1_468' title='bbox 75 3996 165 4046; x_wconf 75' lang='lat' dir='ltr'><strong>motam</strong></span> <span class='ocrx_word' id='word_1_469' title='bbox 177 3989 261 4049; x_wconf 86' lang='lat' dir='ltr'><strong>etiam</strong></span> <span class='ocrx_word' id='word_1_470' title='bbox 279 3988 394 4051; x_wconf 80' lang='lat' dir='ltr'><strong>vidisset</strong></span> <span class='ocrx_word' id='word_1_471' title='bbox 403 3993 539 4073; x_wconf 84' lang='lat' dir='ltr'><strong>tapetibus</strong></span> <span class='ocrx_word' id='word_1_472' title='bbox 551 4007 665 4053; x_wconf 74' lang='lat' dir='ltr'><strong>uratom</strong></span> <span class='ocrx_word' id='word_1_473' title='bbox 676 4038 685 4068; x_wconf 95' lang='lat'><strong>,</strong></span> <span class='ocrx_word' id='word_1_474' title='bbox 697 3994 724 4052; x_wconf 92' lang='lat' dir='ltr'><strong>in</strong></span> <span class='ocrx_word' id='word_1_475' title='bbox 744 3995 789 4053; x_wconf 79' lang='lat' dir='ltr'><strong>sa·</strong></span> <span class='ocrx_word' id='word_1_476' title='bbox 882 3987 923 4044; x_wconf 92' lang='lat' dir='ltr'><strong>De</strong></span> <span class='ocrx_word' id='word_1_477' title='bbox 933 3987 1079 4047; x_wconf 88' lang='lat' dir='ltr'><strong>mulierum</strong></span> <span class='ocrx_word' id='word_1_478' title='bbox 1093 4002 1202 4063; x_wconf 88' lang='lat' dir='ltr'><strong>ornatu,</strong></span> <span class='ocrx_word' id='word_1_479' title='bbox 1219 3990 1289 4048; x_wconf 79' lang='lat' dir='ltr'><strong>fastu</strong></span> <span class='ocrx_word' id='word_1_480' title='bbox 1303 4003 1329 4049; x_wconf 90' lang='lat' dir='ltr'><strong>et</strong></span> <span class='ocrx_word' id='word_1_481' title='bbox 1345 3989 1414 4049; x_wconf 87' lang='lat' dir='ltr'><strong>luxu</strong></span> <span class='ocrx_word' id='word_1_482' title='bbox 1428 3990 1591 4069; x_wconf 76' lang='lat' dir='ltr'><strong>frequentis·</strong></span> 
     </span>
     <span class='ocr_line' id='line_1_39' title="bbox 74 4072 1590 4167; baseline 0.01 -36"><span class='ocrx_word' id='word_1_483' title='bbox 74 4072 226 4140; x_wconf 85' lang='lat' dir='ltr'><strong>u&#39;endomini</strong></span> <span class='ocrx_word' id='word_1_484' title='bbox 243 4080 344 4141; x_wconf 78' lang='lat' dir='ltr'><strong>aedium</strong></span> <span class='ocrx_word' id='word_1_485' title='bbox 361 4083 494 4164; x_wconf 92' lang='lat' dir='ltr'><strong>conspuit.</strong></span> <span class='ocrx_word' id='word_1_486' title='bbox 514 4085 717 4167; x_wconf 74' lang='lat' dir='ltr'><strong>improperante</strong></span> <span class='ocrx_word' id='word_1_487' title='bbox 737 4108 789 4145; x_wconf 70' lang='lat' dir='ltr'><strong>ao.</strong></span> <span class='ocrx_word' id='word_1_488' title='bbox 840 4078 907 4139; x_wconf 86' lang='lat' dir='ltr'><strong>sime</strong></span> <span class='ocrx_word' id='word_1_489' title='bbox 924 4081 982 4161; x_wconf 89' lang='lat' dir='ltr'><strong>agit</strong></span> <span class='ocrx_word' id='word_1_490' title='bbox 1001 4083 1221 4166; x_wconf 80' lang='lat' dir='ltr'><strong>chrysostomus</strong></span> <span class='ocrx_word' id='word_1_491' title='bbox 1237 4087 1357 4146; x_wconf 88' lang='lat' dir='ltr'><strong>Ornatus</strong></span> <span class='ocrx_word' id='word_1_492' title='bbox 1370 4086 1531 4162; x_wconf 87' lang='lat' dir='ltr'><strong>mulierum,</strong></span> <span class='ocrx_word' id='word_1_493' title='bbox 1546 4088 1590 4146; x_wconf 91' lang='lat' dir='ltr'><strong>in-</strong></span> 
     </span>
     <span class='ocr_line' id='line_1_40' title="bbox 73 4168 1589 4261; baseline 0.011 -35"><span class='ocrx_word' id='word_1_494' title='bbox 73 4168 175 4247; x_wconf 81' lang='lat' dir='ltr'><strong>lenillo,</strong></span> <span class='ocrx_word' id='word_1_495' title='bbox 189 4174 361 4255; x_wconf 65' lang='lat' dir='ltr'><strong>respondisse</strong></span> <span class='ocrx_word' id='word_1_496' title='bbox 372 4175 454 4256; x_wconf 72' lang='lat' dir='ltr'><strong>:quia</strong></span> <span class='ocrx_word' id='word_1_497' title='bbox 468 4176 495 4235; x_wconf 89' lang='lat' dir='ltr'><strong>io</strong></span> <span class='ocrx_word' id='word_1_498' title='bbox 520 4177 599 4238; x_wconf 70' lang='lat' dir='ltr'><strong>oolla</strong></span> <span class='ocrx_word' id='word_1_499' title='bbox 616 4176 671 4238; x_wconf 70' lang='lat' dir='ltr'><strong>alio</strong></span> <span class='ocrx_word' id='word_1_500' title='bbox 689 4178 787 4240; x_wconf 75' lang='lat' dir='ltr'><strong>domos</strong></span> <span class='ocrx_word' id='word_1_501' title='bbox 840 4174 899 4253; x_wconf 89' lang='lat' dir='ltr'><strong>quit</strong></span> <span class='ocrx_word' id='word_1_502' title='bbox 912 4176 970 4251; x_wconf 90' lang='lat' dir='ltr'><strong>ille,</strong></span> <span class='ocrx_word' id='word_1_503' title='bbox 986 4192 1050 4238; x_wconf 91' lang='lat' dir='ltr'><strong>snnt</strong></span> <span class='ocrx_word' id='word_1_504' title='bbox 1064 4180 1128 4239; x_wconf 87' lang='lat' dir='ltr'><strong>torti</strong></span> <span class='ocrx_word' id='word_1_505' title='bbox 1142 4179 1242 4252; x_wconf 89' lang='lat' dir='ltr'><strong>crines,</strong></span> <span class='ocrx_word' id='word_1_506' title='bbox 1260 4179 1589 4261; x_wconf 79' lang='lat' dir='ltr'><strong>inaurrs&#39;qrnameutaque</strong></span> 
     </span>
    </p>

    <p class='ocr_par' dir='ltr' id='par_1_8' title="bbox 10 4264 1586 4445">
     <span class='ocr_line' id='line_1_41' title="bbox 10 4264 1586 4354; baseline 0.006 -31"><span class='ocrx_word' id='word_1_507' title='bbox 10 4286 15 4293; x_wconf 92' lang='lat'><em>·</em></span> <span class='ocrx_word' id='word_1_508' title='bbox 71 4264 163 4334; x_wconf 60' lang='lat' dir='ltr'><strong>uricid</strong></span> <span class='ocrx_word' id='word_1_509' title='bbox 180 4267 269 4333; x_wconf 79' lang='lat' dir='ltr'><strong>lacere</strong></span> <span class='ocrx_word' id='word_1_510' title='bbox 282 4268 380 4330; x_wconf 84' lang='lat' dir='ltr'><strong>licebat</strong></span> <span class='ocrx_word' id='word_1_511' title='bbox 390 4284 538 4347; x_wconf 90' lang='lat' dir='ltr'><strong>,coactum</strong></span> <span class='ocrx_word' id='word_1_512' title='bbox 557 4271 684 4332; x_wconf 76' lang='lat' dir='ltr'><strong>sciuisse</strong></span> <span class='ocrx_word' id='word_1_513' title='bbox 695 4273 786 4333; x_wconf 84' lang='lat' dir='ltr'><strong>vultui</strong></span> <span class='ocrx_word' id='word_1_514' title='bbox 839 4270 893 4329; x_wconf 91' lang='lat' dir='ltr'><strong>alia</strong></span> <span class='ocrx_word' id='word_1_515' title='bbox 912 4271 940 4331; x_wconf 89' lang='lat' dir='ltr'><strong>in</strong></span> <span class='ocrx_word' id='word_1_516' title='bbox 953 4273 1029 4353; x_wconf 89' lang='lat' dir='ltr'><strong>genis</strong></span> <span class='ocrx_word' id='word_1_517' title='bbox 1041 4287 1066 4332; x_wconf 92' lang='lat' dir='ltr'><strong>et</strong></span> <span class='ocrx_word' id='word_1_518' title='bbox 1077 4273 1238 4332; x_wconf 74' lang='lat' dir='ltr'><strong>collotluci</strong></span> <span class='ocrx_word' id='word_1_519' title='bbox 1250 4288 1275 4332; x_wconf 91' lang='lat' dir='ltr'><strong>ct</strong></span> <span class='ocrx_word' id='word_1_520' title='bbox 1289 4273 1424 4354; x_wconf 86' lang='lat' dir='ltr'><strong>pigmenta</strong></span> <span class='ocrx_word' id='word_1_521' title='bbox 1437 4275 1586 4345; x_wconf 89' lang='lat' dir='ltr'><strong>oculorum,</strong></span> 
     </span>
     <span class='ocr_line' id='line_1_42' title="bbox 71 4348 1585 4445; baseline 0.007 -30"><span class='ocrx_word' id='word_1_522' title='bbox 71 4348 131 4430; x_wconf 70' lang='lat' dir='ltr'><strong>ipsios</strong></span> <span class='ocrx_word' id='word_1_523' title='bbox 141 4357 209 4419; x_wconf 90' lang='lat' dir='ltr'><strong>banc</strong></span> <span class='ocrx_word' id='word_1_524' title='bbox 221 4362 414 4424; x_wconf 83' lang='lat' dir='ltr'><strong>contumeliam</strong></span> <span class='ocrx_word' id='word_1_525' title='bbox 428 4363 537 4423; x_wconf 81' lang='lat' dir='ltr'><strong>inferre.</strong></span> <span class='ocrx_word' id='word_1_526' title='bbox 553 4387 569 4421; x_wconf 81' lang='lat' dir='ltr'><strong>r</strong></span> <span class='ocrx_word' id='word_1_527' title='bbox 838 4361 894 4421; x_wconf 86' lang='lat' dir='ltr'><strong>luci</strong></span> <span class='ocrx_word' id='word_1_528' title='bbox 906 4365 970 4423; x_wconf 87' lang='lat' dir='ltr'><strong>item</strong></span> <span class='ocrx_word' id='word_1_529' title='bbox 982 4378 1007 4423; x_wconf 88' lang='lat' dir='ltr'><strong>et</strong></span> <span class='ocrx_word' id='word_1_530' title='bbox 1019 4364 1156 4445; x_wconf 87' lang='lat' dir='ltr'><strong>pigmenta</strong></span> <span class='ocrx_word' id='word_1_531' title='bbox 1169 4384 1297 4442; x_wconf 84' lang='lat' dir='ltr'><strong>genarum</strong></span> <span class='ocrx_word' id='word_1_532' title='bbox 1304 4396 1319 4436; x_wconf 93' lang='lat'><strong>,·</strong></span> <span class='ocrx_word' id='word_1_533' title='bbox 1326 4377 1414 4423; x_wconf 86' lang='lat' dir='ltr'><strong>vestes</strong></span> <span class='ocrx_word' id='word_1_534' title='bbox 1427 4386 1493 4424; x_wconf 87' lang='lat' dir='ltr'><strong>auro</strong></span> <span class='ocrx_word' id='word_1_535' title='bbox 1504 4367 1585 4425; x_wconf 89' lang='lat' dir='ltr'><strong>iuter·</strong></span> 
     </span>
    </p>

    <p class='ocr_par' dir='ltr' id='par_1_9' title="bbox 95 4448 1584 4539">
     <span class='ocr_line' id='line_1_43' title="bbox 95 4448 1584 4539; baseline 0.005 -29"><span class='ocrx_word' id='word_1_536' title='bbox 95 4448 133 4509; x_wconf 77' lang='lat' dir='ltr'><strong>ll‘u</strong></span> <span class='ocrx_word' id='word_1_537' title='bbox 161 4472 226 4514; x_wconf 83' lang='lat' dir='ltr'><strong>rrro</strong></span> <span class='ocrx_word' id='word_1_538' title='bbox 250 4455 403 4536; x_wconf 83' lang='lat' dir='ltr'><strong>magnificis</strong></span> <span class='ocrx_word' id='word_1_539' title='bbox 427 4457 619 4539; x_wconf 90' lang='lat' dir='ltr'><strong>opulentorum</strong></span> <span class='ocrx_word' id='word_1_540' title='bbox 644 4458 785 4518; x_wconf 88' lang='lat' dir='ltr'><strong>hominurn</strong></span> <span class='ocrx_word' id='word_1_541' title='bbox 838 4466 927 4530; x_wconf 83' lang='lat' dir='ltr'><strong>textae,</strong></span> <span class='ocrx_word' id='word_1_542' title='bbox 947 4456 1091 4537; x_wconf 88' lang='lat' dir='ltr'><strong>palliolum</strong></span> <span class='ocrx_word' id='word_1_543' title='bbox 1112 4456 1196 4537; x_wconf 90' lang='lat' dir='ltr'><strong>capiti</strong></span> <span class='ocrx_word' id='word_1_544' title='bbox 1220 4455 1395 4535; x_wconf 81' lang='lat' dir='ltr'><strong>impositum3</strong></span> <span class='ocrx_word' id='word_1_545' title='bbox 1421 4477 1516 4515; x_wconf 87' lang='lat' dir='ltr'><strong>manus</strong></span> <span class='ocrx_word' id='word_1_546' title='bbox 1534 4478 1584 4518; x_wconf 82' lang='lat' dir='ltr'><strong>ex·</strong></span> 
     </span>
    </p>

    <p class='ocr_par' dir='ltr' id='par_1_10' title="bbox 10 4532 1584 4722">
     <span class='ocr_line' id='line_1_44' title="bbox 70 4532 1584 4628; baseline 0.008 -29"><span class='ocrx_word' id='word_1_547' title='bbox 70 4532 148 4599; x_wconf 58' lang='lat' dir='ltr'><strong>&amp;libus</strong></span> <span class='ocrx_word' id='word_1_548' title='bbox 158 4541 293 4623; x_wconf 66' lang='lat' dir='ltr'><strong>adjuncta</strong></span> <span class='ocrx_word' id='word_1_549' title='bbox 305 4544 450 4606; x_wconf 79' lang='lat' dir='ltr'><strong>erantlatse</strong></span> <span class='ocrx_word' id='word_1_550' title='bbox 460 4546 592 4627; x_wconf 89' lang='lat' dir='ltr'><strong>porticus,</strong></span> <span class='ocrx_word' id='word_1_551' title='bbox 609 4547 785 4625; x_wconf 67' lang='lat' dir='ltr'><strong>aquaeductus</strong></span> <span class='ocrx_word' id='word_1_552' title='bbox 837 4547 968 4608; x_wconf 84' lang='lat' dir='ltr'><strong>trinsecus</strong></span> <span class='ocrx_word' id='word_1_553' title='bbox 983 4547 1135 4622; x_wconf 75' lang='lat' dir='ltr'><strong>deauratus,</strong></span> <span class='ocrx_word' id='word_1_554' title='bbox 1149 4547 1256 4607; x_wconf 86' lang='lat' dir='ltr'><strong>calceus</strong></span> <span class='ocrx_word' id='word_1_555' title='bbox 1269 4548 1351 4628; x_wconf 83' lang='lat' dir='ltr'><strong>nigro</strong></span> <span class='ocrx_word' id='word_1_556' title='bbox 1368 4549 1457 4608; x_wconf 89' lang='lat' dir='ltr'><strong>colore</strong></span> <span class='ocrx_word' id='word_1_557' title='bbox 1468 4550 1584 4611; x_wconf 88' lang='lat' dir='ltr'><strong>multum</strong></span> 
     </span>
     <span class='ocr_line' id='line_1_45' title="bbox 10 4628 1582 4722; baseline 0.008 -31"><span class='ocrx_word' id='word_1_558' title='bbox 10 4638 23 4701; x_wconf 72' lang='grc' dir='ltr'>Ι</span> <span class='ocrx_word' id='word_1_559' title='bbox 70 4628 165 4692; x_wconf 65' lang='lat' dir='ltr'><strong>olentes</strong></span> <span class='ocrx_word' id='word_1_560' title='bbox 176 4677 184 4705; x_wconf 91' lang='lat'><strong>,</strong></span> <span class='ocrx_word' id='word_1_561' title='bbox 197 4636 352 4695; x_wconf 88' lang='lat' dir='ltr'><strong>suburbana</strong></span> <span class='ocrx_word' id='word_1_562' title='bbox 363 4637 459 4696; x_wconf 86' lang='lat' dir='ltr'><strong>balnea</strong></span> <span class='ocrx_word' id='word_1_563' title='bbox 470 4651 496 4697; x_wconf 89' lang='lat' dir='ltr'><strong>et</strong></span> <span class='ocrx_word' id='word_1_564' title='bbox 509 4638 676 4700; x_wconf 87' lang='lat' dir='ltr'><strong>ambulacra.</strong></span> <span class='ocrx_word' id='word_1_565' title='bbox 836 4640 954 4722; x_wconf 78' lang='lat' dir='ltr'><strong>fulgens,</strong></span> <span class='ocrx_word' id='word_1_566' title='bbox 969 4641 997 4700; x_wconf 89' lang='lat' dir='ltr'><strong>in</strong></span> <span class='ocrx_word' id='word_1_567' title='bbox 1012 4662 1123 4700; x_wconf 87' lang='lat' dir='ltr'><strong>acumen</strong></span> <span class='ocrx_word' id='word_1_568' title='bbox 1138 4638 1264 4700; x_wconf 87' lang='lat' dir='ltr'><strong>desinens</strong></span> <span class='ocrx_word' id='word_1_569' title='bbox 1277 4653 1304 4699; x_wconf 94' lang='lat' dir='ltr'><strong>et</strong></span> <span class='ocrx_word' id='word_1_570' title='bbox 1316 4640 1483 4721; x_wconf 90' lang='lat' dir='ltr'><strong>picturarum</strong></span> <span class='ocrx_word' id='word_1_571' title='bbox 1498 4641 1582 4703; x_wconf 85' lang='lat' dir='ltr'><strong>deco-</strong></span> 
     </span>
    </p>

    <p class='ocr_par' dir='ltr' id='par_1_11' title="bbox 96 4719 1585 4806">
     <span class='ocr_line' id='line_1_46' title="bbox 96 4719 1585 4806; baseline 0.007 -22"><span class='ocrx_word' id='word_1_572' title='bbox 96 4719 258 4806; x_wconf 75' lang='lat' dir='ltr'><strong>bngeptora</strong></span> <span class='ocrx_word' id='word_1_573' title='bbox 269 4728 351 4787; x_wconf 81' lang='lat' dir='ltr'><strong>refert</strong></span> <span class='ocrx_word' id='word_1_574' title='bbox 361 4728 395 4787; x_wconf 90' lang='lat' dir='ltr'><strong>de</strong></span> <span class='ocrx_word' id='word_1_575' title='bbox 406 4729 594 4790; x_wconf 84' lang='lat' dir='ltr'><strong>conviviorum</strong></span> <span class='ocrx_word' id='word_1_576' title='bbox 608 4745 635 4790; x_wconf 92' lang='lat' dir='ltr'><strong>et</strong></span> <span class='ocrx_word' id='word_1_577' title='bbox 648 4735 784 4792; x_wconf 84' lang='lat' dir='ltr'><strong>coenarum</strong></span> <span class='ocrx_word' id='word_1_578' title='bbox 837 4755 893 4793; x_wconf 87' lang='lat' dir='ltr'><strong>rem</strong></span> <span class='ocrx_word' id='word_1_579' title='bbox 905 4733 1025 4792; x_wconf 87' lang='lat' dir='ltr'><strong>imitans.</strong></span> <span class='ocrx_word' id='word_1_580' title='bbox 1041 4733 1116 4792; x_wconf 78' lang='lat' dir='ltr'><strong>stibi</strong></span> <span class='ocrx_word' id='word_1_581' title='bbox 1128 4753 1192 4793; x_wconf 86' lang='lat' dir='ltr'><strong>vero</strong></span> <span class='ocrx_word' id='word_1_582' title='bbox 1202 4731 1270 4792; x_wconf 90' lang='lat' dir='ltr'><strong>dicit</strong></span> <span class='ocrx_word' id='word_1_583' title='bbox 1285 4756 1292 4789; x_wconf 90' lang='lat'>:</span> <span class='ocrx_word' id='word_1_584' title='bbox 1305 4732 1434 4793; x_wconf 86' lang='lat' dir='ltr'><strong>Mulieres</strong></span> <span class='ocrx_word' id='word_1_585' title='bbox 1444 4734 1533 4793; x_wconf 91' lang='lat' dir='ltr'><strong>mulos</strong></span> <span class='ocrx_word' id='word_1_586' title='bbox 1542 4736 1585 4794; x_wconf 89' lang='lat' dir='ltr'><strong>al-</strong></span> 
     </span>
    </p>

    <p class='ocr_par' dir='ltr' id='par_1_12' title="bbox 72 4815 1583 4910">
     <span class='ocr_line' id='line_1_47' title="bbox 72 4815 1583 4910; baseline 0.006 -33"><span class='ocrx_word' id='word_1_587' title='bbox 72 4815 184 4910; x_wconf 55' lang='lat' dir='ltr'><strong>thus.</strong></span> <span class='ocrx_word' id='word_1_588' title='bbox 204 4821 305 4880; x_wconf 77' lang='lat' dir='ltr'><strong>ldensae</strong></span> <span class='ocrx_word' id='word_1_589' title='bbox 327 4822 442 4882; x_wconf 90' lang='lat' dir='ltr'><strong>lormam</strong></span> <span class='ocrx_word' id='word_1_590' title='bbox 458 4836 485 4882; x_wconf 87' lang='lat' dir='ltr'><strong>et</strong></span> <span class='ocrx_word' id='word_1_591' title='bbox 502 4838 664 4905; x_wconf 89' lang='lat' dir='ltr'><strong>apparatum</strong></span> <span class='ocrx_word' id='word_1_592' title='bbox 684 4826 782 4906; x_wconf 89' lang='lat' dir='ltr'><strong>depin·</strong></span> <span class='ocrx_word' id='word_1_593' title='bbox 836 4826 885 4886; x_wconf 90' lang='lat' dir='ltr'><strong>bos</strong></span> <span class='ocrx_word' id='word_1_594' title='bbox 897 4826 1065 4906; x_wconf 87' lang='lat' dir='ltr'><strong>quaerebant,</strong></span> <span class='ocrx_word' id='word_1_595' title='bbox 1078 4840 1104 4886; x_wconf 89' lang='lat' dir='ltr'><strong>et</strong></span> <span class='ocrx_word' id='word_1_596' title='bbox 1118 4826 1192 4885; x_wconf 79' lang='lat' dir='ltr'><strong>frena</strong></span> <span class='ocrx_word' id='word_1_597' title='bbox 1206 4823 1346 4903; x_wconf 88' lang='lat' dir='ltr'><strong>deaurata,</strong></span> <span class='ocrx_word' id='word_1_598' title='bbox 1361 4826 1523 4906; x_wconf 89' lang='lat' dir='ltr'><strong>obsequium</strong></span> <span class='ocrx_word' id='word_1_599' title='bbox 1536 4847 1583 4886; x_wconf 89' lang='lat' dir='ltr'><strong>eu-</strong></span> 
     </span>
    </p>

    <p class='ocr_par' dir='ltr' id='par_1_13' title="bbox 10 4911 1582 5129">
     <span class='ocr_line' id='line_1_48' title="bbox 72 4911 1582 5000; baseline 0.005 -31"><span class='ocrx_word' id='word_1_600' title='bbox 72 4915 99 4976; x_wconf 77' lang='lat' dir='ltr'><strong>l¹l</strong></span> <span class='ocrx_word' id='word_1_601' title='bbox 109 4929 116 4964; x_wconf 79' lang='lat' dir='ltr'><strong>t</strong></span> <span class='ocrx_word' id='word_1_602' title='bbox 126 4924 177 4970; x_wconf 86' lang='lat' dir='ltr'><strong>crat</strong></span> <span class='ocrx_word' id='word_1_603' title='bbox 194 4911 239 4972; x_wconf 90' lang='lat' dir='ltr'><strong>illa</strong></span> <span class='ocrx_word' id='word_1_604' title='bbox 259 4914 305 4973; x_wconf 81' lang='lat' dir='ltr'><strong>rel</strong></span> <span class='ocrx_word' id='word_1_605' title='bbox 326 4935 393 4973; x_wconf 87' lang='lat' dir='ltr'><strong>auru</strong></span> <span class='ocrx_word' id='word_1_606' title='bbox 411 4913 536 4995; x_wconf 80' lang='lat' dir='ltr'><strong>fulgens,</strong></span> <span class='ocrx_word' id='word_1_607' title='bbox 550 4917 594 4975; x_wconf 79' lang='lat' dir='ltr'><strong>vel</strong></span> <span class='ocrx_word' id='word_1_608' title='bbox 607 4931 717 4998; x_wconf 81' lang='lat' dir='ltr'><strong>argento</strong></span> <span class='ocrx_word' id='word_1_609' title='bbox 731 4919 783 4978; x_wconf 90' lang='lat' dir='ltr'><strong>cir·</strong></span> <span class='ocrx_word' id='word_1_610' title='bbox 836 4919 1007 4994; x_wconf 78' lang='lat' dir='ltr'><strong>sueborum,</strong></span> <span class='ocrx_word' id='word_1_611' title='bbox 1023 4939 1153 5000; x_wconf 91' lang='lat' dir='ltr'><strong>magnum</strong></span> <span class='ocrx_word' id='word_1_612' title='bbox 1170 4917 1453 4998; x_wconf 86' lang='lat' dir='ltr'><strong>ancillarum&#39;gregem</strong></span> <span class='ocrx_word' id='word_1_613' title='bbox 1467 4933 1493 4978; x_wconf 90' lang='lat' dir='ltr'><strong>ct</strong></span> <span class='ocrx_word' id='word_1_614' title='bbox 1506 4940 1582 4999; x_wconf 88' lang='lat' dir='ltr'><strong>purn-</strong></span> 
     </span>
     <span class='ocr_line' id='line_1_49' title="bbox 10 4998 1069 5129; baseline 0.01 -68"><span class='ocrx_word' id='word_1_615' title='bbox 10 4998 191 5129; x_wconf 47' lang='lat' dir='ltr'><strong>htpttuloeta,</strong></span> <span class='ocrx_word' id='word_1_616' title='bbox 213 5006 441 5085; x_wconf 87' lang='lat' dir='ltr'><strong>semicircularis,</strong></span> <span class='ocrx_word' id='word_1_617' title='bbox 464 5022 494 5068; x_wconf 91' lang='lat' dir='ltr'><strong>ut</strong></span> <span class='ocrx_word' id='word_1_618' title='bbox 516 5008 565 5068; x_wconf 83' lang='lat' dir='ltr'><strong>illa</strong></span> <span class='ocrx_word' id='word_1_619' title='bbox 586 5030 669 5088; x_wconf 89' lang='lat' dir='ltr'><strong>quarn</strong></span> <span class='ocrx_word' id='word_1_620' title='bbox 688 5018 784 5089; x_wconf 82' lang='lat' dir='ltr'><strong>sigma</strong></span> <span class='ocrx_word' id='word_1_621' title='bbox 836 5034 899 5094; x_wconf 82' lang='lat' dir='ltr'><strong>pant</strong></span> <span class='ocrx_word' id='word_1_622' title='bbox 912 5011 1069 5072; x_wconf 87' lang='lat' dir='ltr'><strong>ridiculam.</strong></span> 
     </span>
    </p>

    <p class='ocr_par' dir='ltr' id='par_1_14' title="bbox 10 5098 1581 5463">
     <span class='ocr_line' id='line_1_50' title="bbox 10 5098 1581 5183; baseline 0.004 -28"><span class='ocrx_word' id='word_1_623' title='bbox 10 5118 14 5129; x_wconf 95' lang='lat'><em>·</em></span> <span class='ocrx_word' id='word_1_624' title='bbox 74 5098 293 5176; x_wconf 60' lang='lat' dir='ltr'><strong>scoturninus,</strong></span> <span class='ocrx_word' id='word_1_625' title='bbox 316 5099 354 5159; x_wconf 90' lang='lat' dir='ltr'><strong>ad</strong></span> <span class='ocrx_word' id='word_1_626' title='bbox 376 5101 492 5160; x_wconf 78' lang='lat' dir='ltr'><strong>formam</strong></span> <span class='ocrx_word' id='word_1_627' title='bbox 512 5122 610 5183; x_wconf 86' lang='lat' dir='ltr'><strong>nempe</strong></span> <span class='ocrx_word' id='word_1_628' title='bbox 631 5102 715 5164; x_wconf 78' lang='lat' dir='ltr'><strong>litera</strong></span> <span class='ocrx_word' id='word_1_629' title='bbox 742 5105 783 5179; x_wconf 88' lang='lat' dir='ltr'><strong>C,</strong></span> <span class='ocrx_word' id='word_1_630' title='bbox 875 5103 1063 5164; x_wconf 67' lang='lat' dir='ltr'><strong>adolescentes</strong></span> <span class='ocrx_word' id='word_1_631' title='bbox 1083 5122 1192 5182; x_wconf 89' lang='lat' dir='ltr'><strong>quoqne</strong></span> <span class='ocrx_word' id='word_1_632' title='bbox 1205 5101 1326 5183; x_wconf 87' lang='lat' dir='ltr'><strong>exagitat</strong></span> <span class='ocrx_word' id='word_1_633' title='bbox 1341 5100 1457 5183; x_wconf 88' lang='lat' dir='ltr'><strong>superbe</strong></span> <span class='ocrx_word' id='word_1_634' title='bbox 1472 5113 1581 5180; x_wconf 81' lang='lat' dir='ltr'><strong>agentes</strong></span> 
     </span>
     <span class='ocr_line' id='line_1_51' title="bbox 75 5190 1579 5274; baseline -0.001 -19"><span class='ocrx_word' id='word_1_635' title='bbox 75 5195 284 5273; x_wconf 60' lang='lat' dir='ltr'><strong>beanerges</strong></span> <span class='ocrx_word' id='word_1_636' title='bbox 297 5190 478 5273; x_wconf 79' lang='lat' dir='ltr'><strong>exprimebat,</strong></span> <span class='ocrx_word' id='word_1_637' title='bbox 485 5194 704 5255; x_wconf 83' lang='lat' dir='ltr'><strong>mneinnata.Ea</strong></span> <span class='ocrx_word' id='word_1_638' title='bbox 717 5216 783 5256; x_wconf 84' lang='lat' dir='ltr'><strong>vcro</strong></span> <span class='ocrx_word' id='word_1_639' title='bbox 834 5195 862 5256; x_wconf 89' lang='lat' dir='ltr'><strong>in</strong></span> <span class='ocrx_word' id='word_1_640' title='bbox 885 5194 1034 5270; x_wconf 74' lang='lat' dir='ltr'><strong>loro,&#39;cum</strong></span> <span class='ocrx_word' id='word_1_641' title='bbox 1054 5194 1226 5268; x_wconf 90' lang='lat' dir='ltr'><strong>bominibus,</strong></span> <span class='ocrx_word' id='word_1_642' title='bbox 1244 5194 1291 5274; x_wconf 90' lang='lat' dir='ltr'><strong>qui</strong></span> <span class='ocrx_word' id='word_1_643' title='bbox 1305 5195 1452 5254; x_wconf 88' lang='lat' dir='ltr'><strong>sumtuosis</strong></span> <span class='ocrx_word' id='word_1_644' title='bbox 1475 5208 1502 5254; x_wconf 91' lang='lat' dir='ltr'><strong>et</strong></span> <span class='ocrx_word' id='word_1_645' title='bbox 1515 5214 1579 5254; x_wconf 86' lang='lat' dir='ltr'><strong>ma·</strong></span> 
     </span>
     <span class='ocr_line' id='line_1_52' title="bbox 76 5280 1578 5371; baseline 0.005 -30"><span class='ocrx_word' id='word_1_646' title='bbox 76 5282 135 5335; x_wconf 63' lang='lat'><strong>&#39;¹⁰¹2</strong></span> <span class='ocrx_word' id='word_1_647' title='bbox 145 5282 212 5342; x_wconf 84' lang='lat' dir='ltr'><strong>molis</strong></span> <span class='ocrx_word' id='word_1_648' title='bbox 229 5299 304 5359; x_wconf 86' lang='lat' dir='ltr'><strong>erat,</strong></span> <span class='ocrx_word' id='word_1_649' title='bbox 316 5296 349 5344; x_wconf 93' lang='lat' dir='ltr'><strong>nt</strong></span> <span class='ocrx_word' id='word_1_650' title='bbox 363 5284 414 5348; x_wconf 81' lang='lat' dir='ltr'><strong>nix</strong></span> <span class='ocrx_word' id='word_1_651' title='bbox 428 5284 487 5347; x_wconf 93' lang='lat' dir='ltr'><strong>dno</strong></span> <span class='ocrx_word' id='word_1_652' title='bbox 496 5286 678 5359; x_wconf 79' lang='lat' dir='ltr'><strong>adolescentes</strong></span> <span class='ocrx_word' id='word_1_653' title='bbox 693 5288 781 5370; x_wconf 84' lang='lat' dir='ltr'><strong>ipsam</strong></span> <span class='ocrx_word' id='word_1_654' title='bbox 835 5289 942 5370; x_wconf 82' lang='lat' dir='ltr'><strong>gnibcis</strong></span> <span class='ocrx_word' id='word_1_655' title='bbox 958 5280 1080 5351; x_wconf 83' lang='lat' dir='ltr'><strong>vestibus</strong></span> <span class='ocrx_word' id='word_1_656' title='bbox 1096 5288 1183 5371; x_wconf 89' lang='lat' dir='ltr'><strong>operti</strong></span> <span class='ocrx_word' id='word_1_657' title='bbox 1196 5300 1283 5349; x_wconf 89' lang='lat' dir='ltr'><strong>erant.</strong></span> <span class='ocrx_word' id='word_1_658' title='bbox 1300 5286 1387 5347; x_wconf 89' lang='lat' dir='ltr'><strong>lidem</strong></span> <span class='ocrx_word' id='word_1_659' title='bbox 1398 5308 1463 5348; x_wconf 83' lang='lat' dir='ltr'><strong>rem</strong></span> <span class='ocrx_word' id='word_1_660' title='bbox 1478 5287 1578 5349; x_wconf 86' lang='lat' dir='ltr'><strong>adole-</strong></span> 
     </span>
     <span class='ocr_line' id='line_1_53' title="bbox 78 5377 1576 5463; baseline 0.003 -25"><span class='ocrx_word' id='word_1_661' title='bbox 78 5384 286 5456; x_wconf 62' lang='lat' dir='ltr'><strong>usurpassent:</strong></span> <span class='ocrx_word' id='word_1_662' title='bbox 300 5377 379 5442; x_wconf 90' lang='lat' dir='ltr'><strong>molli</strong></span> <span class='ocrx_word' id='word_1_663' title='bbox 387 5380 507 5462; x_wconf 87' lang='lat' dir='ltr'><strong>stragula</strong></span> <span class='ocrx_word' id='word_1_664' title='bbox 516 5380 781 5463; x_wconf 84' lang='lat' dir='ltr'><strong>undiquesterneba·</strong></span> <span class='ocrx_word' id='word_1_665' title='bbox 834 5397 935 5446; x_wconf 89' lang='lat' dir='ltr'><strong>scentes</strong></span> <span class='ocrx_word' id='word_1_666' title='bbox 946 5381 1276 5446; x_wconf 86' lang='lat' dir='ltr'><strong>calceossuoslilissericis</strong></span> <span class='ocrx_word' id='word_1_667' title='bbox 1286 5395 1313 5444; x_wconf 90' lang='lat' dir='ltr'><strong>et</strong></span> <span class='ocrx_word' id='word_1_668' title='bbox 1326 5401 1392 5444; x_wconf 89' lang='lat' dir='ltr'><strong>auro</strong></span> <span class='ocrx_word' id='word_1_669' title='bbox 1401 5382 1576 5444; x_wconf 79' lang='lat' dir='ltr'><strong>exornabant.</strong></span> 
     </span>
    </p>
   </div>
   <div class='ocr_carea' id='block_1_3' title="bbox 0 0 1862 5970">
    <p class='ocr_par' dir='ltr' id='par_1_15' title="bbox 0 0 1862 5970">
     <span class='ocr_line' id='line_1_54' title="bbox 0 0 1862 5970; baseline 0 0"><span class='ocrx_word' id='word_1_670' title='bbox 0 0 1862 5970; x_wconf 95' lang='lat' dir='ltr'><strong> </strong></span> 
     </span>
    </p>
   </div>
  </div>
 </body>
</html>
