3714 5970
135 524 155 569 2
328 554 331 559 -
741 511 903 564 unstrout
931 511 1101 561 DiALOGUS

132 649 258 730 praesntus
269 669 307 710 es
324 648 376 708 Er.
389 648 457 722 Quae
471 659 566 705 natura
578 645 649 705 bona
662 644 799 721 sunt‚srne
809 665 872 722 qur
927 643 1034 704 ἅνευτδ
1020 643 1128 724 δζῇν
1138 642 1245 722 μιαρὸν,
1261 641 1337 703 κοινδι
1360 667 1406 702 και
1420 643 1561 724 αμεριστα
1575 643 1699 705 Ὁδιόκ.

6 735 63 779 “¹⁰¹⁰
58 743 105 778 '¹²·
133 740 184 801 bus
197 740 291 801 vita*
283 762 367 821 rmpra
379 752 428 815 est
440 756 594 799 eommunia
607 751 634 798 et
646 736 775 798 indivisa
783 739 871 796 Dirc
927 726 992 796 Οιον
1005 761 1031 794 τι
1032 736 1154 815 ,πότερς
1165 733 1299 795 ’.Οέπίσκ
1314 736 1435 843 Πρῶτον,
1449 737 1703 813 ὑτῶνόλωνθεδς,

77 866 79 871 ·
133 833 261 914 Exempli
276 830 376 912 gratia,
387 831 483 912 pater?
497 829 552 892 Er.
565 830 660 892 Primo
671 829 782 910 quidem
797 829 872 887 Deus
928 826 1033 908 ἅμα
997 851 1035 886 τω
1050 835 1184 907 μονογενεῖ
1199 831 1278 889 αὐτου
1261 829 1350 909 Ὕὶῷ
1372 827 1418 887 καὶ
1431 853 1470 909 τῳ
1449 829 1557 910 ’ἁγίῳ
1575 829 1702 908 Πνεύμα-

134 924 253 984 universi
280 943 342 982 eum
365 919 504 1003 unigenito
528 921 614 1003 ipsius
629 919 701 981 Filio
720 934 748 982 et
768 916 872 1000 Spiritu
927 941 972 990 τι,
987 886 1072 987 κοίνός
1093 921 1150 980 ίστι
1170 919 1217 980 καλ
1238 918 1394 1000 ἀμέριστος·
1410 918 1493 987 ἔξεστι
1511 921 1563 1002 γλιρ
1577 923 1617 1000 τῷ
1642 924 1702 1000 βου

133 1030 225 1076 sancto
236 1013 388 1075 eommunis
394 1026 434 1075 ert
441 1027 468 1075 et
479 1013 616 1075 indivisus
627 1037 635 1072 ι
646 1013 792 1092 unicuique
801 1011 873 1070 enim
926 1010 1031 1094 λομένιρ
1040 1011 1121 1071 παντί
1135 1011 1195 1073 δλον
1210 1011 1288 1072 αὑτὸν
1300 1011 1392 1072 λαθεῖν
1404 1016 1438 1092 τῇ
1452 1011 1566 1095 θεωρίαι,
1579 1011 1703 1093 πραγμά·

133 1107 272 1186 lieet,qui
286 1104 490 1184 voluerit,rine
502 1105 559 1167 nllo
569 1106 676 1186 negotio
686 1105 776 1187 ipsum
787 1117 874 1163 totum
928 1126 981 1162 των
1007 1102 1044 1182 μὴ
1067 1103 1240 1185 πειρώμενον.
1263 1101 1380 1164 Ἔπειτα
1405 1103 1473 1183 μετὰ
1495 1104 1538 1163 τὸν
1561 1104 1631 1165 Θεὸν
1647 1101 1661 1137 ⁴¹
1675 1106 1703 1163 αἱ

135 1199 359 1280 contemplatione
371 1198 524 1280 complecti.
538 1197 644 1258 Deinde
662 1211 724 1279 post
732 1197 820 1255 Deum
831 1194 874 1253 di·
927 1201 995 1256 θεῖαι
1018 1197 1125 1277 Γραφαλ
1148 1197 1194 1256 καί
1218 1200 1246 1256 αί
1267 1195 1446 1275 ὑπερκόσμιαι
1470 1196 1604 1274 δυνάμεις.
1628 1195 1703 1276 Πρὸς

134 1293 203 1354 vinae
213 1292 376 1374 Scripturae,
385 1304 411 1350 et
424 1289 649 1373 supermundana
659 1289 783 1350 virtutes.
800 1287 875 1345 Prae·
926 1289 1036 1357 ταύταις
1054 1290 1178 1371 οὐρανὸς,
1193 1289 1284 1362 ἥλιος,
1299 1290 1412 1364 σελήνη,
1426 1290 1473 1349 καλ
1488 1287 1597 1368 σύμπας
1614 1295 1629 1351 δ
1648 1294 1703 1351 τῶν

134 1400 205 1446 terea
219 1385 326 1464 caelum,
337 1384 389 1462 soi
396 1384 474 1455 luna,
483 1396 508 1442 et
519 1401 608 1443 omnis
617 1394 752 1442 astrorum
762 1377 873 1455 chorus,
893 1391 912 1440 C
929 1380 1033 1461 ἄστρων
1043 1380 1135 1464 χορδς
1149 1381 1194 1442 καλ
1206 1382 1393 1462 αυτοςδᾶὴ
1402 1383 1479 1442 κοινδ
1493 1382 1539 1443 καλ
1555 1383 1702 1464 ἀμέριστα,

118 1467 212 1536 7σι
183 1498 239 1581 ipse
253 1499 315 1552 aer,
326 1474 481 1536 communia
502 1488 580 1535 sunt
588 1489 614 1535 et
636 1472 754 1534 indivisa
765 1484 876 1552 ,utpote
928 1472 1065 1534 δλαόλων.
1066 1477 1167 1589 Μέχρι
1159 1474 1703 1557 ιτούτωνὴμῖνλστύσθωτῶνάμερίστων

135 1588 225 1628 omnia
235 1590 367 1629 omnium
383 1569 457 1627 Intra
472 1567 529 1627 haec
543 1567 623 1627 nobis
634 1579 762 1627 consistat
775 1562 874 1624 indivi·
928 1564 1002 1646 τδγέ
1002 1588 1053 1632 νος.
1066 1554 1121 1624 Ἦν
1135 1564 1164 1626 δὲ
1184 1565 1248 1625 ποτέ
1262 1566 1386 1645 καίήγῆ
1400 1564 1474 1636 κοινὴ
1494 1567 1540 1627 καὶ
1560 1568 1705 1647 ἀμέριστος

135 1681 227 1720 sorum
241 1681 333 1741 genus.
346 1660 385 1720 Er
386 1674 412 1719 ιι
424 1659 505 1719 etiam
519 1658 664 1738 aliquando
672 1673 742 1719 terra
751 1678 875 1718 eommu-
930 1657 987 1737 ἅμα
997 1667 1051 1726 τοῖς
1072 1662 1123 1718 τῶν
1137 1657 1240 1718 ὑδιέτων
1255 1658 1385 1739 ῥείθροις·
1397 1657 1424 1726 ἐξ
1445 1649 1475 1717 οὗ
1489 1658 1517 1718 δέ
1531 1663 1591 1718 6⁸
1557 1683 1607 1732 της
1624 1664 1704 1723 πλεο-

136 1753 179 1812 nis
191 1767 217 1813 et
239 1753 355 1814 indivisa
375 1752 457 1812 simul
480 1773 543 1812 oum
559 1772 690 1832 aquarum
701 1749 809 1810 fluentis
825 1770 877 1809 :ex
930 1749 1014 1818 νεΕίας
1024 1741 1125 1832 οἶστρος
1140 1751 1283 1824 έναπετάθη
1294 1760 1352 1818 ταῖς
1368 1754 1420 1810 τῶν
1433 1750 1580 1832 φιληδόνων
1590 1756 1704 1834 ψυχαῖς,

137 1866 191 1924 quo
203 1866 267 1906 vero
286 1845 409 1905 avaritiae
432 1843 514 1904 ardor
534 1844 750 1926 voluptariorum
776 1856 877 1903 mentes
930 1841 1045 1958 κατέφτη
1061 1841 1095 1902 τδ
1107 1841 1220 1924 βαρυτε
1223 1865 1371 1923 αστοιχεια
1383 1866 1433 1921 γης
1445 1867 1475 1903 τε
1487 1843 1533 1903 ιιαλ
1548 1842 1643 1912 ὑδατος
1656 1871 1705 1925 με·

136 1951 289 2019 occuparit,
297 1958 422 2017 graviora
437 1950 513 1996 terrae
524 1950 550 1996 et
558 1958 636 2016 aquae
647 1937 776 1996 elementa
787 1935 899 1996 drvrsa
898 1934 1020 2029 φιστιῖ.
1031 1933 1158 1994 Ὁδιιίκ.
1172 1933 1332 2014 Σαφέατατα
1347 1933 1403 2014 έχει
1416 1935 1451 1995 τδ
1466 1936 1610 2014 εἰρημένα·
1621 1960 1703 2018 προσ-

135 2042 207 2090 snnt.
221 2032 305 2090 Dran.
321 2030 400 2090 Clara
423 2027 571 2088 admodum
587 2042 650 2088 sunt
660 2048 741 2106 ,quae
757 2026 875 2086 dixisti:
895 1990 1122 2106 ,ςαναπλήρωσον
1132 2026 1192 2086 δὲ
1168 2050 1213 2086 τον
1223 2027 1300 2105 λογον
1310 2049 1356 2086 τον
1338 2026 1527 2106 δευτέρου
1496 2051 1585 2108 γενους
1594 2031 1704 2104 τῶνμα-

108 2136 111 2143 ·
134 2136 264 2181 rationem
276 2135 365 2181 autem
377 2120 489 2181 secundi
506 2120 610 2200 generis
627 2118 778 2180 divisorum
788 2115 877 2179 adim
933 2121 1038 2199 ριστῶν.
1045 2117 1178 2179 Οέπίσκ.
1187 2116 1353 2198 Επαναγκες
1361 2120 1419 2178 ἐστι
1429 2119 1466 2195 μὴ
1478 2120 1568 2187 ατελες
1581 2124 1705 2181 καταλεῑ-

133 2214 187 2295 ple.
196 2213 247 2274 Er».
259 2215 372 2274 Necesse
383 2227 486 2273 estnon
499 2212 615 2292 relinqui
629 2212 816 2293 imperfectum
828 2232 876 2270 ar·
930 2211 1015 2294 ψαι
990 2236 1021 2272 το
1035 2215 1082 2282 τῆς
1093 2210 1238 2278 ὑποθέσεως
1253 2209 1324 2292 ὑφος.
1339 2210 1496 2291 Χρυσος’
1455 2235 1541 2271 τοινυν
1556 2212 1638 2273 καῖ’
1619 2237 1702 2294 αργυ·

134 2306 254 2386 gumenti
265 2313 431 2367 contextum.
439 2309 545 2365 Aurum
559 2305 645 2386 igitur
656 2319 682 2365 et
695 2318 836 2384 argentum
850 2319 877 2364 et
932 2326 975 2384 ρος
987 2303 1034 2363 καὶ
1047 2313 1122 2364 πᾶσα
1135 2308 1152 2376 ἡ
1166 2302 1313 2381 μεταλλικλ
1324 2302 1411 2384 φύσις,
1421 2304 1486 2384 πρός
1500 2328 1528 2364 τι
1542 2305 1702 2387 δρυοτομικὴ
1728 2330 1746 2380 p

134 2398 223 2459 omnis
238 2398 372 2458 metallica
392 2411 504 2472 ιιοιιιιι,
519 2409 645 2478 praterea
659 2395 775 2475 lignaria
790 2408 877 2455 mate·
930 2394 997 2469 ὑλη,
1011 2394 1057 2454 καί
1079 2394 1130 2455 ὅσα
1152 2398 1206 2455 τῶν
1225 2395 1327 2473 μέσων,
1341 2395 1492 2469 συλλήύδην
1514 2400 1613 2473 εἰπεῖν,
1627 2398 1704 2459 κοινδ

134 2491 203 2567 ries,
216 2505 242 2551 et
257 2505 286 2551 ιιι
300 2511 354 2549 uno
368 2489 451 2550 verbo
464 2489 572 2561 dicam,
593 2507 775 2566 quacumque
788 2486 876 2547 media
927 2487 979 2565 μέν
995 2490 1079 2560 έστιν,
1094 2489 1153 2546 ἀλλ’
1171 2487 1244 2565 ὅμως
1258 2488 1371 2566 μεριστά
1380 2511 1389 2525 ·
1399 2491 1429 2547 οὐ
1442 2487 1494 2569 γὰρ
1508 2489 1588 2548 παντὶ
1606 2494 1645 2569 τῷ
1659 2491 1703 2552 θέ-

133 2596 204 2658 ειιιιι,
216 2582 370 2643 eommunia
384 2580 494 2660 quidem
504 2593 566 2639 sunt
581 2578 649 2652 ‚sed
661 2593 748 2639 tamen
760 2579 849 2639 divisa
867 2603 874 2638 ι
929 2583 1001 2640 λοντι
1024 2579 1073 2640 δλα
1092 2580 1126 2638 δι’
1146 2579 1207 2639 ὅλου
1230 2581 1272 2640 ἐπ’
1293 2577 1410 2648 ἐξουσίας
1431 2581 1556 2660 ὑπάρχει.
1573 2569 1608 2641 ‘0
1633 2579 1703 2643 διοίκ.

132 2695 219 2754 neque
233 2675 305 2735 enim
325 2673 472 2747 cuivis,ut
487 2672 539 2752 ipsi
553 2670 640 2744 libet,
655 2684 710 2731 tota
725 2671 833 2752 penitus
849 2671 876 2730 in
931 2669 1049 2744 Εὑδηλος
1070 2670 1116 2731 καλ
1135 2662 1209 2738 οὗτος
1224 2675 1239 2731 θ
1257 2669 1351 2750 λόγος·
1365 2671 1526 2751 apportari
1548 2671 1576 2732 δὲ
1599 2671 1705 2750 μήποτε

131 2780 264 2848 potestate
277 2779 350 2829 sunt
367 2768 454 2823 Dirc.
473 2761 593 2823 Evidens
606 2762 697 2821 adhue
713 2776 738 2822 et
753 2763 798 2822 hio
816 2785 875 2823 ser·
931 2764 1061 2844 ἀτοντίσῃς
1072 2764 1135 2844 περὶ
1148 2765 1196 2833 τδς
1210 2763 1356 2834 ἀποδείξεις
1368 2768 1414 2823 τοῦ
1438 2764 1525 2846 τρίτου
1547 2766 1639 2846 γέναις
1649 2771 1702 2826 τῶν

132 2879 186 2919 mo.
200 2857 254 2919 Sed
272 2855 368 2916 dubito
391 2876 424 2914 ue
439 2855 511 2914 circa
532 2855 603 2914 tertii
620 2856 754 2916 donorum
776 2857 875 2937 praeei
893 2854 1085 2935 μὶξαιρέτιον,
1098 2854 1335 2935 ὑποσχόμενοςδτι
1348 2855 1477 2915 ἱστιτινδ
1484 2857 1610 2935 ,δμήτι
1627 2858 1705 2919 κοινό

131 2972 249 3032 μιιοιιιιιι
266 2949 377 3053 'generis
400 2946 656 3007 demonstrationem
681 2946 810 3026 deficias,
825 2951 875 3028 qui
928 2948 1034 3007 ἐστι’
997 2971 1064 3025 μητε
1076 2971 1126 3027 μκρ
1129 2946 1199 3019 ιστδι,
1207 2949 1266 3007 ἀλλ’
1280 2948 1334 3006 ίδια
1348 2970 1399 3006 κατ
1399 2946 1595 3029 ἐξαίρετον
1559 2973 1613 3010 τιον
1623 2950 1703 3019 ἀξιυιν

133 3041 288 3122 promiseris
301 3040 440 3100 ostendere
440 3039 536 3118 ,quod
546 3039 669 3118 aliqua
648 3053 701 3100 srnr
715 3061 776 3144 qpae
791 3061 876 3120 neqne
926 3045 974 3112 τῆς
987 3042 1095 3120 δωρεᾶς
1097 3030 1258 3106 Ἐπιθελς
1227 3061 1272 3098 ουν
1284 3038 1333 3112 τὴν
1349 3040 1526 3120 κορωνίδα”
1491 3065 1528 3158 τιρ
1547 3039 1653 3122 λόγῳ,’
1638 3043 1705 3124 αφή·

132 3135 284 3194 communia
299 3147 362 3193 sunt
377 3153 461 3212 neque
472 3131 579 3204 divisa
583 3131 640 3191 sed
652 3153 762 3213 propria
776 3153 874 3192 secun
927 3156 1009 3212 γησαι
1021 3137 1102 3209 ἡαιν
1113 3131 1192 3191 ποθεν
1206 3155 1245 3189 πα
1248 3131 1443 3212 αγέγονας
1401 3157 1447 3192 και
1459 3134 1521 3214 περι
1544 3126 1581 3194 ὧν
1602 3086 1706 3197 ποθῶο

131 3225 198 3286 dnm
211 3226 384 3308 privilegium
399 3246 492 3284 eornm
506 3245 552 3303 qur
546 3223 645 3304 digni
655 3224 754 3284 inerint
766 3246 797 3284 eo
809 3246 872 3284 mn·
928 3248 976 3304 μιν
990 3229 1082 3303 μαθεῖν
1094 3225 1208 3297 τάληθῆ.
1225 3223 1361 3285 Ὁίπίσκ.
1378 3228 1412 3286 Εἰ
1425 3226 1472 3305 μὲν
1489 3231 1531 3288 ίπ
1542 3229 1602 3306 ἐμοὶ
1616 3238 1702 3293 κεῖται

131 3341 202 3379 nere.
215 3318 345 3400 Imposito
359 3331 450 3379 nutem
465 3317 519 3376 fine
537 3316 654 3376 sermoni
666 3316 744 3390 huic,
754 3317 871 3377 edissere
928 3315 1084 3377 καὶτούτων
1100 3316 1155 3395 ἔχω
1173 3315 1222 3388 τὴν
1240 3319 1353 3393 γνῶσιν,
1368 3318 1429 3398 περὶ
1449 3309 1486 3377 ὧν
1506 3326 1595 3388 ποθεῖς
1606 3345 1634 3381 τι
1649 3348 1702 3401 μα·

131 3411 210 3472 nobis
224 3411 295 3472 unde
308 3410 423 3486 venisti,
439 3424 463 3469 et
483 3431 512 3469 ea
526 3430 642 3488 quorum
654 3408 794 3468 veritatem
806 3409 874 3468 scire
928 3415 996 3482 θεῖν,
1008 3411 1056 3468 οὑκ
1077 3407 1222 3475 ἀποκνῆσω
1243 3407 1259 3479 ἢ
1275 3408 1435 3491 ἀποκρύψω·
1458 3411 1488 3470 τδ
1511 3411 1602 3490 μέντοι
1625 3417 1701 3496 χρέος

130 3503 326 3565 desideramus.
343 3504 397 3564 Er.
413 3503 443 3565 si
457 3503 484 3562 in
500 3523 543 3562 me
553 3501 664 3581 quidem
677 3501 705 3561 id
718 3503 801 3561 situm
814 3517 871 3580 est,
926 3507 971 3561 τοῦ
984 3499 1076 3579 λόγου,
1087 3503 1123 3567 ὡς
1136 3499 1328 3576 ὑπολαμόᾶνω,
1343 3501 1413 3560 ιιατδ
1433 3500 1544 3582 δύναμιν
1562 3529 1700 3586 προσαπο-

46 3622 51 3627 ·
130 3611 156 3657 et
166 3598 189 3658 si
200 3619 294 3658 eorum
309 3618 369 3675 quae
385 3595 453 3655 scire
468 3616 546 3666 aves,
564 3595 686 3655 notitiam
699 3593 802 3664 habeo,
821 3615 873 3654 non
927 3592 1015 3653 δώσω.
1030 3591 1179 3672 Παρθενίας
1194 3599 1254 3672 γοῦν
1274 3593 1319 3653 καλ
1335 3598 1384 3667 τῆς
1403 3597 1499 3667 λοιπῆς
1518 3598 1636 3678 ἀγαμίας
1650 3626 1701 3680 μς.

130 3686 303 3762 detrectabo,
314 3707 363 3744 neo
380 3684 531 3788 quidquam
551 3683 713 3743 abscondam
728 3683 872 3743 :debitum
891 3714 910 3762 (γ
929 3684 1021 3766 ρισμὸν
1043 3685 1093 3764 οὑχ
1115 3682 1249 3764 εὑρήσεις·
1267 3688 1296 3744 οὑ
1317 3685 1369 3767 γάρ
1388 3689 1444 3745 ἐἰσι
1467 3693 1513 3748 τοῦ
1540 3689 1631 3771 γένους
1648 3698 1700 3754 τῶν

132 3779 259 3861 promissi
273 3777 419 3851 sermonis,
434 3789 463 3834 ιιι
477 3776 591 3856 opinor,
603 3797 653 3856 pro
666 3775 772 3834 viribus
785 3776 874 3835 exsol-
927 3776 1051 3847 κοινῶνῆ
1074 3781 1126 3836 τῶν
1142 3778 1290 3858 μεριστῶν·
1307 3778 1444 3851 ἐπειδὴόυ
1467 3790 1519 3848 πᾶς
1532 3786 1547 3842 ὁ
1560 3788 1649 3845 ποθῶν
1671 3788 1701 3848 τὸ

132 3892 205 3931 tam
214 3868 424 3950 Virginitatem
417 3881 501 3948 igitur
514 3881 539 3927 ει
554 3882 677 3927 crateram
688 3867 873 3930 castimoniam
926 3878 1039 3950 πρᾶγμα
1054 3867 1281 3950 καὶπαρθενεόει,
1297 3871 1356 3929 ἀλλ’
1369 3873 1384 3929 ὑ
1404 3870 1565 3951 δυναίμανος·
1576 3880 1629 3935 τῶν
1651 3903 1701 3961 γαρ

132 3961 252 4023 indivisa
274 3959 411 4042 reperies·
405 3980 478 4019 non
499 3959 572 4019 enim
585 3974 782 4040 suntegenere
800 3982 874 4020 com
927 3961 1117 4042 γεγαμηκότων
1135 3960 1228 4021 πολλοὶ
1242 3959 1381 4042 γλίχονται
1398 3961 1460 4041 μὲν,
1476 3967 1505 4024 οὑ
1525 3965 1701 4047 φθόνουσιδι

133 4077 258 4116 ιιιιιιιιιιιιι
269 4068 316 4114 ant
329 4052 527 4124 dividuorum
542 4073 670 4130 quoniam
685 4073 738 4111 non
751 4074 873 4132 quicum
927 4054 1013 4114 διδ
989 4078 1019 4114 το
1031 4057 1206 4134 προειληφθαι
1225 4056 1252 4112 ἐν
1265 4053 1407 4135 συζυγίαις
1423 4053 1533 4139 Ωσιτερ
1546 4060 1592 4118 καὶ
1605 4063 1633 4120 ἕν
1649 4074 1747 4152 τοῖςρ

132 4171 186 4232 que
200 4144 371 4218 vult,etia1n
385 4157 686 4224 virginrtrtemseriat
698 4143 746 4204 sed
761 4143 872 4227 quipo
927 4145 1122 4226 Ὀλυμπιακοῖς
1137 4148 1221 4225 ἀγῶσι
1235 4148 1311 4206 καλεῖ
1319 4147 1463 4262 μὲνδκήρ
1466 4148 1535 4218 υξ
1510 4175 1554 4211 τον
1566 4154 1701 4268 βουλόμε-

132 4255 205 4304 rest:
219 4261 281 4299 nam
296 4236 409 4320 plurimi
423 4258 517 4297 eorum
537 4236 583 4320 qui
603 4236 774 4299 matrimonio
786 4239 874 4320 juncti
926 4264 987 4314 νον,
1003 4248 1126 4321 στεφανοῖ
1148 4237 1176 4297 δὲ
1197 4238 1243 4299 τὸν
1267 4238 1430 4312 νικήσαντα·
1442 4242 1528 4324 τούτῳ
1547 4269 1586 4325 τῳ
1609 4247 1700 4331 τρόπω

133 4348 195 4397 sunt
198 4331 331 4415 ,eupiunt
346 4331 398 4412 ipsi
390 4329 533 4409 quidem,
546 4329 594 4390 sed
609 4350 663 4390 non
672 4345 853 4410 assequuntur
862 4376 872 4409 ,
926 4334 998 4394 ιιαλ
986 4334 1030 4394 επι
1044 4338 1092 4406 τῆς
1109 4331 1363 4410 δγνιίας,καθὼς
1338 4357 1369 4393 το
1383 4302 1535 4414 εὐαγγέλιόν
1548 4336 1631 4418 λέγει.
1645 4343 1700 4403 Τοῦ

86 4468 91 4479 ,
133 4430 198 4535 quia
213 4425 338 4507 conjugio
352 4422 532 4506 praeoccupati
550 4436 622 4483 sunt.
637 4423 873 4496 Quemadmodum
926 4425 978 4507 γδρ
997 4425 1101 4505 Πέτρου
1119 4424 1355 4506 ἀνθυπενεγκόντος
1372 4451 1410 4509 τιρ
1390 4428 1546 4508 ”Συτη”ρι,
1561 4432 1597 4490 Εἰ
1617 4432 1701 4503 οὑτως

133 4523 163 4583 in
179 4519 334 4602 olympicis
351 4516 544 4578 certaminibus
556 4538 645 4598 praeoo
661 4531 739 4577 vocat
755 4517 804 4598 qui
815 4539 872 4578 oer-
891 4539 910 4587 ι)
926 4522 997 4585 ἐστιν
1019 4527 1037 4595 4
1054 4521 1127 4581 αἰτία
1147 4526 1193 4580 τοῦ
1213 4520 1352 4603 ἀνθρώπου
1372 4521 1490 4600 μηδ’·
1456 4547 1504 4597 της
1518 4527 1658 4604 γυναικὸς,
1672 4535 1700 4592 οι

133 4630 190 4676 tare
205 4612 288 4691 velit,
304 4623 412 4672 ooronat
423 4623 513 4669 utitem
528 4631 589 4669 eum
604 4610 652 4691 qui
664 4611 760 4672 vioerit
775 4634 782 4669 z
797 4611 836 4671 sic
848 4624 874 4671 et
927 4614 1055 4696 συμφέρει
1067 4616 1205 4693 γαμῆσαι·
1220 4613 1285 4692 πρὸς
1305 4604 1344 4682 οἷς
1361 4613 1456 4694 ἔφησεν
1470 4620 1485 4676 δ
1498 4617 1613 4699 Σωτήρ·
1629 4619 1699 4683 Ἀλλ’

134 4709 163 4769 in
177 4706 299 4769 castitate
309 4749 319 4783 ,
329 4716 360 4763 ut
372 4701 440 4761 dicit
453 4702 645 4781 Evangeiinm.
663 4706 733 4766 Cum
745 4703 816 4763 enim
827 4706 875 4763 Pe
926 4709 956 4765 οὐ
970 4706 1076 4767 πάντων
1094 4704 1150 4765 έστλ
1163 4707 1286 4785 χωρῆσαι
1304 4703 1348 4764 τὸν
1368 4705 1445 4786 λόγον
1458 4712 1566 4785 τοῦτον,
1583 4713 1644 4772 ἀλλ’
1663 4705 1700 4783 οἷς

9 4817 69 4861 «urit.
86 4827 123 4880 ¹9·
134 4817 192 4864 rrus
204 4797 340 4862 servatori
359 4794 541 4876 respondisset
552 4823 559 4853 ι
570 4795 601 4854 Si
610 4816 646 4854 ea
655 4809 699 4856 est
713 4816 803 4855 eausa
814 4799 874 4855 oiri
926 4798 1040 4858 δέδοται.
1053 4797 1135 4879 Ὁρᾷς
1144 4797 1185 4857 ὅτι
1194 4801 1223 4856 οὖ
1235 4807 1326 4869 πᾶσιν,
1337 4799 1396 4857 ἀλλ’
1406 4789 1444 4865 οἷς
1456 4799 1574 4876 δέδοταις
1583 4801 1618 4864 Ὁ
1628 4805 1698 4868 διᾶκ.

1 4901 20 4927 .,
36 4893 71 4924 ιι·
133 4917 200 4957 cum
226 4911 325 4963 uxore,
336 4910 395 4949 non
417 4888 532 4969 expedit
554 4908 676 4947 uxorem
694 4890 799 4949 dricere
813 4913 824 4951 .·
838 4887 873 4948 ad
925 4889 1017 4975 ᾬμην
1033 4914 1062 4950 σε
1073 4889 1253 4971 δυσπορίστως
1274 4889 1343 4970 ἔχειν
1357 4890 1419 4971 περὶ
1429 4889 1478 4964 τλν
1493 4895 1546 4952 τῶν
1558 4894 1698 4976 έξαιρέτων

132 5009 193 5067 quae
213 4983 285 5046 dixit
307 4983 434 5044 Servatur
448 5003 454 5037 ι
466 4981 535 5040 Non
556 4987 686 5041 omniurn
702 4994 747 5043 arr
770 5002 874 5063 capere
926 4980 1073 5054 ἀπόδειξιν,
1084 4983 1153 5056 ἀλλ’,
1165 4985 1201 5048 ὡς
1211 4981 1296 5053 ἔοικε,
1312 4981 1358 5040 καλ
1371 4987 1507 5062 γραφικῶς
1520 4986 1567 5045 καλ
1584 4990 1698 5069 ἰσχυρῶς

132 5082 257 5140 verbum
270 5075 332 5147 hoc,
343 5075 396 5133 sed
406 5074 511 5153 quibus
521 5074 624 5134 datum
635 5085 691 5135 σιθ.
700 5072 786 5139 Vidn
799 5076 873 5154 quod
925 5079 997 5153 ἡμᾶς
1009 5073 1125 5141 ἔπεισας.
1139 5071 1173 5133 Ὁ
1184 5072 1272 5133 rutae.
1288 5075 1322 5132 Ei
1333 5080 1417 5134 ταῦτα
1428 5079 1500 5156 σαφῆ
1513 5099 1555 5137 σοι
1566 5079 1698 5154 καθέστη-

133 5191 186 5232 ιιοιι
200 5169 335 5243 otnnibus,
345 5164 393 5226 sod
404 5164 505 5245 quibus
515 5164 610 5226 datum
622 5167 683 5227 est?
698 5168 781 5229 Dran.
792 5171 873 5230 Puta·
926 5193 970 5241 κα,
984 5166 1031 5226 καί
1042 5169 1147 5232 λοιπαῖς
1161 5163 1319 5245 μαρτυρίαις
1334 5167 1438 5228 λιπανῶ
1451 5168 1496 5228 τὸν
1514 5168 1593 5250 λόγον
1599 5215 1611 5242 ,
1628 5171 1696 5233 ἴνόί

166 5359 177 5385 ⁰
196 5343 284 5412 [Fon.
294 5350 394 5410 ἀνιαρόν.
404 5338 500 5408 Rigor]
968 5340 981 5378 ⁶¹
999 5338 1063 5411 [iis.
1079 5346 1102 5393 αἱ
1113 5346 1168 5392 onst
1180 5361 1218 5408 γρ.
1233 5337 1407 5405 &gebatur-:i
1417 5339 1500 5408 lyrae-l
