3750 6052
779 598 897 647 saunis
923 595 1085 658 ouraosu.
1226 613 1230 623 ·
1643 571 1709 661 αὖ]

146 730 215 787 νοῦν.
231 722 297 786 ’nti
310 713 356 783 οὖν
370 725 448 782 τοῦτο
462 718 493 779 τὸ
511 721 621 791 πλοῖον,
634 719 767 780 τυντίστιν
784 725 802 792 ἡ
818 724 919 801 άνθρω·
970 729 996 775 et
1010 715 1214 794 gubernatorem
1233 714 1406 796 cogitationes
1417 728 1443 775 et
1456 726 1580 774 mentem.
1592 713 1649 774 Hoc
1663 715 1712 773 ita-

148 806 213 878 πίνη
226 805 389 879 ὑπόστασις,
405 804 433 861 ἐν
452 797 537 878 τούτῳ
550 802 589 878 τῷ
604 799 654 880 βίω
667 800 847 879 χιιμαζυμίνη
867 800 920 858 berb
971 814 1024 873 que
1036 793 1196 873 navigium,
1222 811 1317 854 natura
1341 794 1445 854 scilicet
1468 793 1599 869 humana,
1614 796 1641 853 in
1661 794 1712 852 hac

148 890 196 956 τῆς
209 889 254 943 τοῦ
268 882 392 943 διαβόλου
405 879 510 948 κακίας,
523 877 569 937 καὶ
583 877 637 937 tei
649 882 701 937 τῶν
713 879 837 939 ἐναντίων
857 879 918 936 δαι-
937 888 954 935 t
971 875 1026 933 vita
1041 874 1160 952 agitatur
1173 895 1188 932 a
1203 873 1303 933 diaboli
1316 875 1447 951 nequitia,
1461 872 1653 932 adaemonibus
1665 872 1713 932 ho·

149 960 237 1040 μόνων
259 965 310 1021 τῶν
326 960 360 1020 τά
373 959 480 1036 κύματα
492 959 544 1015 τῶν
559 959 706 1031 ἐπιθυμιῶν
728 957 919 1037 ἐξεγειρθντων,
971 954 1071 1026 stibus,
1085 954 1132 1032 qui
1143 953 1334 1033 cupiditatum
1349 954 1446 1037 ilpctus
1468 952 1600 1027 excitant3
1616 954 1712 1012 falsam

149 1043 195 1100 καὶ
213 1042 257 1101 τδν
272 1041 387 1119 ἁλμυρὸν
402 1036 483 1118 άρρδν
496 1039 548 1095 τῶν
563 1037 663 1107 ἡδονῶν
677 1039 743 1117 πρδς
756 1039 800 1097 τὸν
818 1037 918 1097 ἔνδοθεν
927 1065 963 1104 ns
972 1033 1142 1113 voluptatum
1155 1054 1278 1112 spumam
1290 1035 1316 1091 iu
1333 1033 1468 1091 internum
1491 1033 1612 1092 animum
1626 1033 1712 1112 proji-

149 1126 208 1180 νοῦν
229 1119 434 1201 ἐπιρβιπτάντων
451 1115 496 1175 καὶ
510 1124 569 1183 ταῖς
586 1117 738 1194 ἐπιθυμίαις
754 1116 799 1176 τδν
821 1116 920 1198 κυδερ-
937 1112 1047 1172 scium
1065 1157 1074 1184 ,
1090 1133 1122 1170 ac
1139 1126 1255 1171 mentem
1280 1113 1494 1191 gubernatricem
1518 1112 1714 1193 cupiditatibus

150 1201 232 1272 νήτην
247 1207 306 1258 νοῦν
322 1198 459 1270 σειάιτων,
478 1193 602 1291 καὶπρὸς
624 1194 672 1267 τήν
693 1196 827 1276 ἁμαρτίαν
842 1201 921 1276 βυθι-
972 1205 1140 1251 commovent
1154 1204 1179 1250 et
1191 1192 1218 1250 in
1232 1205 1369 1272 [saccatum
1384 1193 1556 1270 immergunt.
1569 1191 1649 1265 Quod
1663 1213 1714 1250 au-

151 1279 249 1346 ζόντων
262 1275 356 1336 meu
371 1276 397 1337 δὲ
412 1274 522 1341 ἕκαστος
540 1297 593 1332 των
608 1274 753 1355 ἀνθρώπων
766 1285 825 1343 ταῖς
837 1279 920 1336 πολυ-
972 1284 1025 1330 tem
1041 1271 1121 1330 homo
1133 1271 1274 1348 quilibeta
1289 1271 1460 1350 voluptatum
1470 1272 1577 1330 flamma
1593 1292 1714 1330 comum·

143 1359 257 1437 ,λόγως
268 1358 373 1429 ἡδοναῖς
392 1355 525 1431 σειόμενος
538 1354 603 1433 πρὸς
616 1353 664 1425 τὴν
683 1355 817 1434 ἁμαρτίαν
830 1355 919 1414 senoi—
974 1364 1017 1409 tus
1032 1348 1058 1408 in
1075 1363 1212 1430 peecatum
1225 1351 1411 1429 immergatur,
1424 1349 1451 1409 id
1463 1371 1611 1409 sermonem
1624 1371 1715 1409 mcum
1772 1363 1775 1369 ’

151 1442 220 1506 ζετο,
231 1444 359 1516 μαρτυρεῖ
373 1457 423 1507 μαι
441 1437 479 1532 uqi
494 1433 564 1513 λόγῳ
576 1433 660 1493 Δαυὶδ
672 1439 686 1493 ὁ
697 1433 921 1514 προρήτης.“οτι
973 1451 1091 1488 asserens
1101 1443 1212 1488 testatur
1222 1429 1312 1489 David
1324 1451 1373 1512 pro
1395 1431 1465 1489 heta.
1477 1432 1547 1489 Cum
1559 1431 1630 1488 enim
1644 1431 1714 1488 eirca

153 1516 204 1597 γάρ
215 1517 275 1594 περί
289 1514 336 1586 τήν
351 1536 521 1595 σωφροσυνην
534 1515 702 1590 ἐναυάγησεν,
715 1513 813 1574 άνεὸάα
827 1513 921 1593 λέγων·
973 1509 1165 1568 continentiam
1185 1509 1356 1588 naufragium
1369 1452 1490 1583 linisset,
1515 1509 1649 1568 clamabat
1667 1510 1715 1567 di-

165 1599 250 1654 Ηλθον
263 1596 299 1661 εἰς
312 1592 346 1653 eh
363 1596 431 1671 βάθη
448 1595 495 1662 τῆς
514 1593 663 1665 θαλάσσης,
676 1593 722 1652 καί
733 1593 854 1675 καταιγὶς
869 1617 922 1658 και·
973 1609 1057 1648 cens:
1076 1591 1150 1647 Veni
1158 1593 1190 1648 in
1200 1590 1387 1647 altitudinem
1401 1593 1501 1662 maris,
1512 1602 1540 1648 et
1561 1603 1716 1667 tempestas
1729 1617 1868 1670 pmgggg·

152 1673 290 1734 τεπόντισέ
304 1697 346 1751 με.
360 1676 402 1732 Οὐ
415 1672 467 1751 γδρ
480 1675 558 1731 τοῦτο
570 1670 641 1732 κατά
651 1673 768 1751 ἱστορίαν
778 1671 923 1754 ἐθροῦμίν
973 1669 1109 1727 emese
1128 1691 1182 1727 me.
1207 1669 1267 1726 Non
1280 1669 1351 1728 enim
1366 1669 1418 1728 hoc
1437 1689 1551 1746 usquam
1570 1669 1717 1745 reperimus

152 1777 204 1812 που
219 1751 400 1832 γεγραμμένον
418 1755 457 1833 τῷ
470 1750 568 1809 Δαυίδ·
583 1756 633 1810 ποῦ
647 1751 700 1831 γάρ
723 1751 807 1811 Δαυίδ
829 1750 923 1811 ἔπλευ·
975 1747 1001 1805 in
1016 1747 1127 1806 historia
1140 1748 1176 1806 de
1197 1746 1322 1806 Davide:
1343 1748 1514 1826 quandonam
1528 1748 1619 1828 David
1639 1749 1718 1808 navi·

155 1855 217 1904 usu,
232 1832 298 1903 ἣείς
308 1840 382 1891 ποῖον
394 1830 507 1908 πελαγος
520 1829 639 1889 α’πελθὼν
653 1830 777 1902 ἐῦυθίσθη
787 1855 795 1904 ;
805 1833 864 1890 ἀλλ’
877 1834 923 1890 οὐ·
975 1827 1075 1906 gavit?
1090 1826 1134 1886 vel
1147 1827 1174 1885 in
1189 1844 1243 1904 qno
1258 1827 1326 1886 mari
1343 1828 1394 1886 iter
1406 1848 1487 1907 agens
1504 1822 1642 1887 demersus
1655 1827 1719 1887 est?

153 1911 297 1987 tepenti
311 1902 355 1969 οὗν
369 1913 440 1971 ἐστιν
453 1911 467 1968 ὃ
480 1907 566 1987 λέγει,
580 1909 597 1980 ἢ
617 1909 739 1982 πάντως,
760 1915 786 1971 ἐν
811 1914 849 1990 τῷ
873 1911 923 1990 βίιρ
976 1927 1107 1984 nusquam
1121 1927 1191 1964 sane.
1203 1906 1279 1976 Quid
1298 1906 1349 1966 sibi
1365 1907 1426 1966 vttlt
1440 1907 1545 1986 igitur?
1559 1908 1589 1965 ln
1605 1907 1655 1965 hac
1667 1909 1720 1966 uti·

154 1991 239 2071 τούτῳ
249 1989 339 2069 ὥσπερ
354 1994 380 2049 ἐν
392 1989 511 2067 θαλάσσῃ
526 1989 652 2069 θπάρχων
664 2032 672 2062 ,
685 1990 730 2048 καὶ
744 1989 854 2061 σεισθεὶς
867 1998 924 2056 ταῖς
940 2002 958 2048 n
976 2006 1029 2063 que
1043 1986 1097 2044 vita
1112 1999 1240 2065 tanquam
1255 1987 1282 2044 in
1299 1987 1392 2066 pelago
1415 2007 1540 2060 versans,
1552 2007 1583 2044 ae
1597 1987 1722 2066 volupta-

154 2071 259 2143 ἡδοναῖς
284 2068 403 2147 καθάπερ
425 2066 542 2144 κύμασι,
557 2070 603 2126 καὶ
620 2065 679 2136 τοὺς
693 2068 792 2148 άρμοδς
812 2073 863 2130 τῶν
879 2071 926 2129 λο-
977 2065 1051 2124 tibus
1061 2065 1138 2144 quasi
1153 2065 1281 2124 fluctibns
1298 2066 1434 2143 agitatus,
1450 2079 1530 2144 atque
1548 2066 1634 2124 soluta
1646 2067 1721 2144 cogi·

154 2152 258 2229 γισμῶν
271 2147 370 2221 λυθεὶς,
384 2146 481 2226 λάῦρον
494 2146 525 2205 τὸ
545 2152 617 2224 κῦμα
635 2151 682 2218 τῆς
699 2145 839 2224 ἐπιθυμίας
856 2147 926 2208 ἐνδο
977 2144 1108 2203 rationum
1127 2145 1302 2224 compagine,
1328 2145 1402 2203 intus
1418 2145 1542 2203 admisso
1564 2144 1721 2224 cupiditatis

155 2234 199 2288 θεν
213 2225 446 2303 δεξάμενος,”τοῦ
467 2225 559 2305 ἀνδρὸς
570 2226 635 2304 πρὸς
645 2223 694 2295 ι-λν
709 2233 754 2287 τοῦ
767 2228 866 2305 Οὐρίου
880 2251 927 2306 γυ-
977 2222 1420 2303 iloctu,acvirifortitudineper
1435 2225 1510 2284 Uriae
1529 2244 1673 2283 uxorems
1710 2259 1722 2271 -

154 2315 234 2365 ναῑκα
252 2307 366 2372 inlinisi<
373 2351 381 2380 ,
396 2303 519 2382 ναυάγιον
534 2304 704 2385 σωρροσιίνης
717 2305 866 2383 ὑπέμεινεν.
878 2307 928 2367 no
977 2302 1075 2376 liatos,
1086 2302 1254 2361 continentiae
1280 2303 1451 2382 naufragium
1475 2324 1570 2384 passus
1591 2316 1640 2362 est.
1657 2244 1722 2362 thio

154 2385 254 2463 ἔλεγεν·
268 2375 370 2444 Ἦλθον
394 2387 430 2452 εἰς
452 2383 486 2442 τδι
508 2384 576 2462 βάθη
591 2388 638 2455 τῆς
657 2385 805 2460 θαλάσσης,
818 2386 864 2446 καὶ
878 2410 929 2446 κα·
978 2381 1105 2449 dicebat:
1118 2384 1234 2440 Veni-in
1255 2383 1445 2441 altitudinem
1459 2388 1557 2456 maris,
1571 2396 1599 2440 et
1621 2395 1724 2463 tempe·

157 2465 242 2542 ταιγὶς
264 2462 437 2523 κατεπόντισί
458 2486 502 2540 με.
522 2453 590 2523 Hire
604 2464 684 2523 πάλιν
704 2467 869 2542 μετανοήσας
883 2465 929 2526 καί
978 2475 1039 2520 stas
1053 2464 1188 2522 demersit
1205 2482 1261 2520 me.
1276 2461 1383 2522 Deinde
1396 2461 1493 2520 iterum
1507 2462 1680 2542 resipiscens,
1697 2476 1723 2521 et

156 2544 235 2610 οἱονεί
250 2544 387 2622 ἀνανήψας
400 2545 430 2600 ἐκ
444 2547 490 2602 τοῦ
506 2543 602 2620 βάθους
618 2547 666 2616 τῆς
679 2545 832 2625 Ιἁμαρτίας,
847 2545 929 2605 πάλιν
979 2562 1014 2599 ex
1032 2540 1166 2620 profundo
1188 2542 1289 2630 peccati
1311 2542 1410 2600 iterum
1429 2541 1722 2627 continentiae·clavum

157 2626 262 2704 κρατῶν
282 2628 327 2681 τοῦ
341 2621 470 2695 πηδαλίου
492 2627 540 2693 τῆς
556 2621 740 2702 σωφροσύνης,
750 2624 796 2684 καὶ
809 2626 854 2685 τδν
870 2628 929 2683 ieo-
980 2640 1154 2701 recuperans,
1170 2634 1308 2698 vitamque
1325 2641 1401 2679 suam
1420 2621 1543 2680 castitate
1555 2635 1722 2702 temperans,

157 2708 204 2760 τοῦ
226 2701 283 2788 βίον
307 2705 333 2761 ἐν
359 2700 513 2781 σωφροσύνη
538 2701 794 2783 ῥυθμίζων,ηὗχετο
808 2709 846 2785 τῷ
866 2707 929 2784 Θεῷ
980 2700 1070 2758 Deum
1093 2699 1255 2779 precabatur
1276 2699 1387 2759 dicens:
1413 2701 1486 2759 Non
1507 2721 1552 2758 me
1574 2702 1674 2763 denter
1692 2714 1724 2759 at
1735 2749 1755 2794 P
1784 2749 1794 2792 ,
1819 2747 1852 2794 ὁ,

156 2780 250 2860 λέγων·
266 2781 312 2854 Μή
333 2804 366 2859 με
380 2781 461 2840 πάλιν
481 2781 701 2840 καταποντισάτω
721 2785 844 2864 καταιγίς
862 2782 930 2843 θδα-
981 2792 1248 2860 tempestnsaquoe,
1266 2782 1588 2860 nequeabsorbentme
1603 2801 1657 2859 pro
1673 2802 1723 2839 une
1738 2765 1802 2859 ,ήα
1854 2780 1861 2796 ’

157 2883 218 2933 τος,
234 2860 301 2935 μηδὲ
325 2860 479 2919 καταπιέτω
493 2883 526 2935 με
547 2860 633 2939 βυθός.
647 2862 773 2922 Τοιοῦτόν
794 2888 822 2922 τι
848 2863 893 2922 καί
915 2866 964 2926 oc
980 2859 1062 2917 dum.
1083 2858 1154 2917 Vale
1186 2857 1308 2938 uidpiam
1327 2859 1463 2938 apostolus
1478 2881 1585 2938 quoque
1608 2861 1723 2940 mystice

159 2938 642 3018 άπάστολος’μυστιιιῶςαἰνιττόμενος
652 2939 723 3017 λέγει
735 2941 782 3014 τήν
797 2942 931 3023 άνθρωπά-
981 2937 1154 2997 subindicans
1166 2880 1321 2997 humanam
1333 2953 1457 2997 naturam
1475 2940 1562 2998 dicit:
1583 2941 1638 2999 Ter
1652 2961 1723 2999 nau·

159 3042 238 3092 πητα,
252 3019 349 3100 Τρίτον
365 3019 523 3098 ἐναυάγησα.
532 3018 569 3077 Τί
582 3019 633 3099 γάρ
647 3043 743 3099 ρηοιν;
757 3022 824 3160 'lq'pic
837 3022 930 3082 ἐναυά·
978 3019 1189 3099 fragiumseei.
1206 3018 1283 3092 Quid
1296 3019 1366 3076 enim
1382 3018 1444 3076 ait?
1462 3021 1517 3077 Ter
1532 3021 1721 3113 naufragium
1735 3067 1757 3099 χ
1771 3054 1825 3101 cor.
1842 3069 1866 3103 ,,

159 3120 242 3175 γησα,
256 3097 420 3178 νυχθήμερον
435 3100 461 3155 ἐν
476 3101 515 3178 τῷ
530 3102 601 3177 βυθῷ
612 3100 756 3172 πεποίηκα·
794 3102 863 3182 ρίτον
896 3101 930 3183 tp
979 3099 1052 3177 feei,
1065 3109 1149 3155 nocte
1161 3109 1190 3154 et
1203 3099 1251 3156 die
1270 3103 1301 3154 in
1320 3099 1469 3179 profundo
1491 3119 1581 3156 maris
1595 3101 1653 3178 sui.
1668 3101 1723 3158 Ter
1736 3117 1774 3162 ιο.

160 3177 320 3256 ἐναυάγησεν
334 3181 350 3247 ἡ
366 3175 552 3256 άνθρωπότης,
572 3177 643 3245 ἅπαξ
666 3181 693 3237 ἐν
718 3183 757 3261 τῷ
775 3124 930 3262 παραδείσῳ
981 3176 1053 3236 enim
1075 3175 1244 3255 naufragium
1259 3176 1321 3234 lecit
1341 3176 1458 3235 humana
1471 3191 1584 3250 natura;
1598 3177 1680 3236 sernel
1697 3180 1724 3238 in

161 3257 204 3315 διδ
228 3261 275 3326 τῆς
297 3255 493 3334 παραβάσεως,
511 3255 628 3335 δεύτερον
650 3257 731 3316 πάλιν
753 3261 780 3317 ἐν
794 3263 833 3338 τῷ
846 3283 931 3318 κατα·
981 3255 1108 3334 paradiso
1131 3276 1181 3334 per
1200 3255 1452 3334 transgressionem,
1470 3257 1588 3315 secundo
1607 3258 1634 3314 in
1652 3256 1727 3316 dilu-

160 3337 272 3414 κλυσμῷ
296 3337 375 3405 Νῶε,
398 3333 485 3414 τρίτον
502 3335 570 3411 μετὰ
589 3334 620 3393 τδ
642 3335 763 3403 δέξασθαι
783 3339 827 3396 τὸν
850 3339 930 3404 νόμον
982 3335 1028 3393 vio
1047 3334 1209 3408 Noe,tertio
1233 3335 1394 3414 postiegem
1409 3349 1546 3415 acceptam
1565 3336 1681 3416 populus
1699 3339 1728 3397 in

160 3414 241 3489 οπρὸς
262 3411 309 3483 τὴν
334 3412 551 3491 εἰδωλολατρείαν
577 3413 695 3481 ἐξέπεσεν
710 3420 723 3474 ὁ
736 3415 815 3486 tute,
831 3417 880 3484 ίως
901 3409 930 3476 οὗ
982 3413 1117 3472 idolorum
1132 3413 1238 3471 cultum
1254 3413 1366 3485 incidit,
1387 3412 1471 3473 donec
1495 3414 1604 3473 veniens
1626 3418 1732 3476 anima·

161 3491 243 3551 ἐλθὼν
255 3495 268 3550 ὁ
282 3496 335 3551 τῶν
348 3495 438 3572 ψυχῶν
452 3494 529 3569 ήμῶν
546 3491 707 3573 κυῦερνήτης
723 3494 848 3574 Χριστὸς,
864 3496 931 3568 στή-
982 3513 1043 3551 rum
1058 3505 1210 3551 nostrarum
1224 3493 1388 3570 gubernator
1409 3492 1552 3567 Christus,
1569 3495 1655 3552 crucis
1679 3517 1729 3564 νε,-

162 3594 211 3638 σας
226 3570 257 3630 τὸ
270 3570 351 3630 ἱστίον
376 3576 422 3630 τοῦ
437 3576 550 3652 σταυροῦ
565 3574 592 3631 ἐν
614 3571 683 3651 μίση
703 3576 796 3652 τῇγῆ,
812 3574 931 3670 άχιίμα-
983 3571 1079 3631 lumin
1090 3570 1177 3630 media
1190 3585 1260 3630 terra
1274 3571 1384 3642 sistens,
1402 3573 1729 3651 tempestatibusliberam

161 3673 222 3709 στον
237 3655 300 3727 ἡμῖν
320 3650 364 3709 τὸν
386 3651 425 3716 είς
443 3650 614 3728 υθρανόπολιν
635 3653 718 3710 πλοῦν
732 3639 931 3732 “οίιιονομησιν.
983 3650 1061 3711 nobis
1075 3648 1195 3730 providit
1209 3650 1237 3709 in
1264 3650 1358 3732 urbem
1372 3651 1504 3710 calestem
1522 3653 1728 3731 navigationem.

162 3730 337 3808 Νυχθήμερον
351 3732 378 3788 ἐν
387 3733 425 3809 τῷ
440 3731 512 3809 βυθῷ
526 3728 670 3802 πεποίηκα.
688 3729 781 3791 Νύκτα
794 3734 867 3811 λέγει
883 3732 931 3808 τήν
946 3780 966 3827 D
983 3733 1077 3790 Nocte
1097 3742 1126 3788 et
1145 3731 1193 3788 die
1213 3734 1246 3787 in
1264 3731 1415 3810 profundo
1437 3735 1526 3791 muris
1537 3734 1603 3816 sui.
1618 3733 1729 3794 Noctem

160 3808 213 3889 πρὸ
229 3814 276 3880 τῆς
291 3814 337 3868 τοῦ
351 3809 476 3889 Σωτῆρος
491 3809 636 3887 παρουσίας
649 3811 677 3868 ἐν
690 3814 723 3890 τῇ
735 3817 843 3892 ακοτινῇ
863 3814 931 3873 πλά·
984 3808 1102 3889 appellat
1121 3807 1196 3867 illam
1215 3809 1243 3867 in
1258 3809 1407 3888 caliginoso
1421 3831 1511 3870 errore
1532 3832 1651 3888 moram,
1667 3834 1728 3892 quae

161 3911 194 3966 νῃ
210 3887 357 3969 διατριῦήν·
367 3888 469 3968 ἡμέραν
484 3886 511 3948 δὲ
526 3887 655 3968 λε’γιιπλν
669 3889 736 3967 μετὰ
751 3893 867 3968 Χριστοῦ
878 3916 933 3952 πα-
984 3890 1085 3949 Christi
1100 3886 1247 3969 adventum
1259 3889 1400 3948 antecessit
1411 3911 1419 3961 ς
1431 3888 1502 3949 diem
1525 3911 1596 3950 vero
1607 3890 1685 3951 illum
1700 3893 1728 3952 in

164 3965 270 4047 ρουσίαν
285 3969 312 4025 ἐν
326 3969 364 4046 τῷ
383 3970 502 4048 φωτεινῷ
526 3967 692 4046 βαπτίσματι
714 3970 859 4049 διαγωγήν.
874 3969 932 4031 Πά·
983 3968 1075 4028 lucido
1099 3968 1234 4048 baptismo
1255 3981 1376 4043 statum,
1402 3968 1449 4046 qui
1475 3969 1576 4029 Christi
1600 3986 1730 4049 sequutus

163 4068 213 4115 σηε
228 4038 271 4104 οὖν
293 4049 341 4116 τῆς
355 4045 566 4127 άνθρωπάτητος,
580 4047 666 4116 καθὼς
686 4048 805 4128 ἔφαμεν,
820 4049 872 4111 oxi
884 4055 933 4122 τῆς
983 4061 1024 4107 est
1043 4046 1199 4107 adrentum.
1222 4047 1291 4105 Cum
1315 4060 1370 4106 tota
1390 4049 1475 4126 igitur
1495 4063 1590 4109 natura
1611 4050 1730 4112 humana

162 4129 207 4183 τοῦ
226 4124 348 4183 διαβόλου
370 4125 464 4192 κακίας
483 4126 696 4205 χειμαζομένης,
709 4128 846 4206 θεωρήσας
858 4134 873 4188 ὁ
886 4136 933 4190 τοῦ
985 4148 1033 4220 ρετ
1049 4126 1196 4204 nequitiam
1212 4126 1334 4200 diaboli,
1356 4139 1385 4184 ut
1406 4127 1547 4204 diximus,
1567 4132 1729 4210 jactaretur,

162 4205 233 4263 Θεοῦ
246 4204 339 4280 Λόγος,
351 4203 431 4262 ἐλθὼν
447 4206 483 4272 εἰς
497 4205 571 4264 τόνδε
582 4207 626 4264 τὸν
643 4206 714 4284 βίον,
728 4207 878 4291 ιίσίρχεται
893 4212 931 4276 είς
985 4205 1015 4267 td
1029 4205 1124 4264 videns
1137 4205 1261 4266 Verbum
1281 4200 1348 4279 Dei,
1361 4206 1388 4265 in
1402 4206 1472 4266 banc
1494 4208 1578 4267 vitam
1599 4216 1729 4282 veniens,

162 4281 212 4353 τήν
225 4282 327 4341 κοιλίαν
342 4288 387 4340 τοῦ
399 4283 491 4340 πλοίου
505 4287 552 4354 τῆς
566 4287 697 4363 παρθένου
711 4288 826 4369 Μαρίας·
838 4279 868 4347 οὗ
881 4288 930 4360 τήν
985 4285 1137 4365 ingreditur
1157 4285 1185 4342 in
1203 4285 1346 4345 cavitatem
1368 4286 1469 4364 navigii
1488 4287 1602 4366 virginis
1617 4280 1729 4349 lilariae:

163 4359 251 4420 ιίιιάνα
262 4365 288 4420 ἐν
298 4360 376 4441 Ἰωνᾷ
389 4365 427 4442 τῷ
439 4362 561 4441 προφήτῃ
574 4372 709 4441 γεγονυῖαν
721 4366 844 4446 εὕραμεν.
857 4366 932 4444 iliis·
986 4367 1064 4445 cujus
1079 4378 1175 4445 typum
1191 4364 1217 4422 iu
1233 4367 1301 4425 Jona
1321 4365 1453 4444 propheta
1474 4381 1630 4445 expressum
1650 4368 1731 4428 inve-

162 4463 241 4500 πεται
282 4439 419 4519 δρΊωνᾶς
438 4444 475 4508 τίς
497 4442 601 4514 Numi,
614 4440 722 4524 ἔρχεται
735 4448 750 4502 δ
765 4445 879 4526 Χριστὸς
895 4449 932 4513 τίς
986 4445 1086 4506 nimus.
1110 4444 1230 4502 Mittitur
1250 4443 1321 4501 enim
1343 4444 1426 4503 Jonas
1449 4445 1587 4520 Ninimn,
1608 4447 1732 4507 Christus

163 4520 237 4579 τόνδε
251 4465 295 4579 τδν
330 4520 382 4578 ιὀν·
395 4518 543 4601 άπίρχεται
555 4520 668 4590 θἸωνᾶς
683 4526 719 4591 είς
733 4524 763 4582 sb
775 4527 877 4597 πλοῖον,
887 4526 932 4585 καὶ
949 4563 969 4610 Ε
988 4525 1015 4583 in
1032 4524 1101 4582 hanc
1113 4522 1198 4580 vitam
1212 4523 1301 4580 venit:
1317 4524 1399 4581 Jonas
1413 4522 1470 4581 abit
1490 4523 1518 4582 in
1539 4524 1692 4616 navigium,
1706 4541 1733 4587 et

166 4597 260 4670 είςτιλν
274 4602 431 4670 κοιλην“τοῦ
448 4597 541 4659 πλοίου
561 4600 696 4674 καθεύδει,
708 4603 781 4663 uelo
798 4611 843 4664 τοῦ
863 4608 933 4666 Θεοῦ
988 4605 1016 4662 in
1042 4601 1156 4661 cavitate
1179 4600 1283 4677 navigii
1307 4599 1423 4674 dormit;
1437 4602 1562 4670 Verbum
1581 4619 1662 4666 ettam
1680 4609 1733 4668 Dei

166 4677 251 4756 Λόγος
263 4680 289 4736 ἐν
301 4678 376 4738 ίννία
388 4677 470 4756 μησίν
482 4681 553 4760 ίντῇ
567 4679 656 4762 κοιλίρ
666 4685 713 4753 τῆς
726 4683 856 4763 παρθένου
867 4685 932 4744 tta-
989 4703 1037 4764 per
1052 4700 1148 4741 novem
1162 4700 1265 4749 menses
1277 4680 1305 4738 in
1327 4693 1419 4739 ventre
1431 4681 1555 4762 Virginis
1569 4686 1663 4745 Maria
1678 4687 1735 4747 iere

199 4899 210 4924 ¹
229 4882 356 4954 [ιθραῦμιν
372 4886 454 4938 forma
468 4889 623 4959 mengniaco]
846 4947 852 4956 ³
975 4889 1061 4941 multis
1073 4886 1157 4941 verbis
1168 4887 1202 4939 eb
1212 4886 1261 4939 hac
1280 4887 1439 4958 diphthongo
1453 4891 1631 4958 incipientibus
1650 4912 1736 4947 recen·

202 4965 214 5003 ¹³
231 4966 294 5030 [τοῦ
311 4969 391 5032 ἀνδρὸς
410 4964 449 5015 vel
471 4979 629 5034 corruptum,
645 4966 684 5018 rel
703 4966 805 5020 aliunde
828 4967 926 5022 illatum
975 4968 1290 5030 tioressolentomittere,
1303 4986 1360 5019 cum
1373 4981 1473 5021 veteres
1485 4971 1593 5023 nonnisi
1611 4974 1636 5023 in
1650 4975 1737 5039 paucis

167 5040 278 5092 ridetur.
289 5040 435 5092 Genitivum
447 5043 555 5110 aliquem
567 5043 817 5098 desideramusnavis
827 5060 927 5114 partem
976 5047 1126 5118 quibusdum
1146 5044 1332 5112 diphthongum
1352 5046 1535 5113 relinquerent.
1548 5051 1612 5113 Quae
1624 5069 1685 5103 vero
1696 5064 1737 5103 snt

167 5117 361 5185 significantem,
374 5122 575 5188 conjungendum
589 5138 647 5173 cum
660 5128 745 5176 booles
758 5127 899 5196 δεξάμενος-Ι
977 5127 1058 5180 multa
1069 5125 1183 5192 exempla
1193 5123 1300 5191 neglecti
1315 5125 1340 5176 in
1352 5111 1546 5193 diphthongo'eu
1561 5132 1688 5197 augmenti
1697 5148 1738 5183 re·
1816 5116 1821 5122 ⁷

201 5200 213 5226 “
231 5198 399 5266 [scripsimus
407 5215 519 5263 μυστικῶς
529 5219 576 5268 pro
587 5203 709 5270 putesne-l
975 5211 1086 5274 perimus
1096 5208 1122 5257 in
1133 5203 1195 5257 silva
1208 5204 1360 5268 scriptorum
1374 5205 1526 5270 spuriorum,
1537 5224 1566 5257 ea
1583 5210 1667 5272 omnia
1679 5227 1740 5262 cor·

201 5286 211 5309 ·
227 5277 453 5348 {Verulamio}
976 5289 1093 5349 reximus,
1112 5283 1261 5337 sorentum
1278 5281 1449 5348 imbuentem]

201 5356 215 5396 ‘¹
234 5354 401 5426 [οθιονομηαιη
414 5355 451 5408 εἰσ
471 5355 566 5427 absque
584 5370 728 5428 augmento,
737 5359 806 5428 quod
825 5360 851 5413 in
869 5378 926 5428 per-

330 5469 402 5510 rorr.
424 5470 496 5512 xus.
867 5515 871 5524 ,
1407 5480 1411 5487 ’
1564 5456 1603 5513 i'i
