3714 5970
174 459 241 533 186
642 475 673 520 s.
702 469 844 523 ioannis
870 467 1104 515 cnnrsusronn
1133 468 1233 528 vira,

168 607 339 670 incendisset.
357 601 532 665 Innocentius
548 620 614 661 vern
628 598 686 658 illis
696 595 856 677 respondere
868 593 911 652 di·
963 613 1036 652 cum.
1051 590 1154 673 Milites
1172 604 1265 650 antem
1278 588 1419 663 Praesecti,
1432 588 1479 668 qui
1494 589 1574 647 illum
1587 589 1615 647 in
1629 591 1705 649 exsi-

169 715 270 782 gnatus
290 720 343 758 non
363 711 411 757 est.
427 697 492 755 Post
515 692 620 771 aliquot
635 690 694 750 dies
709 693 824 750 Romam
838 686 912 745 venit
964 684 1034 745 lium
1047 683 1200 754 ducebant,
1217 683 1288 743 nihil
1308 703 1362 742 non
1382 680 1497 757 agelrant
1511 694 1541 740 ut
1561 679 1640 739 illum
1659 702 1706 740 re-

168 794 251 853 ctiam
263 791 392 872 Cyriacus
406 787 549 868 episeopus
566 806 600 844 cx
614 784 735 857 Oriente,
753 780 848 862 pulsus
865 799 912 859 per
964 791 1085 837 crearent
1097 798 1129 836 ac
1142 776 1300 848 reficerent,
1315 774 1422 856 ipsique
1433 773 1514 832 etiam
1527 771 1607 852 plura
1626 793 1708 850 quam

168 907 227 946 eam
246 886 332 963 legem
343 904 403 960 quae
411 881 521 940 larebat:
529 881 566 939 st
572 882 638 958 quis
650 898 708 935 non
717 876 913 934 communicat
964 870 1047 929 vellet
1061 868 1152 929 officia
1174 868 1349 950 prestabant.
1364 867 1469 925 Rumor
1486 866 1578 926 statim
1599 885 1708 944 sparsus

169 999 235 1038 cum
245 976 415 1055 Theophila,
430 967 911 1048 ArsacioetPorphyrio,illeqai-
964 961 1050 1021 lucrat
1074 961 1164 1042 ipsum
1193 960 1221 1019 in
1249 959 1393 1040 Scythiam
1414 952 1613 1040 deportandum
1638 977 1704 1016 esse.

168 1073 232 1131 &m
248 1073 412 1149 episcopatu
423 1079 567 1135 arceatur,
581 1063 670 1123 simul
681 1066 768 1120 etiam
780 1062 911 1128 amittat,
964 1057 1057 1114 Primo
1082 1066 1215 1112 statutum
1238 1052 1321 1112 fuisse
1346 1049 1454 1110 videtur
1480 1050 1508 1108 in
1529 1048 1707 1128 imperatoria

168 1169 194 1222 st'
203 1184 292 1245 quom
300 1160 488 1240 oisnssuerit
505 1157 815 1216 haberesubstantiam
824 1139 911 1228 pecu·
964 1146 1046 1219 aula,
1063 1144 1130 1205 dicit
1146 1145 1193 1204 illc
1205 1145 1233 1204 in
1248 1143 1371 1226 Epistola
1388 1141 1493 1202 decima
1505 1140 1601 1214 tertia,
1615 1153 1645 1198 ut
1657 1140 1705 1200 se·

124 1259 288 1317 ammarum
299 1267 351 1313 aut
362 1251 547 1331 praediorum.
559 1249 623 1307 Post
638 1245 784 1326 Cyriacum
802 1242 912 1302 advenit
965 1239 1101 1314 basteam,
1127 1239 1259 1297 Armeniae
1282 1234 1565 1311 urbem,exsulatum
1586 1233 1707 1292 mittere·

169 1342 312 1425 Faalysius,
327 1339 410 1400 etalii
423 1337 581 1418 quoquc,de
593 1334 695 1414 quibus
708 1332 776 1392 inira
790 1330 912 1391 narrabi-
965 1345 1029 1390 ture
1047 1329 1110 1403 sod,
1127 1343 1232 1389 mutato
1246 1323 1374 1400 consilio,
1389 1329 1527 1387 Cueusnm
1538 1325 1638 1383 missus
1650 1338 1708 1397 est,

169 1455 231 1496 mus
250 1457 257 1491 ε
273 1454 336 1493 nam
352 1433 484 1514 Cyriacus
495 1428 600 1490 nonnisi
614 1448 685 1487 anno
701 1429 760 1487 tus
774 1426 914 1485 advenisse
965 1422 1057 1481 locum
1071 1421 1206 1480 Armeniae
1218 1419 1440 1480 desertissimum.
1453 1418 1515 1497 lpse
1528 1436 1593 1474 vero
1606 1414 1709 1474 amico-

169 1526 268 1607 potuit.
293 1530 362 1584 Ante
384 1520 575 1606 prosectionem
600 1541 664 1581 vero
683 1540 759 1579 suam
777 1519 913 1597 aliquanto
965 1535 1026 1573 rum
1040 1513 1309 1594 multorumoperam
1319 1507 1709 1583 adhibuerat,utinmitiorem

169 1633 289 1700 tempore
302 1614 535 1696 Constantinopoli
548 1613 648 1673 occulti
665 1633 798 1672 mansere.
965 1620 991 1666 et
1011 1605 1232 1688 propinquiorem
1244 1605 1335 1665 locum
1348 1602 1509 1663 mitteretur.
1523 1603 1648 1675 Verum,
1663 1619 1711 1658 nec

66 1715 163 1761 nonant
210 1710 270 1769 Hoc
287 1709 347 1790 ipso
369 1727 439 1768 anno
458 1708 535 1778 tot,
548 1725 598 1765 nec
617 1703 704 1764 multo
725 1716 784 1784 post
804 1701 914 1782 pulsum
966 1701 1024 1761 sine
1037 1701 1157 1781 querela,
1166 1700 1234 1761 dicit
1247 1701 1320 1782 ipsos
1330 1718 1487 1777 remquam
1497 1695 1621 1757 scelerati
1631 1693 1712 1754 etiam

18 1778 143 1886 mx„
171 1807 317 1878 Joannem,
326 1873 328 1880 Ι
337 1799 493 1873 Honorius,
507 1796 662 1858 Occidentis
680 1797 848 1876 imperator,
864 1795 914 1852 tr-
967 1792 1090 1853 homines
1103 1793 1267 1874 impetrant,
1278 1790 1405 1870 oensequi
1418 1811 1472 1850 non
1485 1788 1613 1869 potuisse.
1624 1788 1711 1868 Impe-

20 1901 102 1948 tum.
176 1885 916 1972 eadiolratrisuoscripsit,acsenupcracccpissedicit
967 1885 1094 1945 ratricem
1108 1906 1173 1945 vcro
1183 1874 1524 1944 EudoxiamseCucitsum
1534 1880 1610 1940 mitti
1614 1880 1712 1960 jussis·

47 1986 199 2047 chrysanti„
211 1985 296 2046 dies.
311 1984 438 2058 Paschae,
452 1984 557 2043 clausas
569 1981 661 2041 subito
670 1981 753 2040 luisse
765 1979 915 2040 Catholicas
967 1998 995 2036 se
1005 1975 1072 2036 dicit
1085 1977 1113 2036 in
1125 1975 1247 2057 Epistola
1258 1973 1392 2035 CXXXV
1407 1972 1442 2033 ad
1454 1974 1611 2054 Cyriacum.

20 2047 309 2155 ¹·³·¹’'⁵²⁶'eoetaias,
326 2091 414 2139 trusos
426 2077 455 2137 in
471 2075 621 2136 custodiam
642 2072 810 2146 sacerdotes,
823 2073 915 2132 omnia
1006 2085 1160 2163 luxquemi
1181 2083 1266 2164 igitur
1287 2081 1334 2143 die
1353 2078 1712 2162 Chqwstomus,1>memi

170 2171 301 2233 bellicum
314 2171 343 2231 in
357 2171 468 2230 modum
489 2170 597 2230 turbata
611 2167 757 2248 mysteria,
772 2166 917 2226 nonnullos
967 2179 1067 2239 mensi,
1086 2160 1373 2256 q122120'‚quimemi3
1396 2176 1530 2233 {tammus
1545 2171 1639 2234 Julius
1658 2184 1711 2246 αι,
1721 2176 1765 2235 ttpn

170 2266 200 2325 in
212 2264 280 2347 ipsis
300 2264 417 2324 ecciesiae
435 2262 560 2324 sacrariis
576 2261 732 2322 interemtos
749 2258 849 2333 tuisse,
862 2259 916 2340 epi·
968 2286 999 2331 ut
1014 2269 1107 2330 videa,
1121 2267 1193 2350 apud
1208 2265 1328 2329 salida„
1351 2280 1379 2326 οι
1397 2264 1559 2338 Uenerium,
1572 2264 1665 2325 Nica
1685 2265 1718 2324 in.

170 2379 319 2439 scoposque
339 2356 366 2415 in
385 2354 511 2416 exsilium
525 2354 630 2436 pulsos.
647 2358 679 2414 ln
693 2353 752 2411 haec
766 2366 856 2411 autem
870 2351 917 2411 ille
968 2362 1098 2443 Bithynia
1113 2361 1248 2441 profectus
1262 2372 1314 2418 at.
1331 2356 1490 2436 &demque
1506 2355 1553 2416 die
1572 2357 1715 2437 epistolam

170 2449 370 2512 vehementiore
390 2447 481 2533 stylo,
495 2460 527 2506 ut
539 2468 590 2527 par
602 2459 678 2522 erat,
692 2443 849 2505 invehitur:
864 2443 916 2502 sub
969 2454 1079 2534 scripsit
1095 2453 1132 2512 ad
1149 2450 1337 2512 constantium
1350 2449 1557 2530 presbyterum,
1570 2449 1715 2510 cohortans

111 2608 114 2613 1
171 2543 254 2603 finem
268 2562 333 2603 Vei‘O
344 2540 435 2600 innuit
445 2537 653 2620 esspoela'lllda'lm
671 2536 753 2596 luisse
771 2537 851 2615 psspae
862 2557 916 2594 all·
969 2547 1088 2607 illumin
1098 2566 1134 2605 ne
1147 2567 1181 2604 οι
1190 2544 1328 2631 praemis
1339 2543 1464 2625 pmoessae
1474 2557 1635 2624 tempestate
1642 2565 1715 2603 mo.

172 2635 333 2709 ctoritatem,
343 2633 390 2713 qui
403 2630 652 2715 pacificamJoanni
664 2630 790 2709 episcopo
803 2648 918 2688 concor·
969 2652 1079 2698 veretur
1094 2639 1131 2697 ab
1151 2636 1242 2697 officjo
1254 2650 1307 2695 eta
1321 2657 1351 2696 re
1364 2649 1503 2716 sumta,
1515 2637 1564 2696 aad
1579 2657 1630 2718 pm
1642 2657 1716 2697 more

173 2727 249 2787 diam
259 2726 387 2794 miserat,
406 2745 455 2784 nec
468 2743 630 2802 quemquam
644 2721 757 2802 putabat
769 2733 831 2780 ante
844 2719 918 2800 jndi·
970 2751 1020 2790 ⁵110
1029 2751 1094 2802 ρος,
1109 2728 1157 2807 qui
1171 2727 1263 2787 adhuc
1276 2714 1437 2788 Grajoerum
1447 2727 1634 2807 superstitioni
1646 2773 1656 2804 ‚
1669 2749 1715 2788 „a

171 2820 247 2880 ὀἰιιιιι
261 2816 445 2900 repellendum
455 2836 521 2876 esse.
528 2813 683 2874 Periculum
696 2832 759 2872 vero
770 2810 838 2870 dicit
844 2831 919 2886 esse,
970 2821 1148 2898 idolotatria,
1163 2819 1250 2881 dediti
1273 2834 1366 2896 eram,
1380 2819 1417 2880 ad
1437 2820 1520 2880 fidem
1533 2821 1716 2881 christiam

174 2934 209 2974 ne
226 2911 256 2972 id
277 2910 439 2972 inhumani
460 2909 566 2988 generis
586 2906 733 2988 perniciem
749 2907 849 2964 lactum
869 2905 916 2963 sit.
971 2928 1125 2976 muneram
1145 2926 1289 2996 pergeret,
1306 2926 1333 2973 ιι
1354 2912 1469 2994 impiam
1490 2894 1652 2992 religionem
1670 2935 1718 2974 η.

214 3004 293 3066 Nihil
307 3004 334 3064 in
350 3003 412 3063 aula
424 2998 718 3080 constantinopolitana
732 2997 797 3058 boni
811 3017 920 3078 peperc-
971 3008 1148 3082 amima,
1162 3019 1243 3084 atque
1256 3005 1422 3082 Phouraia,
1440 3005 1546 3065 Arabia
1559 3017 1587 3064 er
1597 3003 1719 3065 orientis

177 3112 244 3159 runt
265 3096 380 3158 Honorii
403 3095 505 3171 litera,
519 3091 637 3153 Arcadio
657 3111 762 3170 semper
782 3091 876 3149 uxoris
896 3103 923 3150 et
975 3100 1158 3160 &etesiarum
1173 3119 1266 3159 curam
1280 3111 1381 3178 gereret
1394 3118 1402 3155 ι
1422 3094 1544 3174 dicitque
1557 3116 1588 3156 se
1599 3117 1655 3157 non
1667 3097 1719 3157 Se-

26 3188 138 3296 θδθίῗὲ·
150 3185 168 3230 ¹·
177 3189 331 3250 aulicorum
338 3202 430 3270 optata
443 3185 687 3265 sequente.Verum
698 3183 738 3243 ira
749 3181 922 3260 vindictaque
973 3195 1111 3264 hastam,
1125 3205 1157 3250 ut
1169 3191 1300 3273 putabat,
1315 3188 1363 3249 sed
1381 3189 1522 3249 cucusum·
1538 3187 1567 3246 in
1589 3186 1718 3248 exsilium

44 3265 84 3297 '⁰'
130 3276 137 3291 ⁸
177 3281 272 3342 divina
289 3281 389 3356 saeviit,
409 3300 425 3338 a
444 3277 591 3355 multisque
604 3275 743 3335 observata
758 3272 830 3333 suite
858 3294 920 3332 nam
974 3284 1101 3346 mium„
1116 3283 1301 3343 finevemajr
1332 3281 1458 3341 sibim
1470 3281 1721 3360 pmfoetimmu.

25 3332 143 3382 w'i’
176 3373 229 3434 boc
237 3395 307 3461 anno
315 3370 434 3432 Thracia
444 3369 617 3449 etlllyricum
627 3365 921 3426 abHunnisdevastata
975 3327 1585 3455 faesuiffi‚utesflh111lnacyprihmin
1597 3375 1720 3435 mmo.

177 3467 267 3527 luere:
282 3480 309 3526 et
323 3486 378 3545 quo
393 3464 641 3544 temporeloannes
653 3459 822 3541 pellebatur,
840 3459 921 3517 lsau-
942 3540 945 3545 y
973 3469 1124 3541 nisurum,
1146 3488 1206 3545 φη
1227 3467 1267 3529 ihi
1290 3465 1480 3546 grassamur,
1503 3465 1667 3531 eliminant,
1688 3468 1719 3528 Si

177 3581 271 3621 mrum
281 3557 393 3618 rebellio
407 3550 638 3634 0011δωῦῙίῃῦΡοῙί
653 3550 773 3610 nuntiata
785 3551 836 3609 luit
847 3594 857 3626 7
873 3548 921 3629 qul
973 3582 1039 3622 geg-0
1060 3560 1192 3641 Cyriacus
1212 3558 1354 3640 episoepus
1376 3556 1466 3619 adhuc
1487 3559 1719 3641 &munfimpolj

177 3654 206 3715 in
224 3652 317 3712 Asiam
332 3650 467 3710 Minorem
480 3660 507 3705 et
521 3645 552 3705 in
566 3645 675 3725 Syriam
691 3643 762 3703 mala
781 3642 921 3702 innumera
973 3651 1197 3730 352,50r1h21i11i
1214 3665 1244 3710 ut
1259 3665 1397 3732 pergam
1418 3652 1560 3732 perflare,
1579 3673 1642 3730 qm
1663 3654 1720 3734 ip„

176 3744 303 3805 intulere.
319 3740 454 3821 Cyrinus,
468 3736 648 3797 Ch³l⁰⁰d⁰¹¹i⁵
668 3735 826 3816 ‘Piswpuss
852 3755 922 3794 ⁰⁰⁰⁵
974 3765 1115 3826 aggressus
1135 3744 1233 3804 itrcrat.
1253 3744 1300 3805 Sic
1316 3743 1501 3803 sanctissimus
1512 3742 1562 3803 ille
1575 3744 1635 3818 vir,
1651 3766 1719 3804 ena·

178 3858 214 3896 ex
233 3830 438 3894 ardentioribus
455 3828 567 3891 loannis
586 3827 721 3900 inimicis,
735 3828 782 3905 qni
798 3825 825 3884 in
841 3840 923 3907 eaput
976 3837 1047 3896 mnis
1062 3835 1183 3915 undique
1198 3834 1399 3917 prementibus,
1413 3834 1542 3914 augenda
1556 3835 1584 3894 in
1603 3836 1718 3897 diversis

178 3951 277 4002 sunm,
305 3940 336 3987 nt
362 3946 444 4006 supra
472 3923 613 3991 vidimus.
634 3923 792 4002 sanguinem
812 3922 923 3983 ioannis
977 3928 1133 4008 regionibus
1147 3927 1307 3987 Christianae
1318 3927 1356 3986 rei
1367 3947 1461 3986 curam
1474 3948 1625 4006 numquam
1635 3927 1719 4010 depo·

178 4020 328 4082 contulerat
338 4064 348 4091 ,
373 4039 409 4077 cx
428 4016 522 4075 dolore
543 4036 605 4076 crus
624 4015 677 4074 sibi
695 4014 816 4074 exscindi
827 4016 923 4094 jubere
975 4020 1065 4080 nebat.
1084 4019 1235 4100 Epistulam
1249 4040 1313 4079 vero
1324 4019 1359 4078 ad
1372 4018 1564 4100 Theophilum
1581 4020 1765 4102 scripsissent

179 4126 286 4186 mactus
304 4125 360 4189 est,
383 4127 414 4171 nt
434 4126 524 4193 postea
547 4110 575 4169 in
597 4109 734 4168 dinturnis
757 4109 923 4169 eruciatibus
976 4125 1105 4192 putatur,
1118 4132 1180 4170 cum
1191 4113 1282 4171 Nicea
1292 4111 1428 4191 proiectus
1440 4125 1525 4184 asset,
1537 4125 1568 4171 ut
1580 4113 1719 4174 Cucusum

179 4204 251 4264 lente
266 4204 373 4284 periret.
389 4205 542 4284 Trigesimo
555 4201 600 4261 die
611 4202 777 4282 Septembris
790 4204 924 4263 Constan·
973 4202 1155 4276 contenderet,
1165 4203 1341 4281 hortaturque
1355 4203 1433 4262 illum
1446 4216 1477 4260 ut
1491 4216 1588 4283 pergat
1603 4206 1720 4284 pericula

111 4319 116 4328 ’
180 4296 310 4378 tinopolis
328 4310 355 4355 et
371 4295 560 4377 circumposita
582 4295 656 4374 regio
675 4294 806 4372 grandine
821 4296 923 4376 ingenti
976 4296 1068 4357 subire
1087 4309 1242 4374 etustrenue
1262 4316 1356 4375 agerc;
1370 4317 1418 4354 neo
1436 4294 1508 4366 clare
1529 4294 1599 4356 dicit
1623 4298 1720 4377 quihus

181 4389 280 4448 afflicta
295 4389 346 4448 luit
358 4413 365 4446 e
377 4403 403 4449 ct
413 4404 489 4449 sexto
502 4387 629 4448 Octobris
644 4387 740 4446 infelix
753 4386 880 4448 Eudoxia
895 4390 923 4448 in
976 4388 1023 4447 ille
1042 4387 1125 4447 rebus
1147 4401 1212 4446 tunc
1233 4408 1342 4468 operam
1365 4387 1450 4447 daret.
1469 4387 1593 4447 Alteram
1614 4390 1672 4470 ejus
1685 4389 1720 4450 ad

30 4540 49 4588 Δ
69 4476 173 4524 Entoat·
182 4479 279 4539 abortu
304 4481 394 4560 periit.
418 4483 486 4540 Haec
512 4479 592 4539 multi
616 4480 810 4555 observavere,
825 4494 852 4540 et
876 4480 924 4540 has
977 4480 1164 4561 Theophilum
1178 4481 1319 4563 epistolam
1334 4481 1483 4552 habemns,
1497 4479 1631 4562 scriptam
1643 4497 1719 4564 post-

30 4549 137 4649 nm:
183 4593 276 4654 poenas
289 4571 324 4630 ob
339 4572 466 4652 injustam
482 4588 508 4631 et
527 4572 674 4633 violentam
694 4572 806 4632 Joannis
824 4572 923 4652 erpul·
977 4594 1058 4653 quam
1073 4575 1211 4632 Cucusnm
1221 4574 1385 4637 advenisset.

43 4688 107 4732 aser.
118 4686 136 4733 t.
148 4684 173 4735 6,
183 4665 285 4726 sionem
298 4684 315 4722 a
326 4665 385 4723 Deo
397 4663 512 4724 inflictas
524 4679 664 4745 putavere.
675 4664 808 4724 arcadius
821 4678 925 4742 nmen,
1019 4668 1090 4726 Cum
1112 4667 1260 4726 Caesaream
1280 4668 1309 4726 in
1332 4665 1524 4748 Cappadocia,
1542 4666 1635 4728 Nicaea
1653 4690 1718 4751 pro·
1727 4695 1765 4756 ηρ·

28 4765 52 4794 ⁶·
66 4761 102 4810 ¹9·
183 4772 231 4818 aut
252 4758 343 4839 potius
366 4757 413 4836 qui
433 4756 508 4815 illius
521 4757 629 4816 nomine
643 4756 734 4816 omnia
748 4757 924 4819 moderaban-
977 4761 1084 4830 lectus,
1108 4758 1269 4833 duceretur,
1284 4757 1443 4839 Olympiadi
1467 4758 1593 4838 scripsit,
1607 4773 1635 4819 et
1654 4760 1717 4839 qui·

183 4867 249 4927 tur,
263 4850 290 4909 in
305 4863 393 4932 coepto
407 4849 558 4930 perstitere.
976 4853 1039 4912 dem
1061 4853 1143 4932 paulo
1165 4865 1308 4932 postquam
1321 4852 1371 4911 iter
1382 4850 1455 4911 illud
1468 4865 1644 4932 susceperat,
1658 4873 1718 4912 curn

222 4947 339 5007 loannes
363 4962 428 5003 vero
454 4940 550 5000 Nicaeae
577 4940 606 4999 in
631 4939 759 5020 Bithynia
786 4941 925 5020 aliquanto
977 4945 1069 5003 adhuc
1086 4943 1240 5002 valetudine
1254 4944 1415 5022 illa‚qnam
1430 4944 1529 5003 Nicaeae
1543 4965 1718 5027 recsrperave·

182 5054 303 5120 tempore
322 5035 465 5108 detentus,
480 5054 515 5094 ex
527 5033 597 5093 aeris
609 5033 769 5094 salubritate
789 5035 925 5096 valetudi·
978 5051 1036 5111 rat,
1050 5050 1076 5096 ct
1088 5036 1170 5095 animi
1191 5036 1327 5097 hilaritate
1337 5037 1480 5096 frueretur.
1494 5035 1535 5095 Ea
1546 5057 1638 5110 -vero,
1660 5058 1719 5117 qne

183 5152 244 5192 nem
259 5143 287 5190 ct
306 5128 426 5211 corporis
447 5126 531 5186 robur
551 5141 730 5204 consequutus
748 5139 805 5201 est,
824 5142 855 5187 ut
869 5129 926 5210 ipse
977 5130 1013 5190 de
1025 5128 1151 5189 Praefecti
1169 5130 1319 5201 militibus,
1332 5129 1381 5208 qui
1400 5150 1429 5188 se
1446 5128 1474 5187 in
1490 5129 1622 5190 exsilium
1634 5129 1719 5191 dace-

182 5222 251 5282 dicit
264 5221 293 5281 in
308 5221 430 5304 Epistola
443 5217 547 5280 decima
562 5219 604 5309 ad
618 5219 923 5301 Olympiadem,quam
977 5226 1061 5296 bant,
1086 5223 1132 5283 bic
1153 5238 1279 5297 enamat,
1301 5220 1531 5304 pretermittenda
1552 5243 1610 5284 non
1632 5223 1717 5284 duxi·

180 5309 292 5392 scripsit
302 5310 432 5391 postridie
439 5311 609 5389 profecturus
617 5309 772 5386 Cucusum,
785 5311 875 5372 exsilii
886 5314 926 5374 lo·
981 5334 1041 5375 mus
1054 5336 1060 5370 :
1072 5337 1088 5368 a
1102 5314 1188 5390 Atque
1199 5312 1321 5375 Praefecti
1333 5311 1433 5372 milites
1442 5354 1452 5387 ,
1461 5309 1551 5390 inquit
1557 5357 1569 5386 ,
1584 5311 1665 5394 iiqni
1676 5332 1717 5373 no
