3714 5970
136 550 265 599 aenou.
837 529 905 601 283

159 674 298 750 distincta,
310 687 336 732 et
350 674 421 733 uillis
435 674 621 753 frequentibus
635 689 740 736 ornata.
758 688 780 734 t.
797 683 862 734 262.
875 697 902 733 0.

159 763 258 822 ltinera
273 761 363 821 Pauli.
381 777 429 823 tx.
443 772 508 824 stt.
525 783 552 822 ι.

163 1366 216 1412 stra
245 1353 319 1414 ridet
342 1377 389 1434 per
415 1357 466 1415 Dei
480 1357 662 1435 clementiam,
677 1373 703 1420 et
716 1340 906 1424 recreatus'est

162 1453 245 1519 atque
258 1443 431 1502 confortatus.
449 1458 484 1502 tt.
500 1453 567 1504 760.
584 1465 612 1505 s.
624 1468 650 1504 n.
662 1468 689 1506 c.
706 1462 751 1507 lv.
764 1458 829 1510 660.
841 1474 867 1514 s.
876 1474 903 1510 c.

163 1537 229 1588 661.
239 1527 294 1588 Sed
303 1529 366 1608 quia
380 1528 472 1589 adhuc
482 1530 562 1591 timor
569 1532 684 1612 angebat
686 1535 794 1614 justum
801 1580 810 1612 ,
819 1537 856 1597 ad
867 1536 906 1597 in·

163 1614 266 1674 victum
275 1616 424 1676 Dominum
439 1617 605 1697 confugiens,
619 1622 809 1700 promissiones
821 1624 907 1704 ipsius

162 1702 197 1760 ab
210 1723 241 1760 eo
252 1703 355 1783 repetit.
370 1713 493 1767 16661.
509 1725 540 1762 n.
555 1727 580 1764 n.
598 1707 658 1765 Non
670 1707 745 1768 aliud
757 1711 906 1771 Dominum

162 1805 303 1869 precatur,
316 1814 396 1871 quam
418 1805 449 1850 ut
462 1793 654 1872 promissiones
671 1816 735 1856 suas
746 1796 904 1879 adimpleat.

165 1887 289 1940 16062.
304 1900 333 1937 0.
350 1901 376 1939 n.
389 1881 511 1938 Fratrem
528 1900 616 1949 suum,
627 1881 699 1941 Esaii
709 1882 817 1961 placare
830 1885 908 1966 cogi-

164 1978 212 2025 tat.
226 1969 272 2025 lb.
290 1967 420 2025 Luctator
433 1988 496 2026 cum
510 1969 618 2048 angelo.
635 1982 682 2031 tv.
699 1979 765 2030 666.
783 1993 809 2030 0.
832 1995 858 2036 n.
876 1995 905 2034 rr.

164 2054 270 2113 Israelis
293 2075 388 2115 nomen
411 2055 509 2136 accipit
532 2056 629 2122 Jacob.
653 2071 700 2120 ttt.
724 2067 788 2118 126.
811 2083 836 2121 ι).
859 2074 903 2120 tv.

165 2150 233 2201 666.
248 2166 273 2201 a.
283 2152 348 2202 oss.
362 2153 506 2207 Vnt-130.
520 2166 545 2203 a.
556 2143 637 2219 Quod
648 2164 743 2205 nomen
752 2148 848 2208 Deum
858 2152 908 2207 ui-

164 2231 237 2288 dens
251 2231 472 2309 interpretantur.
486 2241 610 2292 16666.
623 2233 709 2294 Jacob
721 2234 830 2294 fratrem
841 2234 908 2296 vicit

164 2316 318 2378 humilitate
333 2333 359 2378 ct
382 2320 479 2378 rolrore
493 2319 715 2380 mansuetudinis.
732 2336 779 2381 tv.
794 2331 861 2385 666.
878 2345 905 2387 0.

204 2406 300 2477 Jacob,
315 2407 342 2465 in
358 2409 472 2486 pratriam
487 2428 623 2483 reversus,
639 2409 765 2487 quamvis
779 2409 848 2469 niltil
862 2411 907 2470 illi

165 2493 265 2553 deesset
287 2495 314 2553 in
335 2495 445 2554 terrenis
465 2496 584 2576 opibus,
599 2496 674 2556 nulla
688 2510 775 2557 umen
792 2497 909 2559 edificia

165 2583 326 2646 construxit.
344 2598 390 2644 tv.
408 2594 473 2644 ooo.
493 2586 553 2644 Non
569 2585 611 2643 itti
628 2585 719 2645 nocuit
739 2586 822 2646 Esaii.
847 2600 906 2649 vu.

165 2680 232 2732 607.
251 2693 277 2728 n.
296 2671 361 2730 Pius
378 2673 436 2752 ejus
458 2683 483 2730 et
497 2684 663 2751 gratoserga
680 2674 766 2731 Deum
787 2673 905 2735 anitnus.

163 2771 211 2818 tv.
221 2767 286 2818 060.
296 2766 501 2819 asotorum.
511 2767 577 2818 766.
586 2778 612 2818 0.
622 2759 776 2836 Numquam
788 2762 811 2819 ei
827 2758 906 2819 deiu-

163 2859 242 2904 erunt
257 2867 393 2906 aerumna.
410 2861 434 2912 t.
445 2855 510 2906 266.
522 2854 587 2908 oto.
605 2866 633 2905 o.
645 2866 673 2909 n.
691 2860 742 2907 tv.
760 2856 827 2910 726.
842 2846 911 2909 lnde

167 2934 252 3011 magis
270 2935 381 2998 claruit.
401 2947 459 2996 vu.
479 2942 544 2996 171.
566 2954 589 2991 n.
604 2934 711 3012 Martyr
724 2934 908 3014 appellatura

167 3022 261 3081 Paulo.
279 3037 298 3084 t.
316 3033 381 3085 sto.
396 3045 421 3082 0.
434 3023 507 3081 Deos
522 3020 623 3080 alienos
637 3021 747 3081 sustulit
757 3021 792 3081 de
805 3022 907 3083 familia

167 3131 226 3172 sua.
248 3125 293 3172 tv.
319 3120 384 3169 666.
406 3130 433 3174 c.
453 3108 549 3181 Jacob,
570 3108 682 3168 audiens
701 3123 826 3190 stuprum
843 3112 908 3172 filiae

167 3217 223 3254 sure
237 3197 316 3269 Dina,
328 3219 377 3276 pro
391 3219 439 3255 sua
451 3196 656 3254 mansuetudine
668 3197 740 3256 silet.
759 3206 906 3258 trottae.

206 3286 290 3345 Jacob
307 3299 438 3363 quantum
451 3283 552 3363 loseph
568 3283 711 3343 adamarit.
728 3299 774 3344 tv.
799 3295 864 3346 676.
881 3309 909 3346 o.

168 3382 232 3431 oro.
253 3382 317 3430 otto.
336 3396 361 3431 a.
381 3381 448 3434 711.
464 3395 491 3433 r.
508 3393 536 3432 s.
553 3369 633 3431 Unde
647 3384 719 3431 unta
730 3370 851 3433 ditectio.
864 3388 909 3434 tv.

168 3468 231 3518 676.
252 3481 279 3518 n.
293 3459 376 3517 lllum
391 3459 512 3539 increpat
522 3458 626 3517 somnia
640 3471 803 3535 narrantem,
813 3481 907 3539 quare.

169 3560 213 3605 tv.
233 3556 298 3605 076.
323 3568 350 3607 a.
369 3568 394 3604 n.
414 3546 510 3606 Jacobi
530 3545 609 3605 dolor
621 3545 765 3607 vehemens
777 3545 813 3606 de
824 3561 911 3608 morte

168 3632 218 3691 srlii
232 3656 247 3692 n
259 3633 456 3714 fratribusejus
470 3633 607 3693 simulata.
624 3647 647 3696 t.
663 3642 726 3694 sto.
738 3656 763 3695 n.
778 3656 807 3697 c.
817 3656 845 3694 n.
864 3649 908 3695 tv.

114 3763 116 3771 ·
171 3731 236 3781 686.
256 3746 281 3784 a.
303 3743 331 3781 0.
354 3722 422 3800 Ejus
435 3721 661 3803 lacrymae,cum
681 3722 912 3803 Benjaminase

114 3862 117 3875 ,
170 3810 327 3869 dimitteret.
349 3824 396 3870 tv.
412 3819 477 3869 700.
493 3830 521 3869 0.
542 3830 572 3869 0.
584 3818 659 3873 rto*
672 3818 740 3874 711.
754 3809 840 3870 Nemo
853 3831 914 3883 ser-

114 3927 118 3940 ·
171 3919 249 3957 mone
267 3895 408 3977 complecti
440 3908 527 3976 potest
544 3895 712 3975 voluptatem
739 3896 840 3978 inqua
860 3898 914 3959 fuit

114 4015 119 4051 ι
170 3985 275 4060 Jacob,
295 4003 359 4042 cunt
377 3980 506 4043 didicerit
523 3983 624 4064 loseph
644 3984 750 4045 vivete.
775 3999 821 4046 tv.
843 3994 911 4046 tto.

172 4072 291 4131 Priorem
313 4083 376 4130 tunc
399 4070 520 4151 vigorem
545 4069 663 4152 recepit,
689 4071 837 4151 quomodo.
867 4087 913 4135 tv.

114 4201 117 4211 ·
171 4170 237 4221 720.
255 4183 280 4220 c.
299 4181 328 4218 n.
345 4159 451 4219 (taedii
467 4159 594 4240 lacryma
609 4160 637 4218 in
649 4181 713 4220 sene
722 4161 808 4223 Jacob
822 4160 913 4221 lilium

170 4271 250 4309 suurn
274 4247 373 4327 loseph
396 4246 576 4307 deosculante.
589 4262 637 4309 lv.
653 4257 720 4309 722.
735 4269 762 4309 0.
780 4270 808 4308 n.
827 4249 913 4309 Jacob

171 4359 266 4407 cecus,
282 4336 367 4396 oculis
377 4334 473 4394 mentis
486 4332 605 4394 videbat.
620 4349 667 4394 tv.
681 4343 748 4394 762.
763 4356 791 4393 n.
807 4358 833 4396 s.
854 4337 913 4395 Cur

114 4465 117 4472 -
172 4427 245 4483 Deus
258 4423 397 4482 dimensus
415 4424 451 4481 sit
465 4420 489 4480 ei
507 4421 619 4499 longum
643 4423 708 4481 ritas
729 4434 845 4502 tempus.
863 4436 910 4484 tv.

114 4565 116 4575 ,
171 4523 235 4572 727.
248 4534 276 4570 0.
287 4513 317 4571 S.
329 4510 488 4592 patriarche
498 4506 627 4568 modestia
641 4523 667 4568 et
678 4509 801 4589 religiosa
810 4510 911 4570 anima.

172 4615 215 4659 tv.
230 4609 297 4659 7³2.
314 4622 341 4659 a.
357 4598 435 4657 filiis
445 4595 589 4656 benedicit.
601 4611 647 4658 tv.
661 4607 728 4658 nor,
743 4618 809 4680 sqq.
822 4598 913 4659 Etiam

115 4727 117 4736 ›
170 4703 289 4768 ternpore
318 4687 412 4746 mortis
434 4685 565 4766 singulari
594 4685 738 4747 dilectione
763 4688 914 4768 losephttm

170 4780 287 4839 amabat.
303 4791 348 4836 tv.
369 4784 433 4836 736.
451 4796 481 4834 ι).
502 4783 569 4834 737.
587 4797 613 4836 s.
629 4778 666 4833 At
686 4775 784 4835 Ruben
801 4774 915 4856 vitupe-

171 4881 222 4941 rat,
243 4879 269 4924 et
295 4864 427 4944 flagitium
449 4866 508 4945 ejus
531 4862 633 4944 scripto
655 4862 726 4923 tradi
752 4878 838 4924 curat.
867 4877 913 4926 tv.

115 5005 118 5015 .
172 4964 237 5013 071.
251 4977 278 5011 a.
296 4962 361 5012 767.
377 4972 406 5010 n.
430 4958 496 5010 766.
510 4962 536 5009 et
547 4949 587 5009 sic
601 4949 789 5031 praedictiones
803 4971 866 5010 suas
878 4950 914 5010 ab

172 5041 361 5121 imprecatione
374 5037 479 5119 incipit.
493 5051 526 5101 v.
540 5047 605 5099 266.
617 5060 643 5098 n.
654 5060 682 5098 a.
699 5058 726 5098 n.
741 5038 791 5097 Per
804 5037 911 5118 sapien·

115 5154 119 5188 t
173 5130 237 5188 tiaru
255 5151 269 5187 a
289 5127 393 5209 Spiritu
406 5136 497 5186 sancto
508 5123 560 5184 sihi
572 5121 676 5196 datam,
695 5122 838 5204 prophetat
851 5123 914 5185 exi·

115 5244 118 5279 t
173 5220 243 5278 euius
257 5238 346 5278 senex.
360 5231 406 5276 tv.
420 5224 487 5274 766.
503 5239 528 5274 a.
539 5222 606 5275 730.
619 5233 647 5272 n.
660 5212 782 5293 Tempus
793 5211 914 5273 declarat

115 5350 117 5355 ·
174 5305 322 5386 manifeste,
331 5324 385 5385 quo
394 5303 429 5365 sit
439 5299 605 5363 adventurus
614 5299 748 5361 Christus·
757 5308 909 5365 167620.
