3714 5970
248 444 297 562 τά
838 487 999 540 prunnon
1025 484 1206 538 otnnouus.

244 618 437 703 Imperatorem
449 665 456 690 ,
469 617 566 679 scribat
582 616 657 677 lrntn'
671 636 720 677 suo
735 630 759 677 ot
772 617 888 678 consorti
904 617 987 699 impe·
1038 616 1222 698 Θεσσαλονίκῃ
1234 616 1354 698 γενέσθαι
1368 614 1484 689 σύνοδον,
1494 614 1566 676 ὥστε
1576 617 1724 691 δυνηθῆναι
1735 616 1809 679 unt

244 713 280 774 rii
303 713 436 785 Arcadio,
455 725 486 771 ut
503 711 597 792 jubeat
619 708 820 771 Thessalonice
841 710 985 792 Synodum
1038 713 1091 778 λως
1107 709 1246 789 ἀμφότερα
1260 708 1418 790 συνδραμεῖν
1432 707 1466 769 εδ
1486 708 1556 789 μέρη
1569 711 1703 782 άναεολῆς
1718 732 1750 770 τε
1762 709 1811 771 καί

244 805 321 879 fieri,
337 827 391 884 quo
403 803 508 864 lucilius
521 815 634 881 utruque
647 822 717 883 pars
727 800 849 865 Orientis
863 815 891 861 et
904 801 988 861 Occi·
1004 808 1023 856 c
1041 800 1150 871 δύσεοις,
1166 801 1232 880 πρδς
1243 792 1276 860 eii
1288 800 1391 860 τελείαν
1408 799 1554 880 γινομένην
1573 800 1698 875 σύνοδον,
1718 803 1767 862 uix
1780 801 1807 861 ἐν

244 896 334 958 dentis
344 900 370 958 iu
385 918 469 958 uuum
480 915 620 955 accurrere
633 894 736 975 possit,
750 908 776 955 ct
788 893 918 976 Synodm
934 915 986 954 noo
1039 894 1168 966 ποσότητι
1185 897 1307 971 ἀριθμῶ,
1319 894 1379 952 ἀλλ’
1390 895 1418 952 ἐν
1428 891 1551 965 ποιότητι
1562 893 1682 974 γνώμης,
1693 896 1809 975 άναμρί·

245 991 470 1072 inepiscoporum
481 1008 611 1065 numero,
623 987 708 1047 sedin
719 986 838 1069 pondere
850 985 989 1049 sententie
1038 989 1131 1047 lexeos
1151 985 1292 1064 ἐξενεγκεῖν
1306 987 1403 1065 ψῆρον.
1419 984 1465 1053 Ἐξ
1479 975 1517 1045 iio
1531 992 1684 1066 κυρωθεῖσα
1699 989 1806 1059 αύτῶή

245 1083 375 1163 perfecte,
393 1095 497 1142 certium
515 1095 540 1141 et
556 1080 740 1141 indubiorum
758 1080 826 1138 feret
838 1079 987 1160 judicium.
1040 1078 1169 1154 σθσάάεια,
1182 1083 1221 1160 τῷ
1233 1077 1280 1158 μέν
1295 1078 1433 1160 ἐπισκόπιρ
1445 1077 1556 1157 Ῥώμης
1574 1079 1729 1140 ἐπιστέλλει
1741 1078 1809 1158 πόμ-

244 1175 353 1248 Quibus
364 1195 472 1235 accensa
486 1174 545 1254 ejus
559 1173 661 1254 pietus,
677 1172 804 1253 episcopo
816 1170 927 1250 quidem
937 1172 989 1230 lto
1038 1174 1088 1252 ψσι
1099 1172 1257 1239 ἐπισκόπους
1269 1171 1317 1249 μέν
1331 1170 1419 1242 πέντε,
1430 1170 1623 1253 πρισύυτάρους
1637 1171 1665 1233 δέ
1676 1173 1724 1232 δύο
1741 1170 1809 1234 Ῥύ·

244 1287 330 1327 manae
346 1267 473 1327 Ecclesiae
482 1263 987 1346 scribit:mittatquinqueepiscopos,
1040 1288 1107 1341 μης,
1126 1263 1246 1323 διάκονον
1265 1263 1294 1324 δέ
1310 1262 1373 1332 ἐνα,
1390 1261 1460 1323 ὥστε
1481 1263 1637 1341 διακομίσαι
1658 1267 1741 1326 αὐτοῦ
1760 1264 1808 1338 τήν

242 1359 415 1440 presbyteros
429 1372 518 1418 nutem
530 1360 659 1418 llomcnae
669 1356 796 1417 Ecclesiae
811 1355 881 1417 ditos
891 1371 915 1417 et
928 1357 988 1416 dia·
1040 1355 1105 1438 πρδς
1119 1354 1163 1414 τδν
1176 1355 1286 1436 ἀδελρδν
1307 1353 1461 1429 ἐπιστολήν,
1471 1351 1530 1425 ήτις
1545 1355 1672 1429 ίπιοτολή
1691 1366 1808 1439 περιεῖχε

244 1471 343 1511 conum
357 1471 457 1521 unum,
470 1449 517 1530 qni
530 1451 618 1509 lerunt
636 1471 715 1510 ruam
731 1450 767 1509 ad
784 1451 894 1510 fratrem
907 1471 987 1510 strum
1040 1447 1090 1519 τὴν
1104 1446 1214 1525 δύναμιν
1227 1446 1337 1521 ταύτην.

244 1541 401 1625 epistolum,
415 1542 494 1623 cujus
506 1541 566 1601 haec
581 1543 715 1602 sententia
729 1555 795 1602 erat.
1511 1614 1517 1623 .

164 1657 166 1660 ·
260 1630 300 1689 ἰι
314 1632 475 1714 Tertiojam
493 1632 581 1692 scribo
595 1631 631 1691 ad
647 1626 879 1692 mansuetudinem
893 1630 988 1707 tuam,
1080 1633 1178 1713 Τρίτον
1190 1632 1282 1713 γράρω
1294 1631 1360 1713 πρδς
1375 1631 1423 1703 τὴν
1435 1631 1485 1706 σήν
1498 1632 1663 1713 ἡμερότητα,
1675 1632 1755 1702 ἀξιῶν
1767 1632 1809 1693 lvo

244 1744 342 1804 rogans
357 1737 387 1784 ut
399 1746 459 1804 quae
471 1746 505 1784 cx
518 1739 658 1806 compacto
672 1739 764 1785 contra
779 1729 909 1788 loannem
926 1725 986 1807 epi·
1006 1736 1024 1782 o
1042 1725 1202 1805 διορθώσεως
1214 1723 1282 1804 τύχῃ
1297 1715 1331 1783 it
1349 1722 1419 1783 κατθ
1434 1722 1483 1797 riv
1499 1725 1629 1798 συσκευήν
1644 1729 1691 1783 τοῦ
1705 1724 1809 1786 ἐπισκό-

245 1836 358 1897 scopum
378 1831 450 1897 gestu
472 1831 534 1876 suot
546 1862 554 1893 ,
565 1817 765 1876 emendentur:
782 1832 809 1878 et
829 1832 859 1876 ut
884 1817 991 1876 videtur
1041 1839 1092 1876 nou
1106 1815 1232 1876 Ἰωάννου
1244 1821 1292 1888 τῆς
1307 1819 1638 1891 Κωνσταντινουπσλιτῶν,
1652 1818 1701 1877 καὶ
1713 1821 1749 1884 ὡς
1759 1817 1809 1891 ἐοι-

245 1912 366 1972 noudum
391 1914 538 1994 perlectum
560 1926 608 1973 est.
622 1914 713 1985 Quare
723 1915 811 1973 denuo
826 1913 920 1994 scripsi
944 1935 990 1994 per
1042 1931 1086 1967 κεν
1101 1911 1149 1967 ούκ
1161 1907 1279 1979 ήνυσται.
1292 1907 1373 1968 Ὅθεν
1384 1908 1465 1968 πάλιν
1477 1907 1618 1968 ἐπέστειλα
1633 1908 1678 1969 διδ
1691 1912 1743 1969 siis
1756 1912 1809 1968 ἐπι-

244 2006 326 2066 hosce
337 2007 475 2086 episcopos
485 2018 513 2064 et
525 2006 715 2086 presbyteros,
727 2006 843 2065 multum
859 2004 990 2064 sollicitus
1042 2001 1149 2061 σκόπων
1161 1999 1206 2058 καί
1217 1999 1413 2079 πρεσύυσέρων,
1424 1999 1493 2059 πάνυ
1505 2001 1647 2081 φροντίζων
1657 2005 1706 2072 τῆς
1717 2002 1809 2073 ἐκκλη·

243 2098 279 2157 de
293 2117 358 2179 poce
371 2097 559 2168 ecclesiastico,
570 2118 624 2177 per
636 2118 717 2175 quam
730 2112 891 2171 ernusti-um
905 2097 991 2177 irnpe-
1042 2097 1181 2165 σιαστικῆς
1198 2091 1319 2171 εἰρήνης,
1337 2092 1371 2152 δι’
1393 2083 1424 2162 i<
1444 2092 1490 2152 καί
1508 2097 1524 2165 ἡ
1549 2096 1627 2171 ἡμῶν
1648 2095 1809 2175 ιῖρηνιύεται

244 2189 316 2249 rium
336 2210 427 2269 pacem
443 2189 562 2261 obtinet,
585 2203 615 2247 ut
625 2189 722 2268 jubere
736 2189 857 2270 digneris
870 2189 991 2250 Orientis
1043 2185 1175 2264 βασιλεία,
1193 2188 1236 2243 ἵνα
1252 2183 1419 2265 xercitum
1432 2184 1578 2267 προοτοίξον
1600 2187 1629 2244 lt
1648 2186 1809 2248 Θεσσαλονί-

243 2280 381 2361 episcopos
396 2280 596 2338 Thessalonice
620 2280 770 2340 convenire.
785 2281 893 2340 Etenim
908 2284 991 2342 Occi·
1043 2302 1076 2358 κη
1096 2280 1229 2337 συνελθεῖν
1244 2277 1303 2344 τοδς
1319 2281 1366 2348 τῆς
1382 2277 1449 2358 ἑῴας
1472 2276 1641 2345 ἐπισκόπους.
1655 2278 1712 2339 Καί
1723 2277 1810 2359 γδρσί
1831 2279 1851 2330 Ρ·

243 2372 331 2433 dentis
345 2372 428 2431 nostri
445 2372 583 2452 episcopi,
600 2371 675 2431 lectis
696 2373 765 2431 viris
786 2370 916 2432 adversus
930 2394 990 2432 ma·
1042 2373 1089 2441 τῆς
1111 2368 1241 2451 ἡμετέροις
1263 2367 1388 2448 ἐσπερίας
1408 2368 1558 2441 ἐπίσκοποι,
1579 2369 1751 2448 ἐκλεξάμενοι
1765 2371 1811 2431 νίν·

245 2467 303 2525 ίυιιι
318 2486 349 2524 ac
361 2464 532 2523 menducium
547 2462 711 2522 firmissimis
722 2508 730 2537 ,
742 2463 875 2523 miserunt
888 2464 990 2545 episco·
1041 2463 1104 2541 θροις
1118 2465 1232 2529 άκλινεῖς
1245 2462 1310 2543 πρδς
1324 2460 1479 2521 κακίανκαὶ
1492 2463 1597 2544 ψεῦδος,
1612 2461 1810 2525 ἐπεστάλκασιν

243 2581 293 2642 pos
315 2558 453 2637 quinque,
467 2557 640 2638 presbyteros
667 2577 731 2615 vero
745 2555 834 2632 duos,
853 2570 879 2615 et
898 2555 990 2616 diaco·
1041 2553 1200 2622 ἐπισκόπους
1214 2553 1261 2633 μὲν
1275 2553 1363 2626 πέντε,
1377 2552 1569 2635 πρεσὸυτέρους
1584 2553 1612 2615 δέ
1624 2554 1681 2629 δύο,
1693 2555 1811 2617 διάκονον

244 2673 310 2711 num
325 2670 409 2709 unum
429 2669 534 2728 magne
551 2648 677 2708 Ecdesiae
690 2649 829 2709 Romeoae.
846 2650 922 2721 Quos
941 2670 988 2709 ve·
1005 2653 1022 2699 t:
1043 2647 1070 2708 il
1081 2647 1127 2706 ἕνα
1137 2651 1184 2720 τῆς
1199 2646 1325 2725 μεγίστης
1333 2645 1496 2718 Ἐκκλησίας
1506 2645 1659 2724 Ῥωμαίων.
1671 2636 1726 2720 Ὧν
1737 2671 1812 2731 ppos·

242 2744 291 2803 liin
303 2743 377 2803 omui
392 2743 492 2801 honore
504 2741 639 2822 digneris:
654 2755 683 2800 ut
695 2786 704 2816 ,
720 2741 742 2800 si
757 2743 877 2822 persuasi
891 2742 989 2803 luerint
1041 2739 1113 2800 τίσαι
1127 2739 1264 2805 παντοίαις
1277 2747 1367 2816 τιμαῖς
1382 2736 1555 2813 καταξίωσον,
1569 2738 1638 2812 οἵν’,
1653 2743 1678 2799 εί
1693 2738 1742 2818 μέν
1755 2762 1811 2800 πει·

242 2834 317 2916 qrtod
328 2836 390 2916 jure
410 2834 541 2915 expulsus
556 2835 590 2892 sit
611 2836 749 2908 loannes,
769 2833 884 2894 doceant
898 2856 941 2894 me
955 2835 990 2894 ub
1042 2824 1145 2900 σθένεις
1173 2830 1264 2910 ότιπερ
1296 2829 1404 2897 δικαίως
1434 2830 1593 2901 ἐκύίύλητσιι
1622 2835 1637 2889 δ
1670 2830 1812 2900 ἐπίσκοπος

243 2929 302 3007 ejus
329 2927 518 2986 communione
541 2925 687 2986 recedere:
707 2941 753 2986 aut
774 2928 798 2986 si
819 2930 991 3008 coarguerint
1042 2924 1183 2998 Ἰωάννης,
1202 2922 1327 2992 διδάξωσί
1341 2947 1375 2999 με
1390 2924 1539 2996 άποστῆναι
1554 2927 1601 2994 τῆς
1621 2925 1702 2984 αὐτῶ
1714 2947 1812 2985 κοινοτ-

244 3033 338 3100 sponte
350 3020 483 3098 malignos
494 3040 551 3079 esse
559 3019 679 3078 Orientis
693 3020 842 3102 episcopos,
852 3022 988 3082 aneorum
1041 3019 1112 3086 νίας·
1124 3018 1141 3090 ἢ
1154 3017 1304 3097 ἐλέγξοντες
1319 3021 1538 3084 ἐθελοκακοῦντοις
1552 3017 1611 3084 τούς
1622 3021 1671 3087 τῆς
1684 3019 1812 3092 ἀνατολῆς

243 3126 271 3172 te
284 3113 472 3171 communione
487 3127 622 3172 avertant.
638 3112 770 3185 Quaeuam
784 3115 856 3173 enim
872 3117 906 3175 sit
917 3116 989 3175 occi·
1042 3110 1211 3182 ἐπισκόπους,
1233 3108 1422 3190 ἄπυστρέψωσί
1438 3132 1466 3169 σε
1491 3113 1539 3181 τῆς
1558 3111 1644 3168 αὐτῶν
1663 3111 1811 3178 κοινωνίας.

223 3204 393 3264 -deotalium
406 3203 442 3264 de
454 3207 558 3267 Jououe
567 3205 693 3286 episcopo
706 3208 847 3282 sententia,
858 3230 892 3268 cx
903 3211 989 3270 omni·
1042 3202 1110 3262 Τίνα
1131 3204 1183 3284 γάρ
1212 3205 1284 3261 ἔστιν
1308 3201 1326 3260 ἃ
1349 3209 1470 3283 φρονοῦσι
1501 3201 1563 3281 nepl
1589 3208 1635 3261 τοῦ
1667 3203 1811 3264 intestinus

243 3298 297 3359 bus
315 3298 436 3381 epistolis
460 3320 520 3378 quoe
534 3299 569 3358 ad
584 3320 627 3359 me
639 3298 746 3380 scripte
759 3315 823 3361 stunt
843 3301 911 3362 duas
924 3303 989 3362 sub·
1042 3294 1167 3356 ’ίννοίννοο
1181 3298 1205 3353 οί
1226 3294 1343 3364 coeunt,
1366 3295 1397 3352 ἐκ
1415 3298 1509 3353 nasus
1529 3296 1583 3352 τῶν
1599 3296 1748 3356 ἐπιστολῶν
1761 3300 1813 3356 οὖν

240 3392 323 3471 junxi
334 3437 342 3465 ,
353 3390 475 3472 ejusdem
485 3412 548 3450 cum
561 3391 664 3451 cacteris
679 3393 823 3470 sententie,
835 3416 917 3455 unam
929 3397 984 3455 tto·
1041 3388 1107 3467 πρός
1121 3412 1155 3466 με
1168 3389 1317 3469 papum
1331 3384 1448 3454 senate
1463 3385 1520 3458 δύο,
1537 3386 1747 3466 ίοοδννομονίοος
1757 3397 1814 3456 τοῖς

243 3485 331 3558 muni,
347 3485 460 3544 alteram
482 3484 663 3563 Aquileiensis
686 3485 816 3568 episcopi.
833 3490 918 3548 Porro
939 3489 990 3549 hoc
1043 3479 1206 3554 etcum-eli
1220 3478 1363 3550 ἕπνοοολδν
1377 3477 1543 3556 οοῧῬώμηο
1553 3478 1653 3540 λοίτοῧ
1663 3478 1812 3555 Ἀκυληίαν·

242 3577 407 3637 anteomuia
431 3576 542 3639 obsecro
561 3576 730 3636 clementium
744 3593 830 3655 tunm,
844 3580 988 3662 Theophi-
1007 3582 1024 3628 θ
1043 3577 1129 3634 Τοῦτο
1144 3574 1172 3634 δέ
1192 3574 1340 3651 παρακαλῶ
1359 3570 1407 3643 νίν
1430 3570 1480 3642 ονίν
1499 3571 1654 3650 ’intrivit‘
1675 3572 1730 3653 ποί)
1747 3573 1814 3633 πᾶν·

243 3669 301 3728 ίυιιι
313 3713 322 3743 ,
339 3667 511 3728 Αίαιιαιιιίιίιε
532 3668 710 3749 episcopum,
731 3671 813 3728 etiam
836 3671 988 3746 nolentem,
1042 3691 1110 3740 των,
1130 3666 1176 3726 καί
1190 3665 1289 3725 ἄκοντα
1307 3666 1350 3724 τὸν
1372 3662 1565 3744 Ἀλεξανδρείας
1579 3664 1711 3745 Θεόφιλον
1724 3688 1814 3749 παρα·

243 3759 335 3818 sistere
354 3759 472 3838 jubeas,
496 3758 542 3836 qui
566 3760 688 3817 omnium
712 3759 846 3818 mulorum
869 3763 990 3822 maxime
1043 3761 1138 3829 στῆναι
1152 3757 1303 3830 δικαίωσον,
1318 3757 1351 3816 δι’
1366 3754 1395 3815 δν
1406 3756 1526 3837 μάλιστα
1539 3756 1646 3837 λέγεται
1661 3757 1769 3818 ἅπαντα
1781 3758 1814 3819 τά

242 3865 339 3909 auctor
350 3871 406 3908 esse
418 3848 533 3923 dicitur;
549 3863 576 3908 ut
592 3850 779 3931 episcoporum
790 3852 837 3929 qui
852 3853 989 3913 adfuerint
1042 3851 1113 3910 κακίι
1127 3855 1297 3930 γεγενῆσθαι·
1312 3847 1356 3907 ἵνα
1369 3851 1407 3915 είς
1428 3848 1510 3925 μηδὲν
1524 3852 1542 3920 ἡ
1557 3851 1609 3908 τῶν
1628 3849 1815 3930 παραγενομέ-

244 3941 371 4023 Synodus
387 3942 498 4018 minime
511 3941 640 4022 impedito
648 3988 655 4015 ,
672 3944 873 4004 convenientem
885 3960 989 4028 tempo-
1040 3969 1091 4003 νων
1103 3943 1254 4003 ἐπισκόπων
1269 3942 1459 4020 ἐμποδισθεῖσα
1469 3939 1587 4018 σύνοδος,
1598 3941 1647 4015 τὴν
1657 3942 1815 4022 πρέπουσαν

243 4039 321 4097 ribus
333 4037 429 4098 nostris
443 4059 536 4119 pacem
547 4038 657 4098 sanciat.
681 4063 696 4093 ν
1041 4043 1095 4102 τοῖς
1109 4044 1209 4116 καιροῖς
1223 4036 1299 4113 ἡμῶν
1315 4033 1419 4113 εἰρήνην
1434 4032 1578 4113 βραύεύσῃ.

284 4131 353 4190 Corn
368 4132 452 4210 igitur
472 4145 579 4190 sanetus
599 4132 748 4209 AErnilius,
770 4135 914 4196 Beneventi
931 4135 987 4218 epi·
1001 4105 1025 4208 li
1083 4136 1216 4202 Λαόόντες
1230 4139 1368 4215 τοιγαροῦν
1388 4138 1412 4194 σί
1431 4134 1493 4212 περί
1511 4133 1554 4193 ιδν
1578 4133 1651 4214 άγιον
1672 4131 1816 4195 ἐπίσκοπον

245 4244 358 4304 scopus,
380 4237 405 4283 et
426 4222 577 4305 cythegius
597 4238 623 4283 et
644 4225 831 4302 Gaudentius,
854 4250 906 4288 une
925 4251 987 4290 cum

245 4316 437 4378 Valentiniano
455 4331 481 4376 et
504 4317 644 4377 Bonilaeio
663 4321 843 4402 presbyteris,
866 4322 988 4404 aucupis-

245 4423 303 4469 sent
322 4411 414 4470 literas
433 4411 606 4492 lrnperatoris
628 4412 760 4487 Honorii,
780 4416 927 4481 innocentii
937 4461 945 4491 ‚
962 4430 988 4475 et

245 4501 376 4561 ltulorum
390 4503 587 4583 cpiscoporum,
601 4503 751 4564 Chromatii
766 4507 954 4584 Aquileiensis,
964 4523 989 4567 et

246 4594 357 4655 Venerii
381 4594 607 4669 lllediolanensis,
633 4611 715 4677 atque
733 4599 868 4674 aliorum,
888 4622 989 4661 necnon

246 4685 481 4745 commonitorium
492 4687 597 4767 Synodi
610 4690 691 4748 totius
701 4691 866 4767 Occidentis,
880 4694 990 4773 publiea

245 4777 382 4840 evectione
392 4779 654 4861 Constantinopolim
668 4783 779 4861 proiecti
792 4799 852 4843 sttnt
866 4807 928 4846 cum
938 4787 992 4868 Cy·

246 4870 330 4940 niaco,
352 4863 501 4941 Demetrio,
522 4871 645 4931 Palladio
664 4885 690 4930 et
711 4872 824 4956 Eulysio
844 4877 988 4959 episcopis.

246 4962 489 5025 Commonitorium
509 4978 599 5022 autern
618 4964 782 5044 continebat,
797 4971 927 5029 lustinum
944 4972 991 5050 ju·

1044 4230 1166 4308 Αἰμίλιον
1188 4228 1345 4288 trescentos
1368 4223 1414 4285 καί
1438 4225 1568 4303 Κυθήγιον
1585 4227 1635 4285 καί
1659 4230 1682 4288 Γ
1683 4228 1816 4289 αυδέντισν

1044 4326 1090 4388 citt
1107 4327 1319 4405 Ούαλεντινιανῷ
1334 4322 1379 4382 καὶ
1394 4321 1543 4402 Βονιρατίῳ
1561 4331 1615 4390 τοῖς
1629 4323 1818 4405 πρεσόυτέροις
1842 4349 1851 4402 γ

1043 4419 1077 4478 τά
1091 4417 1239 4497 γράμματα
1257 4421 1303 4475 τοῦ
1323 4439 1353 4475 τε
1373 4411 1543 4475 Ἰννοκεντίού
1563 4416 1609 4475 καί
1633 4418 1687 4473 τῶν
1705 4415 1818 4476 Ἰταλῶν

1045 4510 1216 4583 ἐπισκόπων,
1242 4507 1404 4587 Χρωματίυυ
1435 4503 1600 4580 Ἀκυληίας,
1623 4506 1670 4566 καί
1696 4507 1818 4590 Βενερίου

1046 4601 1229 4672 Μεδιολάνων,
1242 4600 1288 4661 καί
1299 4605 1351 4660 τῶν
1364 4603 1482 4672 λοιπῶν,
1497 4598 1542 4658 καί
1555 4600 1754 4675 ύπομνηστικὸν
1771 4606 1819 4673 τῆς

1046 4696 1152 4756 συνόδου
1171 4695 1259 4767 πάσης
1280 4688 1395 4764 δύσεως,
1420 4691 1555 4769 δημοσίοις
1575 4691 1742 4768 συνθήμασιν
1755 4697 1818 4753 dnt-

1047 4788 1182 4860 οτάλησαν
1202 4789 1238 4853 είς
1257 4785 1306 4852 τήν
1325 4782 1603 4866 Κωνσταντινούπολιν
1624 4782 1672 4842 σὺν
1687 4793 1743 4853 τοῖς
1758 4787 1820 4866 περί

1048 4880 1179 4962 Κυριακὸν
1194 4879 1238 4940 καί
1256 4877 1409 4955 Δημήτριον
1430 4875 1476 4934 καί
1493 4875 1644 4935 Παλλάδιον
1666 4876 1713 4936 καί
1733 4876 1820 4936 Estt-

1047 4996 1102 5034 σιον
1117 4970 1175 5039 τούς
1190 4968 1359 5037 ἐπισκόπους,
1382 4958 1446 5049 tii-p
1464 4967 1491 5028 δὲ
1506 4968 1539 5029 τὸ
1552 4968 1765 5045 θπομνηστικδν,
1780 4968 1819 5048 μή

244 5057 349 5116 dicium
361 5054 465 5136 ingredi
484 5077 535 5118 non
555 5055 664 5135 dehere,
679 5058 731 5118 nisi
750 5059 801 5139 ipsi
819 5062 894 5142 prius
910 5062 990 5121 resti·
1011 5097 1027 5143 B
1046 5067 1099 5124 δεῖν
1113 5065 1237 5124 εἰσελθεῖν
1254 5060 1379 5134 Ἰωάννην
1400 5062 1436 5126 είς
1455 5058 1560 5140 κρίσιν,
1575 5057 1621 5119 ἐὰν
1640 5058 1678 5137 μὴ
1693 5064 1820 5142 πρότερον

246 5163 304 5210 ίυιιι
317 5148 409 5208 luisset
426 5162 453 5207 ot
466 5146 587 5213 Ecclesia
606 5163 632 5209 et
645 5153 816 5232 communio,
837 5169 866 5215 ut
880 5156 989 5218 sublata

279 5360 289 5383 ο
307 5346 401 5415 [Fort.
424 5350 451 5397 ἐν’
471 5349 561 5415 ἦμέν]

1046 5160 1254 5236 ἀποκατασταθῇ
1271 5155 1341 5235 αὐτῷ
1355 5152 1373 5226 ἤ
1387 5176 1416 5214 τε
1430 5151 1579 5223 Ἐκκλησία
1593 5152 1638 5212 καί
1653 5159 1671 5228 ἡ
1686 5154 1811 5214 κοινωνία
