3714 5970
589 404 680 465 nunc
706 386 839 463 enrnur'r
864 410 1065 464 unonrurrt.¹
1542 388 1607 489 157

57 534 155 615 guitur
166 532 240 596 bauo
258 534 402 597 humiliem
416 554 507 627 morse
519 526 651 601 danubrio
670 538 734 598 anui
751 540 810 607 399
865 557 918 599 una
939 553 1045 599 tautum
1064 536 1223 620 interposita
1244 533 1308 614 die,
1325 526 1420 620 rierripe
1434 538 1500 598 lesia
1515 536 1609 618 quinta

59 628 268 689 dictaml'rrisse.
283 628 562 691 Theodosiusautem
575 652 645 691 euno
659 632 717 692 395
731 628 810 691 obie·
866 631 990 693 iuCoena
1007 631 1135 706 Domini,
1151 651 1213 690 cum
1229 631 1256 690 iu
1271 631 1417 690 Parasceve
1447 630 1509 690 ludi
1528 652 1610 710 eque-

59 733 113 779 rat.
127 719 206 779 lluuc
220 721 417 801 Imperatorem
430 722 546 783 celebrat
558 723 606 782 ille
619 745 634 783 a
646 723 744 805 pietate
757 738 810 783 eta
865 725 1114 804 stresagitarentur,
1123 723 1191 782 nihil
1202 714 1488 783 curantesdirrn'illam
1497 744 1611 797 sacram,
1637 786 1641 795 ,

60 811 183 871 victoriis
191 857 200 886 ,
214 834 282 893 queas
296 814 447 894 opitulante
461 816 518 874 Deo
531 815 623 876 retulit
635 813 671 874 de
688 814 811 896 tyrannis
865 818 965 879 adhoc
979 817 1160 898 spectaculum
1173 828 1361 889 accurrerunt,
1376 815 1483 875 interim
1498 815 1611 895 ingemi-

60 903 187 963 Maximo
203 918 231 965 et
253 905 387 985 Eugenio.
410 909 486 980 Quas
499 906 546 967 ille
572 907 700 967 victorias
730 893 812 967 trie'ito
865 922 955 971 secute
975 907 1103 987 domique
1125 907 1232 968 sedente
1246 908 1438 988 Chrysostomo
1462 907 1609 988 episcopo:

59 1009 238 1075 tyrannorum
251 997 361 1057 nomine
374 998 412 1056 ita
426 998 515 1087 refert,
534 1012 564 1058 ut
574 999 611 1061 ab
624 998 686 1059 aliis
696 1000 814 1081 scripto·
867 1002 921 1061 imo
934 998 1126 1079 diesequente,
1142 1022 1236 1081 nempe
1247 1000 1358 1059 subbato
1370 1012 1478 1074 sancto,
1490 997 1526 1058 ad
1540 1001 1613 1058 thea-

60 1089 140 1149 ribus
162 1104 318 1155 narrantur.
335 1089 455 1151 Humilia
474 1112 539 1151 vero
559 1092 653 1152 isthac
673 1092 700 1152 iu
722 1090 812 1151 medio
866 1095 947 1155 trales
960 1093 1039 1154 ludos
1052 1116 1080 1154 se
1094 1094 1286 1170 contuleruut,
1305 1094 1351 1153 ubi
1367 1095 1517 1153 meretricia
1537 1107 1613 1153 erant

60 1202 162 1262 magua
175 1182 218 1242 sui
231 1198 309 1265 parte
323 1184 419 1243 mutila
433 1197 487 1257 est,
509 1184 547 1245 ita
562 1196 594 1244 ut
610 1183 812 1265 quamplurima
865 1186 1035 1267 spectacula,
1059 1207 1120 1264 quse
1140 1185 1297 1265 singulatim
1321 1198 1346 1243 et
1366 1184 1472 1264 egregie
1488 1183 1612 1264 depingit

58 1295 154 1333 eorum
164 1320 174 1352 ,
198 1296 259 1354 quae
277 1289 370 1335 contra
385 1276 516 1337 Catharos
528 1298 574 1337 seu
587 1276 753 1338 Norationos
765 1276 813 1337 di·
867 1280 1092 1359 chrysostomus,
1108 1278 1136 1339 in
1150 1281 1293 1352 concione,
1310 1298 1391 1356 quam
1409 1275 1455 1334 die
1470 1275 1610 1336 Paschatis

59 1368 210 1439 rebantur,
229 1367 382 1428 exciderint
395 1390 427 1429 ac
439 1369 577 1451 perierint.
593 1369 740 1430 Noratioui
756 1390 810 1429 au·
865 1372 972 1448 hahuit,
991 1376 1039 1436 ubi
1054 1375 1080 1433 iu
1095 1372 1313 1453 pravariertorcs
1330 1368 1487 1449 hujusmodi
1503 1369 1611 1448 gravis-

61 1474 115 1519 tem
136 1472 205 1520 tunc
221 1460 455 1542 Constantinopoli
474 1482 572 1541 magno
592 1483 703 1522 numero
715 1472 810 1539 eraut,
866 1467 934 1527 sime
947 1469 1085 1529 invehitur
1099 1490 1106 1529 ι
1121 1464 1284 1542 demumque
1298 1464 1328 1523 in
1344 1463 1407 1523 illos
1420 1463 1612 1522 excommuni-

60 1550 220 1631 episoopum
232 1572 287 1610 suae
297 1565 375 1611 scctae
387 1551 548 1633 peculiarem
558 1553 704 1630 habebant,
714 1574 746 1614 ac
756 1574 813 1614 sese
866 1561 979 1620 cationis
992 1559 1148 1621 senteutiam
1163 1556 1335 1637 pronuntiat,
1357 1554 1405 1614 sed
1422 1555 1612 1619 comminando
1681 1591 1687 1601 ·

60 1641 193 1724 uitauit
203 1690 212 1711 r
224 1664 272 1703 1111
290 1664 391 1725 pum,
411 1644 583 1726 appellabat
597 1670 603 1703 ²
618 1666 671 1725 (111²
684 1644 719 1706 de
732 1668 812 1707 cauta
866 1665 985 1725 tantum,
999 1667 1027 1712 ut
1040 1665 1118 1733 puto,
1133 1663 1160 1710 et
1174 1662 1205 1708 ut
1218 1648 1247 1708 iu
1260 1648 1354 1708 eodem
1367 1647 1472 1706 Monito
1485 1648 1612 1727 pluribus

22 1733 121 1792 mittor
134 1735 271 1795 acerrime
281 1736 439 1817 perstringit
449 1737 667 1821 Chrysostomus,
675 1753 705 1799 ut
717 1739 745 1799 iu
759 1740 810 1801 ho·
865 1744 936 1806 dixi.

61 1826 142 1885 miliae
155 1828 214 1887 line
230 1826 333 1888 rideas.
905 1839 987 1898 Circa
999 1837 1085 1912 diem,
1099 1856 1152 1914 qua
1167 1835 1225 1894 haee
1237 1834 1329 1895 concio
1343 1833 1415 1894 dicta
1431 1833 1495 1907 luit,
1509 1830 1613 1912 aliquid

96 1920 364 2000 lliereroqumdam
376 1920 702 2000 animadvertendasunt,
713 1942 810 2007 nempe
865 1929 1037 1990 difficultatis
1058 1927 1126 1987 mihi
1141 1927 1232 1987 osserri
1254 1926 1406 1985 videbatur.
1427 1925 1506 1985 Dixit
1524 1926 1569 1987 ille
1584 1926 1611 1984 in

61 2013 204 2072 homiliam
219 2014 296 2074 illam
313 2013 467 2075 breviorem
484 2015 659 2094 luisse,quia
671 2029 732 2098 post
740 2014 812 2077 duas
865 2023 1011 2098 concione,
1037 2033 1106 2080 ante
1120 2032 1178 2080 tres
1201 2020 1263 2078 dies
1282 2021 1374 2077 imber
1387 2022 1499 2098 ingens.
1521 2019 1613 2079 lmher

61 2106 126 2165 alias
139 2126 158 2165 a
170 2103 283 2167 duobus
301 2106 435 2189 episcopis
450 2106 550 2169 eodem
570 2107 618 2169 die
630 2122 657 2170 et
675 2109 811 2170 incudem
864 2115 912 2175 ille
932 2116 996 2175 seria
1011 2127 1107 2194 quarta
1128 2110 1239 2191 majoris
1252 2110 1429 2168 hebdomadae
1443 2110 1545 2169 decidit
1556 2135 1563 2167 :
1573 2098 1612 2170 t‘e·

61 2199 122 2260 sede
132 2200 223 2261 dictas
235 2202 330 2262 habita
341 2204 393 2263 l'uit
407 2227 414 2261 ι
426 2202 546 2264 secrrndo
559 2202 702 2285 posthanc
716 2204 810 2264 homi·
864 2208 906 2267 ria
919 2208 1014 2286 quinta
1029 2205 1096 2265 nihil
1109 2217 1270 2264 memoratur
1286 2202 1432 2289 i'nc'idisse3
1454 2202 1518 2260 seria
1535 2217 1610 2263 sexta

60 2290 122 2352 liam
145 2293 249 2353 multas
274 2293 349 2357 haud
372 2294 457 2355 dubie
476 2295 544 2355 alias
563 2296 670 2357 habites
688 2296 773 2359 luisse
794 2319 810 2357 a
865 2300 892 2360 iu
908 2302 1055 2361 Parascere
1067 2299 1102 2358 ad
1114 2296 1193 2357 ludos
1204 2297 1345 2369 circenses,
1362 2295 1474 2354 sabbato
1486 2295 1521 2355 ad
1537 2296 1611 2356 theo·

61 2406 149 2447 meuse
159 2387 295 2449 lanuario
307 2385 344 2447 ad
358 2387 462 2448 Pascha
476 2389 540 2448 anui
555 2390 626 2461 599,
640 2408 696 2468 quo
710 2388 756 2450 die
768 2389 819 2455 di·.
865 2393 942 2453 tralia
964 2391 1116 2475 spectacula
1131 2391 1199 2450 itum
1223 2403 1262 2450 est
1276 2412 1282 2445 τ
1296 2388 1333 2447 ita
1348 2402 1378 2447 ut
1404 2388 1515 2447 homilia
1538 2388 1612 2449 ister

60 2492 98 2538 cta
119 2480 173 2539 luit
186 2481 285 2541 concio
298 2500 412 2561 sequeus
423 2506 431 2541 r
444 2502 504 2562 rpre
519 2482 639 2544 homilia
654 2483 698 2543 rel
717 2484 809 2565 perie—
864 2487 974 2546 omnino
988 2485 1060 2544 dicta
1075 2484 1158 2542 luisse
1178 2482 1305 2544 rideatur
1320 2480 1464 2540 Dominica
1479 2482 1611 2540 Resurre-

62 2585 132 2647 mnt,
148 2572 194 2634 rel
209 2573 232 2633 si
245 2572 338 2634 adhuc
352 2574 423 2635 inter
434 2574 520 2636 editas
533 2576 687 2657 supersint,
702 2577 808 2637 nullam
864 2578 961 2638 ctiouis
974 2577 1097 2637 Domini.
1120 2574 1290 2655 [hlatthaeius
1301 2573 1412 2633 sabbato
1426 2588 1487 2632 autc
1507 2574 1610 2634 Pascha

61 2665 102 2724 rel
113 2664 170 2725 diei
184 2666 232 2726 vel
246 2664 312 2725 anni
330 2680 421 2727 notam
435 2690 490 2749 prae
503 2689 533 2728 se
547 2666 646 2729 lerunt.
865 2670 987 2730 habitam
1004 2673 1116 2748 censet]
1130 2672 1232 2730 Verum
1247 2681 1311 2727 tunc
1322 2666 1395 2747 apud
1409 2688 1452 2726 me
1465 2666 1587 2727 dicebam
1601 2692 1609 2727 r

96 2758 161 2817 Post
173 2756 323 2819 homiliam
337 2756 424 2838 igitur
438 2758 515 2818 illam
527 2772 623 2821 mutua
635 2758 768 2821 catharos
782 2761 809 2821 in
866 2764 938 2836 Cur,
963 2765 985 2823 si
1001 2765 1061 2823 dics
1073 2760 1211 2823 Paschatis
1226 2776 1300 2835 erar,
1322 2780 1355 2819 ne
1368 2759 1481 2818 verbum
1499 2759 1612 2838 quidem

62 2849 159 2909 Codice
171 2849 310 2913 Vaticano
321 2850 445 2929 sequitur
457 2849 580 2926 homilia,
596 2850 676 2934 cujus
689 2852 807 2929 titulus,
865 2855 900 2915 de
923 2858 1055 2917 Paschate
1078 2854 1170 2914 dicit?
1193 2857 1298 2915 Verum
1322 2867 1466 2934 postquam
1485 2853 1612 2912 humilias

62 2946 121 3025 ephe
135 2942 200 3013 rubr
211 2950 377 3025 θεωροῦντας
391 2946 556 3027 ἱπποδρόμιιι
569 2948 616 3007 sel
627 2936 735 3031 br‘erp‘e,
744 2949 811 3007 Ad-
864 2949 944 3011 hasce
957 2950 1123 3022 deteximus,
1143 2946 1216 3006 nulla
1228 2946 1285 3027 jam
1302 2945 1449 3015 difficultas
1470 2959 1611 3025 superest,

63 3058 152 3099 lmus
168 3058 236 3109 0⁰5,
261 3043 313 3117 ‘W’
327 3040 370 3097 ad
383 3040 567 3121 hippodromi
582 3051 613 3099 0⁸
626 3040 810 3100 theatrorum
863 3067 925 3106 curn
943 3045 970 3103 iu
986 3042 1065 3103 titulo
1080 3040 1198 3101 homilia
1213 3060 1288 3098 none
1300 3037 1453 3116 sequentis,
1470 3052 1495 3096 ct
1510 3038 1537 3096 in
1558 3038 1611 3096 lro-

10 3130 231 3211 ,superacuta
247 3150 279 3189 5⁶
303 3133 463 3211 ⁶⁰⁷⁸sm⁸⁸
483 3152 494 3188 ··
514 3131 594 3212 11111111
614 3130 725 3191 initium
747 3145 807 3208 est,
864 3139 938 3198 milia
950 3137 1012 3217 ¹ipsa
1027 3135 1152 3210 dicatur,
1178 3131 1249 3190 diem
1271 3132 1345 3189 illam
1361 3131 1387 3190 in
1406 3151 1458 3209 qua
1473 3143 1527 3189 tam
1546 3152 1613 3211 gra-

60 3230 137 3284 ruste
147 3222 269 3298 ἀνεκτός
281 3230 367 3283 ταῦτα
377 3222 498 3307 popnbd3
512 3227 576 3303 ὑμῖν
585 3225 639 3306 γὰρ
648 3228 736 3294 sonu
747 3230 808 3288 καθ’
862 3231 933 3291 riter
944 3229 1006 3288 illos
1018 3225 1178 3288 circensium
1191 3237 1216 3282 et
1229 3223 1399 3282 theatralium
1415 3223 1541 3281 ludorum
1553 3244 1612 3304 spe-

60 3318 128 3393 lpu'ss
153 3317 248 3376 αὐτῶν
267 3318 387 3397 europa
404 3316 645 3397 primumcum
672 3317 808 3379 edidimus
864 3335 977 3381 oratores
996 3319 1141 3379 insectatus
1160 3327 1220 3388 est,
1240 3313 1412 3374 Dominiram
1431 3314 1513 3372 t‘uisse
1531 3327 1612 3390 atque

61 3411 91 3468 Τ.
102 3412 134 3478 6,
148 3430 180 3490 p.
194 3410 259 3467 272
272 3429 281 3467 r
293 3407 408 3488 ideoque
420 3408 496 3469 illam
510 3410 537 3471 in
549 3410 618 3470 serie
627 3411 743 3471 aliarum
756 3414 811 3475 Va·
863 3414 931 3474 odeo
940 3413 1013 3473 diem
1025 3407 1239 3470 Resurrectionis
1250 3406 1377 3480 Domini,
1391 3427 1471 3485 quam
1485 3406 1546 3466 ideo
1558 3429 1610 3467 non

61 3503 210 3562 ticanarum
221 3501 483 3583 pretermittendum
494 3504 639 3567 duximus.
863 3503 1085 3567 commemoravit
1104 3502 1330 3581 chrysostomus,
1347 3498 1419 3577 quod
1439 3513 1530 3559 contro
1551 3522 1611 3580 spe·

96 3594 168 3665 Quia
183 3592 294 3652 veroin
310 3592 430 3653 homiliae
444 3615 520 3655 none
535 3595 671 3673 sequentis
687 3596 769 3656 titulo
781 3611 809 3657 et
863 3613 976 3659 ctatores
990 3598 1050 3657 illos
1064 3592 1185 3675 graviter
1197 3612 1352 3670 succensus,
1370 3613 1426 3652 rem
1441 3591 1516 3651 illam
1533 3593 1611 3652 unice

61 3686 86 3744 in
108 3690 167 3769 ipsa
187 3685 306 3746 homilia
325 3706 394 3746 uuna
415 3686 502 3747 multa
520 3687 672 3764 habentur,
693 3711 753 3768 que
773 3689 809 3749 ad
864 3691 1006 3771 rogitaret.

63 3777 202 3839 historiam
220 3777 293 3838 hauc
306 3777 680 3858 elariuseteertius,.qusm
695 3780 722 3863 in
743 3783 811 3841 hlo-
904 3780 1022 3842 llomilia
1037 3779 1151 3861 septima
1170 3778 1197 3838 iu
1212 3775 1322 3839 ccclesia
1336 3791 1434 3837 sanctae
1460 3780 1609 3839 Anastasia

63 3871 114 3931 nito
125 3868 273 3947 diximus,
288 3868 456 3931 Mereudem
467 3872 582 3952 jurent,
596 3870 714 3932 hierem
727 3886 810 3933 totam
862 3873 956 3935 hahita
968 3874 1036 3948 fuit,
1049 3873 1097 3932 ubi
1110 3871 1232 3933 modicus
1244 3884 1312 3941 erat,
1325 3871 1413 3949 iuquit
1427 3871 1482 3947 ille,
1501 3872 1611 3947 audito·
1634 3910 1637 3917 ·

65 3966 117 4022 sine
126 3962 225 4045 lapsus
238 3962 363 4045 periculo
376 3963 558 4024 narrabimus.
862 3989 924 4027 rum
935 3984 1063 4025 numerus
1075 3988 1082 4024 :
1094 3985 1180 4042 neque
1190 3976 1279 4022 tamen
1291 3961 1351 4021 ideo
1363 3962 1551 4041 conqueritur,
1562 3964 1611 4024 sed

96 4059 177 4116 'luno
187 4056 263 4127 ³99,
278 4069 422 4136 poetrpram
436 4057 587 4139 nnumJ'am
599 4076 700 4116 aunum
714 4057 740 4116 in
753 4058 811 4139 epi·
862 4056 1018 4137 exemplum
1035 4054 1211 4114 Samaritanus
1229 4053 1328 4126 affert,
1348 4071 1429 4129 quam
1450 4051 1514 4111 licet
1529 4073 1611 4112 unam

70 4162 169 4230 scopatu
191 4168 320 4209 emensus
340 4162 399 4209 erat
423 4148 651 4230 Chrysostomus,
668 4148 810 4209 ordinatus
862 4157 983 4216 tantum,
1008 4142 1073 4222 quia
1094 4155 1181 4200 tamen
1206 4139 1334 4200 audiendi
1353 4138 1444 4198 studio
1467 4140 1610 4211 fervebat,

71 4262 154 4323 nappe
172 4262 249 4303 anm
271 4242 348 4317 598,
368 4242 408 4302 ²6
429 4241 594 4317 Febmarii3
619 4240 687 4301 feria
710 4255 808 4321 quarta
862 4233 944 4315 longo
966 4248 1088 4315 tempore
1111 4234 1267 4311 alloquutus
1289 4244 1328 4289 est
1351 4230 1483 4290 Christus.
1507 4231 1611 4292 Deinde

73 4331 257 4409 hebdomadae,
273 4354 336 4413 qua
348 4352 420 4392 anno
434 4333 684 4395 assissinorum
704 4347 810 4393 serram
863 4348 927 4388 rcro
938 4327 1062 4409 pluribus
1073 4324 1191 4407 explicat
1201 4323 1267 4404 quid
1279 4323 1332 4382 sihi
1345 4322 1410 4381 relit
1422 4322 1534 4400 Paulus,
1547 4344 1609 4385 curn

77 4425 165 4503 Aprilis
175 4470 187 4503 ,
209 4438 267 4485 tam
291 4423 386 4504 ingens
408 4423 503 4506 pluvia
525 4425 650 4501 decidit,
669 4438 699 4485 ut
723 4440 812 4487 metus
862 4422 965 4495 ait,·de
980 4421 1201 4501 confirmatione
1215 4416 1391 4496 Evangelii,
1409 4415 1477 4474 etin
1491 4415 1611 4495 hisora-

79 4520 253 4601 ttsetueagri
268 4517 489 4593 devastarentur,
511 4540 766 4599 masesqrreomnes
782 4520 810 4581 in
864 4514 963 4575 tionem
982 4514 1094 4573 claudit.
1768 4586 1772 4595 ι

81 4611 208 4687 perniciem
232 4626 353 4673 ruerent.
368 4611 440 4671 lliue
458 4632 566 4694 preces,
580 4610 810 4693 supplicationes,
900 4606 978 4669 Dicta
992 4607 1075 4666 fuisse
1085 4603 1195 4663 uidetur
1205 4602 1263 4660 haee
1276 4600 1389 4661 homilia
1401 4601 1429 4661 in
1441 4600 1610 4662 hebdomada
1657 4642 1660 4647 -
1691 4672 1725 4687 ,Ι

84 4705 254 4781 cistercius,
272 4725 320 4763 seu
339 4704 536 4785 processiones,
557 4705 683 4787 episcopo
701 4705 770 4765 duce
784 4718 811 4765 et
864 4699 1093 4762 Paschatiszuam
1115 4696 1162 4776 qui
1179 4694 1304 4754 homilias
1318 4694 1397 4754 hasce
1413 4695 1441 4753 in
1462 4694 1521 4775 ipso·
1541 4708 1611 4753 tem·

15 4868 17 4875 Ι
87 4802 126 4852 toto
145 4809 320 4857 concurrente
333 4795 435 4878 populo
449 4795 486 4855 ad
505 4797 644 4859 eeclesiam
667 4799 810 4878 Apostolo-
863 4816 929 4878 pure
942 4792 1096 4873 colligebat,
1111 4812 1127 4850 a
1142 4788 1282 4849 Paschatis
1296 4801 1427 4868 ternpore,
1442 4801 1471 4846 ut
1489 4808 1523 4846 ex
1540 4787 1610 4845 titu-

10 4930 14 4965 η,
90 4902 140 4947 tun.
158 4887 291 4948 Posthac
306 4886 394 4948 imbre
411 4903 553 4968 cessante,
571 4888 686 4950 necdum
704 4890 811 4949 suhlata
863 4891 898 4949 lis
911 4890 1071 4950 concionum
1086 4880 1305 4964 deprehenditur,
1322 4880 1370 4938 illo
1383 4899 1437 4958 quo
1451 4877 1611 4939 dicebantur

10 5024 16 5061 ,
92 4972 210 5039 formidine
217 5024 229 5055 ,
248 4980 361 5061 trajecto
386 4980 503 5041 mribus
524 4982 662 5064 bosporo,
680 4980 716 5042 ad
727 4983 812 5043 eccle-
863 4981 958 5042 ordine
968 5001 1012 5040 eas
1022 4978 1173 5059 descripsit.
1190 4981 1260 5036 Auta
1272 4973 1374 5033 Pascha
1385 4972 1468 5041 enim,
1484 4986 1515 5032 ut
1526 4994 1610 5053 supra

10 5118 17 5153 :
97 5062 143 5127 sirm
159 5070 207 5132 SS.
228 5072 302 5131 Petri
316 5085 343 5131 ct
356 5072 452 5145 Pauli,
477 5073 505 5135 in
520 5075 643 5156 opposita
665 5076 749 5136 maris
764 5098 810 5137 ora
862 5073 997 5144 diximus,
1014 5092 1048 5131 ex
1061 5068 1154 5129 multis
1169 5067 1289 5128 homiliis
1303 5086 1401 5146 paucas
1414 5063 1552 5142 collegisse
1565 5065 1609 5123 ri-

10 5160 28 5249 ,3
98 5157 170 5233 lum,
188 5185 251 5225 eum
271 5164 399 5249 episcopo
414 5178 487 5227 totus
500 5183 583 5229 cretus
603 5168 732 5231 accurrit.
753 5170 812 5231 lloe
863 5167 954 5228 detur.
981 5167 1042 5225 Non
1057 5162 1232 5243 conqueritur
1249 5174 1339 5219 autem
1357 5158 1565 5239 Chrysostomus
1580 5158 1608 5217 iu

10 5256 31 5345 ,¹
101 5254 202 5327 ΝΜ
222 5258 347 5342 periculo
367 5260 654 5345 coustantiuopolitani
669 5263 810 5347 plerique,
863 5260 915 5322 hoc
925 5259 1061 5335 concione,
1075 5253 1149 5336 quod
1159 5253 1239 5337 pauci
1253 5251 1389 5313 auditores
1399 5252 1532 5333 adessent,
1544 5255 1608 5333 quia
