3714 5970
614 495 703 544 nuuc
730 495 862 546 rnrnon
888 493 1085 544 annonara.
1540 475 1606 550 185

11 633 49 683 .a.
60 616 261 677 calamitatibus
276 616 470 679 delectabatur.
488 619 638 700 Eutropius
660 620 743 680 lector
771 618 806 679 ad
859 632 949 701 postea
962 640 1026 678 vero
1042 641 1057 679 a
1069 617 1201 679 tribunali
1209 619 1244 678 ad
1255 639 1391 680 carcerem
1403 619 1531 698 deducta,
1544 624 1606 703 pari

14 699 50 755 ²⁴·
62 708 220 769 indicandos
232 729 287 782 eos,
304 712 354 790 qui
374 711 464 791 ignem
473 712 590 772 ecelesia
603 711 765 793 injecerant,
778 713 806 773 in
858 712 1056 792 tranquillitate
1065 711 1479 794 firmitatequeomniaperttrli13
1492 714 1607 794 ideoque

57 802 194 883 judicium
203 801 354 878 adductus,
361 803 465 864 etiamsi
477 804 543 864 loris
553 817 579 863 et
586 798 702 864 lustrhus
712 827 806 882 casus,
857 804 918 884 jure
938 825 954 862 a
972 802 1165 886 chrysostomo
1177 804 1204 862 in
1221 826 1269 864 sua
1279 806 1314 865 ad
1325 806 1402 865 illam
1421 806 1535 887 epistola
1556 806 1607 867 ad·

61 894 167 954 etiarnsi
183 895 208 954 ei
220 895 307 955 latera
326 907 353 955 et
366 914 441 975 genre
452 895 590 975 tmgnibus
602 896 804 968 lacerarentur,
860 895 972 956 modum
985 897 1145 957 celebratur.
1160 897 1258 959 Voluit
1277 897 1325 958 illa
1337 899 1436 980 hyeme
1455 902 1582 978 sequente
1594 944 1604 976 ,
1617 913 1690 977 Epor.
1705 913 1757 978 104.

60 985 238 1066 ardentesque
250 987 322 1046 iaces
336 987 442 1069 corpori
456 987 680 1064 admoverentur,
692 989 741 1049 etsi
755 991 806 1050 ad.
860 987 1092 1071 Constantinopoli
1102 988 1206 1065 relicta,
1215 989 1423 1070 alioperagrare
1436 1015 1443 1048 ε
1456 986 1551 1052 verum
1561 994 1606 1053 Jo-

60 1080 114 1138 hnc
136 1077 295 1138 adolescens
313 1093 339 1139 et
362 1100 474 1161 corpore
491 1093 581 1155 tencr,
593 1081 664 1141 nihil
677 1103 807 1162 umquam
859 1100 942 1140 annes
954 1081 1033 1141 illam
1047 1082 1174 1142 hortatus
1184 1094 1224 1142 est
1236 1096 1266 1143 ut
1286 1082 1315 1142 in
1328 1083 1395 1142 urbe
1407 1072 1542 1159 manem,
1558 1083 1606 1142 nbi
1643 1075 1644 1079 ἵ

61 1170 197 1230 molossus
206 1184 268 1230 est:
283 1191 315 1230 ac
327 1184 390 1252 post
406 1186 538 1233 tormenta
552 1173 580 1232 in
599 1194 731 1234 carcerem
743 1197 806 1234 eon·
860 1170 1018 1232 concivibus
1038 1174 1120 1236 variis
1136 1172 1224 1233 modis
1243 1174 1368 1234 subsidio
1390 1197 1450 1236 esse
1462 1188 1561 1256 posset.
1574 1175 1605 1233 ln

57 1264 156 1342 jecurs,
167 1262 229 1322 illie
240 1261 360 1322 animam
372 1263 447 1324 baud
456 1265 542 1325 multe
552 1279 643 1346 postea
655 1266 805 1328 exhalavit.
860 1265 923 1324 illos
935 1265 1016 1325 etiarn
1024 1265 1170 1325 sevierunt
1179 1266 1228 1344 qui
1240 1267 1395 1328 vexationes
1404 1267 1513 1328 vitandi
1525 1287 1605 1326 causa
1616 1290 1691 1350 uper.
1702 1301 1726 1335 a.

61 1352 128 1433 Ejus
138 1353 282 1413 occasione
294 1355 461 1417 sozomenus
477 1358 612 1418 somnium
624 1360 704 1419 rclert
716 1361 807 1421 Sisin-
861 1355 935 1435 apud
946 1355 1091 1416 monachos
1097 1377 1126 1415 se
1133 1358 1365 1437 receperantzquin
1374 1358 1459 1418 etiam
1466 1358 1606 1439 ipsosmo·

61 1445 100 1503 nii
119 1444 279 1527 eujusdam,
293 1449 508 1509 Novatianorurn
521 1450 663 1532 episcopi,
681 1453 726 1513 cui
743 1454 807 1513 dor·
861 1447 993 1507 nachoset
1004 1447 1123 1528 virgines
1136 1449 1165 1507 in
1179 1450 1277 1508 famem
1294 1451 1471 1530 conjacere-et
1483 1451 1604 1512 vestibus

61 1536 154 1597 orienti
167 1537 277 1600 dietum
290 1538 344 1599 fuit
355 1541 519 1622 Eutropium
528 1543 616 1602 solum
630 1545 747 1624 probum
756 1546 807 1605 vi.
860 1539 1006 1602 nudavere.
1024 1540 1172 1600 lllonachos
1185 1555 1275 1600 autern
1287 1543 1414 1617 Gotthos,
1426 1543 1473 1620 qni
1490 1544 1518 1603 in
1535 1558 1605 1604 terra
1617 1568 1689 1628 Epio.
1702 1581 1758 1627 ²⁰7·

60 1651 120 1688 rom
128 1629 159 1690 in
173 1631 290 1690 civitate
301 1629 395 1694 luisse.
411 1632 560 1715 Eutropius
571 1648 663 1694 autern
675 1636 722 1696 bic
737 1637 808 1698 inter
864 1632 985 1690 Promoti
998 1631 1144 1711 degebant,
1157 1633 1310 1693 consolatus
1326 1648 1367 1694 est
1377 1635 1606 1717 chrysostomus,

61 1735 193 1801 martyres
213 1724 244 1781 in
263 1723 461 1805 martyrologio
487 1728 612 1786 Romano
636 1727 804 1804 celebratur,
862 1722 969 1800 quaudo
984 1722 1026 1781 sui
1050 1745 1131 1784 causa
1151 1725 1288 1786 molestias
1311 1725 1452 1788 multaret
1468 1749 1602 1789 erumnas

63 1812 228 1875 duodecimo
241 1812 423 1878 dielanuarii
439 1819 547 1877 mensis.
810 1844 813 1849 ·
860 1816 978 1896 perpessi
992 1830 1063 1876 sunt.
1436 1831 1440 1839 ’
1479 1856 1482 1863 ,

10 1924 53 1975 ‚s-
98 1904 397 1986 TuneetiamTigrius
404 1907 556 1989 presbyter,
565 1910 734 1971 casamentis
744 1933 808 1972 eru.
899 1908 988 1967 Tanto
1003 1907 1145 1967 fervebant
1158 1911 1190 1983 ii,
1206 1912 1254 1990 qni
1267 1925 1330 1971 tunc
1344 1912 1436 1972 aulam
1452 1913 1605 1996 Imperato-

10 1999 33 2091 ζ
62 2008 145 2055 toret
161 1998 466 2077 tugollagriscaesus,
487 2001 807 2083 vinetisquepedibuset
860 1997 928 2057 riam
942 1999 1165 2080 moderabantur,
1177 2003 1348 2066 indemnem
1362 2018 1388 2063 et
1402 2008 1607 2085 ejusconsortes
1693 2078 1703 2092 θ

25 2078 33 2093 ’
61 2090 226 2151 manibsrsin
239 2092 353 2172 equuleo
365 2107 503 2165 extensus,
516 2096 645 2169 memhris
658 2096 807 2159 dissolutus
861 2089 935 2164 odio,
943 2104 973 2150 ut
982 2112 1034 2151 non
1044 2094 1122 2172 pauci
1132 2108 1198 2154 tunc
1207 2096 1394 2176 episcopi,qni
1406 2097 1491 2176 probe
1500 2120 1556 2158 rem
1566 2119 1605 2159 ec·

12 2161 52 2212 ‘⁸‘
60 2198 106 2241 ast.
120 2183 191 2242 Erat
199 2196 293 2244 antem
305 2183 467 2246 hic-natione
476 2185 610 2247 barbarus
619 2202 646 2249 er
655 2188 806 2268 eunuchus,
860 2181 1035 2241 clesiasticarn
1049 2186 1186 2264 gerebant,
1197 2186 1377 2265 quodloanni
1385 2187 1488 2247 addicti
1499 2201 1603 2270 essem,

59 2276 106 2336 sed
120 2297 177 2336 noo
191 2276 228 2336 ab
246 2276 352 2356 origine
362 2300 370 2335 r
381 2278 430 2358 qni
444 2299 506 2338 cunr
519 2278 548 2337 in
568 2279 649 2342 domo
662 2283 806 2362 cujusdam
859 2274 946 2355 pubi,
960 2276 1009 2335 alii
1019 2294 1096 2352 vero,
1108 2299 1161 2338 non
1171 2277 1278 2359 indigni
1290 2280 1381 2355 modo,
1390 2280 1438 2341 sed
1451 2282 1532 2342 etiam
1544 2284 1605 2365 ple-
1622 2310 1625 2314 ·
1653 2308 1759 2371 κρίκῳ

58 2368 176 2448 [atmiis
188 2389 288 2430 servm
301 2370 413 2446 sulam,
425 2367 535 2429 domino
548 2388 598 2431 suo
617 2373 757 2453 probatus,
772 2374 807 2432 li.
860 2387 976 2446 rumque
989 2369 1105 2442 scelesti,
1119 2371 1148 2429 in
1161 2369 1272 2432 illorum
1284 2372 1375 2431 locum
1393 2373 1605 2439 intenderentur.
1614 2373 1708 2447 quion-

58 2459 192 2520 bertatenr
210 2475 357 2522 meumst.
386 2465 481 2522 Postea
499 2483 566 2524 voro
586 2463 623 2523 ad
643 2466 806 2547 presbyterii
860 2459 1034 2540 Serapionem
1059 2460 1158 2541 igitur,
1177 2483 1258 2541 quem
1275 2465 1392 2525 loannes
1413 2463 1547 2526 Heraclea
1574 2469 1603 2526 in
1615 2434 1711 2563 ⁹¹33,

59 2551 175 2629 gradum
191 2567 344 2635 promotus,
355 2555 477 2615 moribus
488 2568 593 2634 gratus,
610 2556 712 2634 comis,
726 2572 806 2638 arque
859 2551 980 2613 Thracia
1005 2553 1165 2635 episcopum
1192 2553 1379 2633 constituerat,
1391 2571 1454 2637 post
1479 2535 1696 2638 innume-195,¹¹
1716 2533 1759 2577 'l'

56 2665 119 2723 erga
135 2665 271 2727 pauperes
287 2660 317 2705 et
340 2646 494 2728 peregrinos
516 2647 727 2727 benignissimus
740 2650 803 2710 luit.
858 2665 901 2704 ras
917 2644 1018 2723 absque
1041 2645 1098 2705 ulla
1121 2647 1280 2727 probatione
1309 2648 1478 2725 calumnias,
1496 2671 1603 2710 summa
1617 2663 1690 2724 Epio.
1721 2667 1757 2724 rt.

56 2739 106 2798 llic
122 2740 208 2800 diam
229 2739 386 2801 mundatur
413 2740 663 2823 inltlartyrologio
682 2744 805 2804 Romano
858 2736 1604 2818 crudelitatecaesumusqueadexcussionemdentiam,
1636 2749 1756 2811 Potor-r·

55 2831 224 2893 duodecimo
235 2831 284 2892 die
301 2832 437 2894 ianuarii.
456 2835 489 2892 ln
507 2847 611 2914 partem
625 2855 806 2913 quoquearu·
858 2829 886 2889 in
908 2830 1025 2910 patriam
1044 2853 1122 2891 suam
1140 2832 1313 2912 relegarunt:
1337 2833 1384 2893 ille
1402 2854 1467 2894 vero
1484 2833 1520 2894 ad
1538 2814 1655 2896 mo··⁷³'

57 2946 183 2984 mnarum
197 2939 329 2985 venerunt
344 2925 472 2987 monachi
485 2926 803 3008 Maopoumiaeetdia-
858 2920 960 2981 nachos
973 2923 1079 2982 Marsos
1093 2935 1119 2981 ct
1139 2923 1257 2983 Gotthos
1269 2924 1427 3004 aufugerat,
1444 2925 1537 3004 ibique
1554 2927 1604 2986 diu
1691 2981 1693 2985 .

55 3019 165 3077 oonhsae
180 3017 215 3077 G.
233 3017 282 3094 Ρ.,
295 3037 365 3096 qna>
376 3017 542 3097 cogebantur
561 3017 607 3079 vel
622 3038 684 3077 cum
694 3018 804 3079 hmcio
858 3013 1000 3073 delituerat
1010 3028 1152 3094 antequam
1166 3029 1315 3096 caperetur.
1327 3017 1358 3075 ln
1371 3017 1430 3097 ejus
1442 3037 1506 3078 vero
1514 3017 1604 3079 locum

54 3108 267 3181 communiam,
281 3109 401 3170 velauri
414 3109 661 3170 2001ibrasdare‚
856 3105 1019 3166 substitutus
1036 3107 1090 3166 fuit
1104 3107 1243 3186 Eugenins
1258 3105 1370 3186 quidam
1378 3154 1388 3187 ,
1407 3108 1437 3167 in
1452 3109 1603 3171 mecedem

10 3226 47 3281 p„
91 3201 242 3282 Olympias
252 3200 447 3262 djaoenissain
466 3202 518 3262 hoc
538 3223 631 3263 rerum
646 3201 803 3263 discrimine
854 3197 1081 3276 conspirationis,
1102 3219 1185 3277 quam
1198 3192 1328 3259 adversus
1348 3203 1480 3260 loannem
1498 3202 1618 3282 episco-

11 3301 45 3332 a,
54 3291 248 3353 [orfimdimm
257 3294 345 3353 animi
356 3293 491 3354 exhihuit,
505 3295 575 3354 Nam
590 3315 653 3353 eum
666 3295 694 3353 in
702 3295 803 3375 judici.
854 3309 921 3369 pum
936 3309 1017 3348 suom
1026 3303 1187 3370 susceperat.
1200 3292 1257 3350 Sex
1268 3290 1310 3349 illi
1320 3290 1450 3372 episcopi,
1465 3293 1602 3370 quisimo-
1628 3331 1714 3378 PM
1731 3347 1754 3391 μ

10 3385 236 3450 ‚numaddnera
256 3399 339 3458 esset,
356 3385 536 3465 interrogante
549 3387 677 3447 Praefecto
691 3407 740 3446 cur
755 3408 803 3446 ec.
855 3379 906 3437 niae
922 3400 1000 3439 causa
1013 3402 1029 3439 a
1041 3382 1145 3442 loanne
1163 3380 1278 3462 depositi
1290 3383 1405 3454 lucrant,
1420 3396 1451 3443 ut
1464 3385 1600 3466 supradiss
1615 3393 1668 3458 ¹³7·

55 3477 162 3539 alasiam
174 3475 358 3556 moendisrer,
369 3477 510 3559 rospondit
524 3503 536 3537 .·
548 3504 564 3536 e
576 3480 639 3540 Non
655 3481 754 3538 esthon
764 3480 804 3540 vi.
854 3472 963 3546 ximus,
977 3472 1082 3552 rejectis
1095 3473 1130 3532 iis
1140 3474 1234 3554 probis
1248 3473 1388 3555 episeopis,
1403 3497 1470 3554 quos
1484 3480 1601 3539 ,loannes

57 3583 87 3628 ιι
97 3590 166 3630 m
176 3570 344 3630 institurum.
356 3569 416 3650 Ego
425 3572 496 3631 enim
509 3571 649 3631 facultates
659 3591 732 3630 meas
741 3593 801 3650 qua·
853 3563 881 3622 in
900 3584 992 3625 eorum
1006 3565 1097 3623 locum
1111 3564 1298 3642 ordinaverat,
1309 3565 1337 3625 in
1354 3566 1430 3628 sedes
1452 3591 1514 3630 suas
1535 3585 1601 3630 tunc

56 3664 143 3723 multae
153 3674 272 3724 mutet
281 3663 419 3736 maxima,
433 3663 543 3744 templis
556 3662 608 3722 Dei
620 3663 803 3724 instaurandis
853 3656 1099 3734 restitutionem
1109 3672 1251 3739 postquam
1262 3659 1467 3722 restituentibus
1476 3684 1505 3722 se
1519 3684 1599 3745 pecu·

58 3753 185 3836 imqaenffi,
196 3781 215 3812 s
230 3756 302 3815 cum
311 3768 402 3816 aurem
414 3755 580 3833 dioeoetille,
597 3756 681 3836 probe
694 3756 802 3816 sibino.
853 3747 908 3806 nire
925 3769 1058 3808 summam
1072 3763 1299 3810 numeraverant:
1315 3772 1372 3829 quo
1384 3747 1549 3814 certehrodo
1562 3755 1600 3815 si·

59 3858 107 3904 tam
122 3868 180 3908 nse
193 3847 272 3907 illios
285 3846 401 3925 vivendi
409 3846 548 3922 rationem,
559 3847 682 3927 apposite
693 3867 802 3927 respon·
854 3840 972 3900 moniam
986 3842 1164 3905 renovabant.
1176 3842 1332 3903 lleraclidea
1349 3860 1440 3906 autern
1455 3847 1598 3928 episcopus
1631 3883 1716 3932 hu„
1730 3902 1754 3944 p·

61 3936 95 3995 dit
104 3938 155 3999 illa
169 3963 206 3997 aa
220 3941 266 3998 Tu
276 3959 342 4019 ergo
361 3938 389 3998 in
405 3938 568 3999 accusatoris
590 3938 682 3997 locum
697 3937 802 4007 transi,
853 3931 954 4013 Ephesi
973 3954 989 3992 a
1009 3937 1113 3994 loanne
1134 3934 1317 4007 constitutus,
1343 3936 1378 3995 ab
1398 3936 1516 3998 inimicis
1540 3942 1600 4020 ejus
1615 3949 1667 4010 ¹95·
1686 3949 1737 4008 196.

62 4032 163 4091 etalius
178 4031 425 4114 denohisjudicet.
437 4055 453 4091 a
464 4032 609 4091 Praelectus
618 4031 688 4091 nihil
697 4031 800 4090 babens
852 4025 1013 4105 depositus,
1031 4047 1081 4107 per
1098 4026 1306 4105 quadriennium
1321 4027 1417 4088 saltem
1431 4029 1597 4091 Nicomediae

64 4124 128 4198 quod
138 4123 252 4204 eulpare
259 4137 369 4205 posset,
384 4121 509 4182 adalind
521 4141 551 4181 sc
563 4122 707 4200 convertit,
720 4135 801 4200 atquc
853 4117 880 4176 in
896 4139 1001 4178 caroere
1017 4118 1136 4178 inclusus
1152 4119 1258 4179 mansit.
1270 4121 1303 4178 ln
1316 4120 1375 4200 ejus
1396 4135 1488 4182 autem
1506 4123 1599 4184 locum

66 4212 375 4297 Olympiadioeterisque
384 4214 544 4275 mulieribus
552 4215 695 4273 amentiam
703 4236 801 4296 expro-

68 4304 155 4383 brarit,
172 4309 247 4388 quod
260 4307 380 4390 episcopi
401 4308 460 4380 sui,
474 4307 579 4367 Arsaeii
599 4327 704 4387 nempe,
725 4327 800 4366 com·
852 4303 941 4383 pium,
955 4303 1044 4382 inquit
1057 4303 1206 4377 Palladius,
1230 4303 1376 4379 ebriosum,
1400 4306 1598 4382 meretricium,

71 4401 209 4461 munionem
222 4414 421 4461 aversarentur.
439 4401 584 4460 Praefectus
594 4419 660 4460 vero
669 4414 733 4459 tunc
742 4399 802 4480 qui·
851 4414 983 4471 avarum3
1001 4407 1095 4454 caetera
1108 4415 1172 4453 vero
1182 4396 1280 4454 referre
1289 4394 1381 4475 pudet.

72 4492 204 4554 dmillam
215 4492 339 4566 dimisit;
350 4493 436 4553 altero
450 4490 596 4551 antdie
610 4504 746 4552 moratam
761 4492 799 4551 il·
892 4488 949 4547 Sub
964 4486 1022 4546 haec
1037 4499 1127 4546 autem
1145 4487 1316 4545 Theotecnus
1332 4486 1473 4568 presbyter
1483 4491 1600 4549 Romam
1632 4521 1753 4582 pugg,

73 4581 114 4641 hm
125 4606 219 4666 magno
232 4585 294 4645 auri
304 4583 423 4667 pondere
442 4582 593 4643 mulctarit.
604 4583 738 4656 Quadam
749 4605 800 4643 au·
852 4580 937 4652 venit,
955 4579 1045 4639 literas
1062 4579 1177 4650 afferens
1197 4578 1299 4659 viginti
1318 4578 1438 4658 quinque
1455 4580 1598 4662 episcopo-
1612 4584 1652 4650 ¹4.
1663 4588 1703 4636 ro.

10 4698 14 4727 ;
73 4674 798 4758 tenaliametnpercrrlsae,hrsaciicommunionemvel
852 4697 923 4752 rum,
937 4675 985 4753 qui
1006 4694 1068 4733 cura
1083 4675 1187 4735 Joaone
1205 4672 1394 4754 adSynodum
1409 4674 1598 4736 celebrandam

78 4764 152 4826 irrite
163 4769 293 4850 amplexa
307 4781 381 4828 sunt.
852 4779 1029 4830 convenerant
1044 4789 1051 4822 ε
1074 4766 1150 4844 queis
1171 4766 1329 4826 Innocentio
1344 4767 1425 4847 Papa
1452 4768 1599 4828 narrabant

10 4850 72 5107 Γ
107 4858 503 4940 Pentadiaquoquediaoonissa
517 4857 613 4930 vidua,
626 4858 692 4918 olim
703 4859 800 4920 Tima·
852 4882 906 4940 qno
918 4872 996 4940 pacto
1009 4857 1370 4919 loannesamilitumrnanu
1381 4858 1488 4938 pulsus,
1504 4860 1597 4918 Cucu-

81 4946 228 5012 tiiCtnsulis
243 4972 313 5012 uxor
321 4996 332 5024 ,
350 4966 457 5011 strenue
468 4963 494 5009 et
507 4950 721 5011 constantissime
734 4972 798 5010 can-
852 4975 912 5013 sum
927 4954 954 5011 in
967 4951 1096 5012 exsilium
1111 4949 1210 5009 missus
1222 4950 1324 5010 fuisset.
1344 4950 1430 5009 Paulo
1446 4953 1597 5031 postvenit

81 5058 126 5098 tto
141 5044 245 5104 loannis
262 5043 393 5104 defendit.
406 5040 524 5121 Ideoque
535 5042 603 5118 illa,
617 5063 676 5122 qna
690 5042 797 5104 nonnisi
851 5047 993 5120 Paternus,
999 5043 1048 5123 qui
1058 5042 1394 5123 seConstantinopolitanae
1401 5042 1530 5102 Ecclesia
1536 5065 1597 5124 pre·

64 5131 420 5214 tedsonooieulumque
432 5156 513 5194 suum
531 5134 799 5212 noverat,inlorum
852 5134 1597 5219 sbytenrmdicebatdoannisqueinimicusrliterasalle·

81 5238 190 5302 pem
200 5228 262 5305 init,
273 5249 292 5288 a
304 5229 368 5289 loro
377 5226 414 5287 ad
428 5226 586 5305 tribunalia,
600 5227 649 5288 ubi
661 5228 798 5289 lirmitatis
852 5230 928 5290 rebat
937 5227 1269 5306 Acacii,Pauli,Antioehi
1283 5241 1309 5286 ct
1319 5227 1458 5287 severiani
1467 5227 1596 5289 aliorum-

10 5308 24 5595 ἶ
82 5313 798 5404 ttlflqtelortitutlinisnrtvtsignaegregiaqrretledit3
852 5343 916 5404 que,
927 5322 974 5403 qui
987 5323 1120 5387 loannem
1129 5309 1443 5399 calumniabanturquasi
1456 5320 1597 5384 ecclesiam
