3714 5970
617 475 765 522 nevira
794 474 823 520 s.
844 471 985 520 rotonis
1013 469 1262 516 cnnrsosronr.
1680 446 1724 513 33

142 601 231 680 εδρίαν
255 597 550 679 έλτόενἯρεικλείας,
566 598 611 657 καί
627 602 642 657 ὁ
659 585 813 677 ἡσυχαστὴς
829 594 923 655 Ἰσαά-
975 592 1037 651 liter
1058 605 1082 650 et
1108 592 1236 651 Acacium
1250 594 1445 673 marguo‚qni
1465 592 1583 652 dixerit:
1598 593 1657 672 Ego
1677 592 1719 651 iiii

143 719 218 766 κιος,
235 692 282 751 ίνα
302 691 342 769 μή
357 691 448 759 ἄλλως
463 691 548 765 είπω,
561 689 696 770 λέγοντες·
715 689 831 762 ἐδήλωσέ
850 712 892 747 σοι
904 694 921 759 ἡ
975 683 1058 743 oliam
1070 683 1178 743 condio.
1191 686 1232 744 De
1243 685 1388 745 Severiano
1402 698 1429 745 et
1443 685 1576 746 Antiocho
1590 684 1658 765 quid
1672 699 1717 743 at-

144 788 272 850 σύνοδος·
294 782 413 862 πέρασον
430 782 499 861 πρὸς
517 788 607 860 ἡμᾶς,
633 781 864 860 ἀπολογησόμενος
887 780 921 838 τὰ
975 776 1043 835 tinet
1055 775 1165 852 dicere,
1182 797 1250 855 quos
1262 777 1342 836 citius
1356 777 1473 858 excipiet
1483 778 1575 852 dirina
1589 778 1695 858 justitia
1709 792 1730 850 ,’

146 879 316 954 ἐγκλήματα.
333 876 406 955 Πρὸς
426 881 513 934 ταῦτα
528 879 543 934 t
556 874 682 946 Ἰωάννης
695 875 861 945 ἀντεδήλωσε
887 873 920 929 δι’
974 889 1090 946 quorum
1103 869 1257 927 temerarios
1270 883 1382 927 conatus
1395 869 1475 928 etiam
1487 871 1626 928 saecularia
1639 869 1719 929 thea-

147 970 301 1029 ἐπισκόπων
318 966 437 1046 ἑτέρων·
454 966 520 1046 ποίᾳ
535 964 677 1045 ἀκολουθίᾳ
691 965 821 1036 δικάζετε,
834 966 857 1024 oi
871 963 924 1042 μή·
976 979 1017 1023 tra
1031 965 1148 1024 canunt?
1158 965 1245 1043 igitur
1268 965 1290 1023 si
1314 986 1406 1023 revera
1431 965 1522 1024 adesse
1546 988 1589 1025 me
1613 965 1719 1041 vultis,

147 1085 175 1120 τε
188 1059 248 1124 τοὺς
267 1058 382 1140 ε’χθροίς
397 1082 447 1135 μου
470 1057 615 1128 ἐξώσαντες
621 1103 630 1131 ,
651 1059 697 1117 καλ
716 1057 760 1116 ut
777 1060 831 1116 τῶν
851 1060 922 1134 ἐμῶν
942 1067 959 1113 F
977 1079 1067 1136 quaeso
1082 1077 1126 1116 eos
1136 1071 1261 1136 quatuor,
1273 1057 1295 1117 si
1309 1057 1420 1136 quidem
1433 1059 1592 1138 utjndices,
1609 1079 1719 1118 excon-

147 1156 283 1232 κληρικῶν
305 1175 343 1229 με
361 1150 610 1229 μεταστελλόμενοι.
626 1153 662 1210 Οἱ
678 1148 706 1210 δί
721 1149 848 1216 λαόόντες
864 1147 924 1217 τοὺς
977 1171 1049 1210 sessu
1062 1151 1167 1231 ejicite3
1183 1151 1225 1209 sin
1246 1163 1277 1209 ut
1290 1165 1457 1210 accusatores
1470 1195 1480 1227 ,
1490 1152 1596 1230 judicio
1611 1152 1718 1227 sistite,

150 1246 328 1316 ἐπισκόποις,
346 1244 391 1304 τὸν
417 1241 467 1321 μὲν
488 1243 607 1325 ἔδειραν,
626 1240 671 1300 τὸν
687 1239 715 1301 δὲ
729 1240 923 1322 περιέσχισεν,
977 1256 1007 1301 ut
1019 1243 1104 1303 sciam
1119 1242 1255 1321 quomodo
1268 1264 1312 1302 me
1325 1242 1362 1302 ad
1380 1257 1512 1303 certamen
1527 1244 1657 1303 instruam
1668 1265 1720 1317 ,an

151 1341 185 1416 τῷ
201 1338 228 1396 δὲ
243 1336 352 1417 σίδηρο.
365 1338 405 1415 τῷ
423 1335 552 1416 τραχήλῳ
567 1335 747 1416 περιέθηκαν,
763 1332 781 1391 d
800 1325 868 1406 ἦσαν
881 1336 923 1393 εὖ·
978 1348 1116 1394 utcontra
1136 1335 1306 1395 adversarios
1318 1379 1326 1407 ,
1337 1356 1372 1394 an
1394 1350 1424 1395 ut
1442 1350 1534 1396 contra
1556 1337 1680 1417 jndices:
1694 1349 1721 1416 et

153 1428 323 1507 τρεπίσσνεις
336 1431 376 1506 τῷ
391 1425 478 1508 ἁγίῳ,
492 1426 527 1485 ἵν’
541 1425 622 1494 οὕτως
639 1426 746 1505 βληθείς
760 1429 796 1493 εἰς
815 1428 925 1498 πλοῖον,
941 1461 964 1500 ,η
978 1428 1088 1488 omnino
1102 1429 1209 1488 reniam
1224 1449 1277 1488 non
1291 1429 1378 1488 solum
1394 1428 1431 1488 ad
1444 1443 1561 1488 vestram
1572 1429 1722 1492 caritatem.

154 1525 186 1588 τίς
200 1522 300 1593 ἄδηλον
316 1519 459 1597 ἀποστολῇ
478 1516 578 1576 τόπον·
593 1523 637 1577 τοῦ
656 1516 781 1596 δαίμονος
805 1516 926 1599 καθάπερ
944 1517 963 1561 Α
979 1521 1024 1581 sod
1037 1537 1064 1582 et
1078 1522 1114 1581 ad
1130 1523 1256 1601 quamvis
1269 1522 1345 1581 orbis
1361 1536 1494 1582 terrarum
1507 1522 1724 1604 synodumsci-

119 1623 136 1666 t.
154 1614 254 1678 λέοντος
269 1609 453 1692 ἀγριόισαντος
474 1609 577 1677 αὐτούς.
594 1611 647 1670 Καὶ
661 1614 675 1669 ὁ
689 1611 738 1688 μίν
761 1610 832 1676 ὅσιος
850 1610 926 1678 εἰδὼς
980 1627 1128 1694 totoergo,
1138 1614 1161 1673 si
1176 1613 1263 1674 decies
1275 1614 1374 1673 millies
1391 1615 1482 1674 adme
1500 1615 1636 1688 miseritis,
1652 1614 1724 1674 nihii

157 1706 200 1778 τήν
214 1706 312 1774 ἀναιδῆ
327 1705 415 1761 αὐτῶν
430 1700 560 1782 γνώμην,
576 1702 668 1763 ἑαυτὸν
694 1702 815 1783 ἐπέσχεν.
839 1705 875 1762 ot
897 1701 926 1761 δλ
981 1707 1099 1787 amplius
1111 1728 1145 1766 ex
1157 1728 1201 1766 me
1210 1729 1259 1767 vos
1270 1706 1422 1768 audituros.
1435 1707 1495 1767 Illis
1505 1709 1637 1787 egressis,
1649 1709 1725 1768 venit

160 1799 293 1878 γεννάδες,
308 1794 459 1872 πράξαντες
475 1795 668 1872 θπομνημάτισ
683 1794 802 1876 ἀράχνης
816 1795 927 1855 ἀοθενί-
980 1800 1071 1860 statim
1081 1800 1210 1859 Notarius
1230 1799 1332 1858 habens
1349 1799 1508 1880 rescriptum
1523 1801 1698 1881 Imperatoris
1713 1846 1722 1876 ,

163 1915 233 1970 στερα
246 1888 315 1970 πρὸς
328 1887 492 1967 ἀφοσίωσιν,
512 1885 704 1967 ἀποφαίνονται
722 1886 793 1946 κατδ
809 1893 856 1946 τοῦ
871 1910 925 1964 μα·
981 1891 1026 1951 coi
1036 1889 1135 1950 inserta
1143 1890 1370 1985 erapuppiicatio
1379 1891 1566 1972 episcoporum
1575 1892 1724 1973 petentium

163 1984 261 2064 κερίου,
276 1975 308 2040 οὗ
319 1980 381 2041 ὥτε
396 1979 427 2039 τὸ
441 1979 584 2060 πρόσωπον
599 1969 684 2053 ε’ίδον,
703 1977 764 2040 οὔτε
774 1985 865 2060 φωνῆς
879 1979 928 2036 αὖ·
983 1996 1012 2041 ut
1030 1984 1146 2045 ioannes
1160 1981 1265 2042 invitus
1277 1981 1314 2041 ad
1324 1981 1461 2062 judicium
1474 1983 1614 2043 sisteretur
1624 2029 1633 2060 ,
1643 2005 1724 2043 eum·

164 2082 201 2136 eo]
217 2077 360 2148 ἥκουσαν,
383 2076 411 2132 ἐν
431 2070 520 2152 ἡμέρη
542 2080 591 2150 μιᾷ
611 2069 659 2142 τήν
680 2074 706 2130 ἐν
727 2072 818 2151 πολλῷ
832 2070 928 2150 θχρόνιρ
983 2096 1036 2152 que
1056 2074 1092 2133 ad
1110 2074 1246 2154 judicium
1266 2074 1387 2153 urgebat.
1401 2077 1466 2134 Post
1488 2077 1589 2135 facturn
1612 2077 1725 2137 Notario

165 2165 332 2244 ωεινομένην
348 2163 446 2223 κακίαν
464 2162 735 2242 συμπεραιόεοαντες·
755 2162 928 2242 ἀνεπίσχετον
983 2187 1152 2247 responsum,
1166 2164 1324 2245 prodierunt
1342 2165 1398 2224 duo
1420 2167 1573 2248 presbyteri
1592 2169 1725 2244 Joanuis,

166 2257 439 2339 γάρτὸδειιμονιῶδες
457 2254 586 2333 ὅρμημα,
607 2256 656 2313 οὐκ
674 2252 803 2332 ἀναμένον
825 2253 928 2334 σκέψιν.
984 2255 1727 2341 Eugeniosquidam,quiHeracieaeepiscopatnmoon-
1800 2323 1803 2333 ¹

168 2352 209 2411 tet
227 2351 383 2430 πέμψαντες
405 2351 444 2427 τῷ
462 2348 567 2425 βασιλεῖ
587 2345 737 2427 ἀναρορδν.
762 2345 929 2427 προέταξαν·
983 2350 1140 2431 spirationis
1154 2348 1305 2408 mercedem
1317 2362 1473 2430 acceperat.
1488 2363 1514 2410 et
1534 2351 1653 2411 Isaacins
1668 2373 1730 2412 mo·

168 2442 264 2514 Ἐπειδή
278 2438 473 2519 κατηγορηθείς
487 2436 613 2510 Ἰωάννης
628 2438 672 2498 ἀπὶ
684 2446 775 2505 κακοῖς
790 2458 863 2510 τισι,
883 2438 930 2498 καὶ
948 2439 965 2484 Β
984 2441 1104 2515 nachus,
1117 2440 1227 2518 nequid
1242 2439 1319 2499 aliud
1330 2439 1419 2499 dicam
1432 2485 1441 2516 ,
1459 2429 1595 2502 diceutes:
1609 2443 1726 2524 Scripsit

168 2535 277 2601 ωνειδὼς
301 2535 413 2612 ἑαυτῷ,
439 2533 490 2589 οὐκ
510 2529 637 2602 ἠθέλησεν
660 2532 830 2602 ἀπαντῆσαι,
854 2528 930 2591 τόνδε
984 2531 1033 2589 tibi
1047 2528 1177 2611 Synodns
1190 2553 1197 2584 ε
1210 2529 1309 2587 Transi
1323 2528 1359 2588 ad
1373 2550 1431 2601 nos,
1445 2544 1475 2588 ut
1490 2531 1594 2610 objecta
1611 2531 1727 2591 erimina

168 2634 270 2687 τοιοῦτον
291 2630 467 2703 καθαιροῦσιν
490 2624 515 2682 oi
537 2621 633 2699 νόμοι·
657 2621 672 2683 δ
692 2622 724 2695 δὴ
747 2621 793 2682 καλ
816 2622 930 2694 ὑπέστη.
984 2623 1082 2682 diluas.
1097 2620 1205 2681 Αιίίκεε
1216 2624 1331 2683 Jonnnes
1342 2643 1391 2702 per
1402 2622 1469 2682 aiios
1480 2624 1618 2704 episcopos
1627 2645 1728 2684 renun-

168 2719 314 2800 Περιέχωσι
328 2714 359 2776 δὲ
372 2719 398 2775 οἱ
410 2712 529 2774 λιόελλοι
543 2714 588 2772 καλ
599 2712 783 2781 καθοσιώσεως
796 2715 930 2795 ἔγκλημα.
985 2715 1064 2775 tiavit
1086 2738 1094 2778 τ
1116 2715 1242 2786 Quonam
1265 2713 1375 2774 tandem
1399 2714 1493 2774 ordine
1510 2716 1662 2796 judicatis,
1678 2717 1728 2795 qui

169 2811 282 2872 ίίελειίσει
299 2801 383 2880 α’ίνή
412 2810 487 2882 ὑμῶν
512 2805 633 2866 εάσίὸεια
658 2807 703 2866 καλ
727 2807 826 2868 ἄκοντα
852 2809 931 2869 αι’ντδν
986 2828 1071 2886 neque
1084 2806 1207 2866 inimicos
1221 2827 1293 2866 meos
1304 2807 1454 2886 ejeceritis,
1469 2821 1494 2866 et
1506 2830 1549 2868 me
1559 2830 1607 2889 per
1617 2809 1728 2870 ciericos

129 2932 132 2937 ·
169 2905 323 2975 ἐξωσθῆναι,
350 2901 398 2960 καὶ
425 2899 500 2967 δίκας
524 2899 613 2958 δοῦναι
638 2899 732 2980 ἐπλτῇ
754 2899 931 2976 καθοσιώσει,
986 2920 1059 2958 meos
1078 2896 1237 2958 accersatis?
1258 2899 1303 2958 llli
1324 2913 1413 2959 antem
1434 2901 1547 2982 arreptis
1568 2901 1726 2983 episcopis,

169 2996 247 3067 ἐπειδή
261 2999 330 3072 ἡμῖν
343 2994 395 3051 oon
409 2991 494 3059 ἔξεστι
506 2993 591 3050 ταῦτα
604 2994 701 3061 ζητεῖν.
713 2981 751 3051 Ὦ
766 2991 931 3073 τρισάθλιοι,
985 2991 1069 3051 alium
1084 2992 1242 3051 verberibus
1252 2992 1411 3066 affecerunt,
1425 2992 1535 3052 alterins
1556 3008 1640 3054 vestes
1660 3015 1728 3054 con·

170 3089 307 3168 άρρονεῐτε
324 3084 374 3145 καί
394 3091 495 3144 ποιεῖτε
510 3081 666 3163 αἰσχύνεσθε
679 3089 763 3142 ταῦτα
776 3093 880 3160 ποιεῖν,
903 3088 933 3146 οὐ
987 3098 1150 3165 cerpserunt,
1162 3083 1240 3142 alteri
1253 3084 1352 3143 ierrcas
1366 3098 1471 3143 catenas
1484 3085 1554 3144 collo
1572 3085 1728 3167 circumpo-

172 3181 240 3252 Θιάν,
250 3178 323 3237 ἀλλά
335 3173 493 3253 ἀνθρώπως
504 3173 653 3251 αἰδούμενοι
667 3173 684 3245 ἢ
700 3174 867 3254 φοόοιίμενοι.
879 3167 933 3236 Ἦν
987 3197 1074 3245 suere,
1082 3197 1150 3254 quas
1159 3191 1251 3235 sancto
1260 3175 1356 3236 Joanni
1368 3191 1539 3256 paraverant,
1549 3191 1578 3235 ut
1591 3177 1630 3236 sic
1640 3181 1730 3260 conje·

173 3269 217 3341 ἀί,
233 3267 398 3335 καθοοίωσις
413 3271 431 3338 ή
447 3268 486 3331 εἰς
497 3263 546 3336 τήν
560 3265 717 3343 βασίλισσαν
733 3267 872 3347 λοιδορία,
898 3273 934 3336 ὡς
950 3281 969 3330 c
988 3283 1046 3329 ctus
1060 3268 1088 3326 in
1106 3267 1260 3327 naviculam
1274 3267 1302 3325 in
1320 3267 1443 3346 ignotum
1464 3267 1554 3326 locum
1567 3269 1729 3329 amandare-

174 3364 253 3421 ἐκεῖνοι
267 3361 441 3438 ἀνήνεγκαν,
457 3355 499 3416 ότι
512 3347 584 3416 εἶπεν
600 3356 681 3428 αὐτὴν
700 3357 826 3427 Ἰεζάόελ.
842 3361 896 3420 Καὶ
910 3362 935 3421 oi
989 3376 1045 3435 tur,
1056 3360 1178 3420 daemone
1188 3359 1249 3418 ilios
1263 3358 1348 3419 veluti
1361 3357 1450 3418 leones
1468 3360 1604 3422 efferente.
1620 3363 1655 3420 Et
1666 3361 1731 3420 bea·

176 3453 368 3532 ρὲιθαομάσιοι
383 3497 392 3528 ,
410 3448 454 3509 τὸν
469 3447 514 3508 διδ
530 3447 616 3529 ξίρους
629 3448 739 3509 θάνατον
755 3454 833 3511 αὐτοῦ
852 3452 935 3524 root·
990 3469 1033 3516 tus
1055 3453 1165 3532 quidem
1186 3451 1295 3532 cognito
1320 3449 1470 3532 impudenti
1501 3473 1594 3511 eornm
1616 3454 1730 3515 consilio

117 3564 119 3591 ί
177 3568 252 3614 orrea
265 3546 348 3617 ἰδεῖν,
370 3541 456 3608 οὕτως
476 3540 641 3621 irritatam·
662 3543 677 3598 ὃ
690 3540 718 3600 δὲ
732 3541 802 3609 Oti<
813 3545 859 3604 καλ
871 3544 935 3605 τοί-
990 3549 1108 3629 seipsum
1120 3546 1252 3606 cohibuit.
1262 3544 1310 3604 liii
1323 3565 1387 3603 vcro
1399 3544 1519 3623 generosi
1531 3545 1652 3618 scilicet,
1666 3567 1731 3607 con-

137 3647 159 3696 :t
176 3659 213 3695 τιν
225 3637 379 3718 ἐρσνίρωσε
396 3633 446 3706 τήν
466 3635 661 3712 ίνδομιιχοῦσαν
682 3634 797 3709 κακίαν,
819 3636 865 3694 καλ
882 3641 936 3696 τῶν
990 3641 1066 3701 sectis
1082 3638 1240 3699 diciscausa
1252 3636 1331 3714 actis,
1344 3657 1447 3695 araneae
1457 3635 1509 3696 tela
1522 3637 1730 3712 infirmioribus,

178 3729 295 3809 ἀρχόντων
309 3725 467 3804 ἀμσλάκυνε
481 3723 530 3796 riv
543 3723 672 3805 καρδίαν·
694 3725 815 3808 καθάπερ
829 3728 873 3788 ἐπὶ
890 3735 937 3789 τοῦ
991 3732 1138 3792 decernunt
1148 3731 1278 3791 adversus
1291 3730 1515 3810 Joannem,cujus
1526 3732 1633 3791 vultum
1644 3753 1679 3792 ne
1691 3734 1733 3793 ri·

176 3821 260 3894 θωιήλ
272 3815 374 3890 ατηίὸη
386 3816 573 3876 ἐνΒαόυλῶνι.
582 3814 658 3877 Ἐκεῖ
671 3819 722 3897 γάρ
734 3822 758 3878 oi
772 3818 820 3895 μέν
833 3819 937 3887 λέοντες
991 3826 1087 3886 derant
1096 3823 1209 3904 quidem
1224 3844 1330 3901 ,neque
1344 3843 1436 3885 vocem
1452 3822 1634 3897 audiverant,
1653 3826 1733 3906 longo

177 3914 355 3995 ᾗμερέιθησαν,
379 3909 536 3990 φεισάμενοι
556 3913 602 3968 τοῦ
615 3911 735 3986 Δανιὴλ,
751 3914 775 3970 οἱ
789 3911 816 3970 et
832 3912 936 3994 ἀνθρω-
991 3933 1111 3998 tempore
1129 3929 1281 3976 contextam
1296 3915 1428 3974 malitiam
1443 3937 1495 3974 uno
1517 3915 1564 3975 die
1586 3918 1735 3978 terminan-

177 4005 414 4086 τηήγριόιθησαν,
437 4001 626 4082 ἀφειδήσαντες
644 4007 690 4062 τῶ
712 4003 869 4082 προφήτου,
890 4004 938 4075 γκαὶ
992 4022 1031 4069 tcs
1046 4033 1053 4066 ε
1067 4006 1231 4067 daemoniace
1245 4005 1318 4065 enim
1339 4004 1452 4065 audacia
1473 4007 1594 4067 cohiberi
1615 4029 1668 4068 non
1682 4018 1735 4090 po-

176 4099 332 4170 ίδισύπησεν
356 4100 372 4154 ό
387 4095 457 4162 Θεὸς
477 4093 537 4160 τοδε
558 4093 632 4173 παρά
646 4093 723 4176 ρόσιν
749 4096 938 4178 ἀγριωθέντας,
992 4110 1054 4174 test,
1067 4117 1116 4155 nec
1129 4094 1273 4154 consilium
1282 4092 1413 4152 admittit.
1426 4096 1460 4153 Et
1471 4095 1553 4153 missa
1567 4094 1603 4154 ad
1613 4097 1734 4178 Impera·

176 4194 213 4249 τόν
233 4189 311 4266 παρὰ
336 4186 419 4267 odori
441 4185 641 4264 ἡμερωθέντων.
672 4186 765 4254 Οότως
792 4187 893 4260 ἐξώσθη
923 4194 1077 4252 tutorem
1089 4187 1227 4263 relatione,
1242 4186 1280 4245 sic
1295 4186 1349 4245 orsi
1365 4199 1425 4244 sunt
1439 4186 1588 4257 :Quoniam
1602 4209 1736 4265 quorum-

175 4283 284 4356 Ἰωάνης
300 4286 353 4353 τῆς
364 4276 545 4349 Ἐκκλησίας,
554 4276 670 4355 κόμητος
684 4280 879 4347 ἀποσταλέντος
891 4280 938 4339 ooo
992 4283 1056 4342 dam
1066 4279 1213 4339 criminum
1224 4290 1363 4336 accusatus
1373 4279 1489 4337 Joannes
1502 4291 1528 4335 et
1538 4278 1591 4336 sibi
1600 4280 1733 4351 conscios,

174 4377 343 4455 στρατιωτικῇ
369 4369 498 4452 βοηθείᾳ,
513 4368 634 4449 καθάπερ
648 4369 693 4429 ἐπὶ
706 4371 873 4453 βαρὸαρικῆς
886 4397 939 4432 πα-
992 4373 1080 4434 noluit
1093 4369 1196 4440 adesse,
1208 4370 1281 4447 leges
1293 4368 1371 4427 talem
1381 4366 1520 4448 deponunt
1532 4391 1540 4427 ε
1553 4370 1627 4446 qnod
1640 4372 1736 4452 etipse

174 4468 301 4538 ηπίξεως.
317 4459 523 4534 ’fastuosum
540 4460 632 4540 φθάνει
646 4465 683 4530 εἰς
700 4463 735 4522 τά
756 4463 826 4524 κατὰ
849 4465 938 4547 Πραί-
993 4465 1087 4526 subiit.
1099 4462 1199 4523 Libeili
1218 4475 1307 4518 autom
1326 4459 1492 4522 etianriaesae
1512 4461 1660 4540 majestatis
1674 4463 1731 4522 cri·

174 4585 230 4621 ιετον
243 4567 294 4633 τῆς
316 4554 444 4620 Βιθυνίας
459 4553 575 4634 ἀγρίδια·
594 4554 685 4627 Μέσης
705 4553 731 4613 δὲ
753 4557 940 4634 διαγενομένης
992 4578 1053 4617 men
1070 4555 1215 4614 continent.
1226 4552 1341 4614 anebit
1352 4551 1435 4631 igitur
1453 4552 1542 4612 Pietas
1556 4550 1650 4614 ¹nestra
1670 4577 1733 4616 eum

175 4655 260 4735 θμὲρσς
276 4661 364 4732 μιᾶς,
385 4646 486 4717 συνέόη
510 4646 619 4726 θραῢσίν
638 4671 698 4707 τινα
711 4646 833 4726 γενίσθαι
854 4652 881 4709 ίν
900 4654 939 4731 τῷ
993 4649 1037 4709 vel
1049 4648 1166 4707 invitum
1178 4645 1256 4725 ejici,
1267 4659 1293 4703 et
1305 4665 1397 4722 poenas
1411 4644 1480 4704 iaesae
1494 4647 1640 4726 majestatis
1651 4648 1733 4719 dare;

176 4751 277 4804 κοιτῶνι.
293 4737 472 4813 Φοόηθίνττς
485 4741 516 4798 ἐκ
532 4737 625 4798 τούτου
638 4783 646 4812 ,
661 4738 694 4797 δι’
709 4738 806 4799 οίκείοο
820 4741 942 4822 νοταρίον
994 4736 1214 4820 quandoquidem
1235 4736 1263 4794 in
1276 4735 1334 4794 ltaec
1351 4735 1489 4814 inquirere
1501 4738 1579 4798 nobis
1589 4760 1641 4798 non
1661 4741 1735 4801 licet.

178 4840 356 4897 θεκελῶιται
368 4833 415 4892 τὸν
429 4829 559 4902 Ἰωάννην
569 4828 637 4907 μστά
648 4831 752 4912 ἡμέρας
763 4831 866 4912 ὀλίγας,
878 4838 943 4894 ἀπο-
994 4834 1020 4892 0
1032 4846 1073 4892 ter
1082 4827 1190 4890 miseri!
1203 4849 1264 4907 quae
1278 4828 1401 4908 cogitatis
1409 4841 1436 4886 et
1447 4828 1582 4904 [σωθήσει
1592 4852 1640 4890 vos
1651 4831 1739 4912 pudet

182 4929 252 4995 ἱόιςςς
265 4933 305 5009 εξ»
318 4925 413 5006 οἰκείῳ
427 4923 522 5004 θρόνῳ.
537 4920 630 4989 Οὕτως
645 4926 659 4982 δ
674 4921 804 5001 Θεόφιλος
824 4925 870 4984 σὺν
890 4935 944 4994 τοῖς
996 4925 1118 5002 exsequi,
1128 4942 1181 4986 non
1197 4923 1297 4990 Deum,
1306 4918 1350 4978 sed
1366 4919 1488 4979 homines
1500 4920 1579 4980 veriti
1593 4935 1639 4979 aut
1649 4924 1738 5002 perti-

186 5021 320 5099 λῖγιττίοις
333 5021 406 5098 eos}
419 5015 469 5086 τήν
480 5013 614 5095 σωτηρίαν
629 5013 780 5098 πορίζεται·
796 5018 882 5090 ἐζήτει
893 5018 944 5100 γάρ
997 5029 1153 5076 mescentes.
1166 5015 1232 5073 Erat
1243 5012 1343 5071 crimen
1356 5011 1424 5071 laesro
1434 5012 1738 5090 majestatisconricium

188 5113 275 5178 ίτολις
288 5111 367 5170 αθτδν
392 5107 577 5167 θελασσῶσαι.
596 5107 675 5166 nint
698 5105 744 5165 δύο
762 5113 847 5184 μῆνας
865 5110 944 5169 πάλιν
998 5110 1026 5169 in
1041 5113 1245 5187 angustamur
1260 5104 1312 5186 ipsi
1327 5104 1484 5176 retulerunt,
1497 5104 1633 5182 quodeam
1646 5128 1739 5168 vocas·

192 5202 420 5267 θττνσπνεόσαντες
436 5202 486 5271 τῆς
499 5199 625 5278 πληγῆς,
649 5198 827 5282 ρρυάττονται
844 5203 877 5262 ἰκ
887 5203 946 5285 διο·
962 5221 981 5269 r.
999 5215 1040 5262 set
1052 5199 1168 5262 Jembci.
1184 5197 1221 5257 Et
1232 5197 1272 5256 iili
1283 5196 1394 5274 quidem
1408 5196 1545 5257 mirabiles
1559 5197 1632 5275 viri,
1648 5200 1740 5281 ipsum

197 5291 255 5372 τίςοι
267 5296 333 5356 κατὰ
344 5299 394 5353 τοῦ
403 5288 542 5352 Ἰωάννω·
555 5288 602 5350 καὶ
615 5291 787 5372 εὐπρόσωπον
803 5291 888 5374 ἀρχήν
900 5295 949 5375 οὐχ
1004 5293 1095 5375 gladio
1111 5303 1262 5352 truncatum
1270 5289 1406 5369 cupientes
1420 5287 1568 5365 videre,sic
1577 5291 1741 5390 retulerunt:

316 5392 390 5432 τοτε.
413 5390 491 5431 xrrr.
1586 5389 1606 5430 o
