3714 5970
1617 438 1687 510 215

115 579 208 658 nqnia
222 599 319 667 nempe
331 581 426 641 fideles
442 582 562 663 Spiritus
578 583 663 642 sancti
677 582 816 644 descensui
832 583 891 642 uni·
944 582 1023 641 tertio
1042 581 1077 642 de
1097 583 1252 644 Sacerdotio
1277 582 1381 660 elicere,
1406 585 1557 645 sacerdotes
1576 607 1725 666 prorsusn
1732 605 1838 715 e'43841

115 692 174 782 ἰιι
183 662 296 745 addicti,
306 672 437 761 ceteram
447 675 637 755 tempusalind
647 676 799 737 mittebant.
813 679 892 757 Saepe
944 672 1077 754 purgandi
1092 688 1249 752 potestatem
1263 674 1414 756 accepisse,
1429 691 1456 734 et
1470 692 1531 757 post
1544 671 1720 758 regeneri-¹¹·

115 784 210 841 vero
222 779 312 845 carpit
324 787 379 841 eos,
395 787 444 844 qur
435 766 623 847 baptismum
635 790 719 847 usque
730 768 765 828 ad
778 782 891 828 mortem
944 768 1043 825 tionem
1058 765 1175 826 admissa
1194 781 1302 848 peccata
1322 767 1473 830 condonare
1492 792 1590 852 posse:
1605 784 1685 849 atque

115 858 318 929 educabant,
331 880 364 919 sc
377 881 437 939 quae
448 860 512 920 hinc
525 862 596 920 mala
609 875 635 921 et
643 862 766 966 pericula
776 883 892 941 sequan-
943 857 1018 933 adeo,
1034 879 1096 917 cum
1109 858 1144 917 de
1153 860 1316 920 confessione
1330 875 1500 941 peccatorum
1513 864 1642 942 loquitur,
1655 863 1684 922 rd
1696 871 1726 915 T
1739 885 1758 916 ι
1731 872 1837 1041 p.dp26=

142 962 190 1008 tur
203 965 332 1014 recenset
350 952 483 1032 Baptismi
499 974 563 1013 vero
576 975 685 1014 nomtna
700 955 786 1014 multa
803 969 889 1033 erant,
944 971 1015 1030 saepe
1035 950 1071 1010 de
1090 950 1142 1012 boc
1161 951 1329 1010 sacerdotum
1358 954 1508 1015 ministerio
1529 949 1744 1035 intelligam-¹p
1695 997 1769 1044 m
1786 948 1806 979 ¹
1817 947 1841 978 ⁶

115 1041 243 1121 Linquit,
257 1042 505 1126 nempelavacmm
518 1060 738 1125 regenerationis,
750 1046 891 1107 rllnmrna
943 1042 1010 1102 dum
1025 1065 1099 1121 esse
1116 1057 1146 1103 ut
1161 1065 1222 1103 cum
1237 1043 1303 1102 dicut
1307 1058 1390 1124 ,post
1409 1062 1546 1197 pecfcatum
1564 1047 1601 1107 ad
1616 1070 1684 1108 con
1699 1057 1789 1102 mna
1782 998 1841 1103 ‘in

141 1133 450 1240 tio;vocabaturetiam
460 1139 889 1219 sepultura,circumcisio,crux;
944 1135 1084 1195 sessionem
1097 1157 1153 1195 esse
1168 1135 1350 1217 pergendum
1363 1140 1466 1198 etconf
1463 1142 1592 1199 essionem
1606 1161 1684 1200 com·
1695 1120 1759 1165 ’Μ’
1741 1136 1803 1179 'l'

141 1227 199 1287 imo
217 1229 272 1288 alia
286 1251 396 1309 quoque
410 1232 521 1306 nomina
539 1251 589 1312 pro
611 1231 800 1313 baptismate'
791 1253 819 1292 sn
838 1253 890 1292 usn
945 1228 1133 1287 munioniesse
1147 1229 1370 1308 praemittendam.
1387 1231 1493 1290 Clarius
1507 1181 1837 1320 rempmtert‚i¹¹,‘:‚‚,4

142 1335 232 1380 erant.

945 1341 1009 1379 cum
1024 1320 1156 1389 sacerdoti
1177 1322 1265 1380 ulcera
1282 1343 1340 1382 esse
1357 1323 1551 1384 manifestanda
1568 1339 1755 1430 pronun-4⁸1³·
1769 1324 1824 1383 407·

182 1415 226 1473 De
240 1413 420 1474 Eucharistiae
432 1430 597 1477 sacramento
612 1418 705 1477 nullus
717 1430 826 1498 patrum
839 1438 889 1476 re-

945 1414 1008 1488 tiat,
1029 1417 1067 1494 τῷ
1085 1417 1150 1492 ἱερεῖ
1169 1413 1250 1483 δεῖξιν
1270 1416 1302 1476 τὸ
1320 1415 1396 1484 tiso<
1413 1437 1420 1474 :
1436 1438 1485 1497 per
1499 1416 1724 1477 consessionem

143 1520 232 1567 terum
253 1522 311 1583 est,
333 1508 382 1586 qui
400 1507 564 1568 luculentius
584 1509 668 1570 verba
686 1509 789 1569 lecerit.
808 1509 891 1568 Libro
946 1505 1027 1581 enim,
1039 1506 1137 1583 inquit,
1152 1520 1325 1586 peccatorum
1336 1508 1438 1567 sarcina
1447 1508 1602 1590 deponitur.
1616 1509 1691 1568 Licet

142 1621 259 1679 musque
274 1600 353 1660 tertio
370 1600 406 1660 de
418 1592 589 1676 Sacerdotis,
606 1616 749 1682 postquam
763 1599 891 1661 sacerdo·
946 1618 1011 1659 vero
1029 1598 1130 1679 passim
1146 1597 1221 1658 dicat
1239 1599 1300 1674 ille,
1316 1599 1345 1659 in
1359 1600 1485 1680 precibus
1499 1601 1691 1661 consessionem

142 1704 201 1751 tum
210 1692 373 1772 dignitatem
385 1693 529 1769 extulerat,
539 1695 588 1773 qui
601 1708 672 1754 stant
674 1695 794 1774 ,ioquin
809 1715 893 1774 prope

946 1692 1005 1751 Deo
1019 1691 1191 1752 emittendam
1207 1714 1264 1752 esse
1272 1716 1281 1770 ρ
1300 1693 1328 1752 in
1343 1695 1497 1755 memoratis
1511 1696 1578 1755 locis
1591 1697 1692 1756 confes·

144 1783 221 1842 illam
239 1785 422 1844 immortalem
437 1796 563 1845 naturam
571 1787 782 1890 ,paulopostea
798 1786 890 1846 dicite
947 1781 1054 1847 sionem'
1068 1787 1149 1847 etiam
1169 1789 1300 1849 sacerdoti
1318 1788 1468 1850 faciendam
1487 1812 1544 1851 esse
1560 1790 1688 1853 declarat.

115 1896 138 1943 n
146 1877 280 1936 ellam
256 1899 280 1936 st
294 1897 348 1937 non
363 1891 449 1958 potest
460 1877 523 1956 quis
537 1880 638 1938 intrare
652 1879 680 1938 in
692 1899 806 1959 regnum
820 1879 894 1937 caelo·

987 1882 1049 1941 lam
1068 1878 1293 1958 adquiescimus
1305 1883 1461 1957 veniamus,
1480 1903 1540 1960 quae
1555 1882 1628 1942 haud
1642 1883 1691 1943 diu

115 1958 222 2041 lirtam,
248 1968 302 2028 nisi
329 1990 378 2050 per
398 1991 497 2049 aquam
521 1986 548 2030 et
569 1971 696 2052 spiritum
722 1985 893 2050 regeneratus
947 1985 1009 2052 post
1022 1970 1126 2030 obitum
1142 1971 1328 2053 Chrysostomi
1342 1974 1440 2052 agitata
1455 1974 1517 2050 luit,
1533 1975 1588 2034 imo
1602 1976 1630 2033 in
1643 1996 1692 2035 ex·

147 2061 245 2134 inerit,
258 2061 344 2121 etiam
357 2063 405 2141 qni
419 2082 473 2123 non
488 2061 634 2123 manducat
647 2083 754 2122 carnem
768 2062 891 2135 Domini,

947 2065 1040 2123 tremis
1055 2065 1113 2144 ejus
1132 2065 1195 2124 vite
1213 2067 1291 2125 annis
1305 2065 1415 2125 suborta
1431 2081 1487 2149 est;
1507 2089 1622 2146 quaeque
1633 2088 1691 2127 aevo

147 2173 194 2213 nec
205 2152 352 2235 bibitque
365 2154 536 2233 sanguinem,
551 2167 649 2214 aeterna
660 2155 717 2214 vita
731 2154 864 2234 privatur.
877 2176 892 2208 ι

948 2170 1038 2215 nostro
1055 2177 1105 2236 per
1116 2157 1253 2236 integrum
1267 2178 1333 2237 pene
1347 2159 1476 2218 seculrrm
1490 2160 1637 2219 multorum
1650 2160 1692 2219 in-

148 2245 178 2305 ln
199 2245 323 2306 llon'ailia
341 2246 405 2306 item
421 2245 457 2305 de
474 2245 632 2306 Proditione
653 2246 732 2308 Judae
750 2247 819 2307 dicit
837 2246 893 2305 baec

947 2247 1025 2327 genia
1041 2249 1162 2307 exercuit
1171 2271 1181 2325 ρ
1202 2247 1237 2307 de
1255 2249 1341 2328 gratia
1360 2270 1456 2330 nempe
1470 2264 1498 2310 et
1515 2250 1601 2310 libero
1618 2252 1692 2310 arbi·
1782 2328 1784 2331 ι

115 2336 238 2422 ιμπΙιι,
257 2340 328 2397 Hoc
342 2349 386 2398 est
402 2359 506 2418 corpus
524 2360 632 2425 meum,
654 2340 844 2400 transformare
863 2360 893 2398 ea
948 2340 1010 2399 trio.
1026 2341 1154 2402 lulianus
1168 2341 1240 2400 enim
1253 2355 1280 2400 et
1293 2341 1415 2401 Asianus
1428 2341 1578 2422 Pelagiani,
1595 2343 1690 2424 Chry-

310 456 469 505 Stttoeffls
495 458 624 523 EORUM,
652 461 725 521 Qttn
752 461 786 508 ΙΝ
814 458 973 507 onnntsus
997 459 1230 506 ctttttsost'ontt
1255 460 1513 508 OBSERVANTUR.

147 2450 205 2509 φτ
217 2430 361 2512 prnposita
373 2444 445 2505 sunt,
459 2445 485 2490 et
499 2431 640 2490 diabolum
658 2431 784 2491 insiliisse
798 2430 826 2490 in
839 2433 894 2492 Ju-

945 2446 1096 2492 sostomum
1110 2432 1162 2492 sibi
1181 2434 1272 2492 lavere
1288 2432 1448 2492 dictitabant
1465 2457 1472 2490 ι
1489 2447 1516 2492 et
1534 2434 1692 2511 Cassianus,

149 2519 211 2580 tlsrn
220 2536 367 2603 postquam
378 2521 583 2584 mensaedivine
592 2523 726 2605 particeps
735 2524 832 2598 sumat,
840 2544 893 2586 nou
945 2525 993 2603 qui
1003 2526 1195 2605 chrysostomo
1207 2525 1328 2596 haeserat,
1340 2525 1620 2606 semipelagianorum
1634 2527 1692 2586 be·

151 2633 246 2696 eorpus
261 2615 393 2693 Domini,
411 2613 484 2692 quod
500 2614 547 2674 ille
559 2629 713 2697 acceperat,
728 2615 889 2696 despiciens,

153 2704 198 2765 ted
215 2705 303 2788 ipsius
316 2705 398 2768 Jndae
411 2706 609 2787 impudentiam
627 2721 807 2767 contemnens.
825 2708 894 2769 (letr-

156 2819 202 2880 ptu
211 2801 406 2883 etsanguinem
417 2801 522 2862 Christi
535 2824 599 2862 vere
612 2803 641 2862 in
655 2802 827 2863 Eucharistia
837 2825 894 2864 esse

115 2891 197 2964 ughis
205 2893 272 2967 dicit
284 2894 367 2955 ιιίιιιιι
385 2895 418 2956 in
437 2895 565 2955 llomiliis
579 2896 606 2955 in
623 2895 795 2956 Mattbaeum.
816 2897 894 2957 Com-

946 2636 1033 2675 reseos
1046 2629 1141 2675 auctor
1153 2615 1277 2676 babetur.
1291 2616 1346 2688 Qui
1359 2630 1450 2676 antem
1463 2617 1625 2698 hujusmodi
1638 2619 1693 2678 bae·

947 2708 1052 2768 resibus
1066 2729 1163 2768 nomen
1181 2707 1325 2783 dederant,
1338 2722 1442 2768 tanturn
1456 2710 1593 2770 doctorem
1612 2725 1689 2791 puta·

947 2800 1013 2861 bant
1033 2802 1059 2861 in
1081 2801 1202 2860 homiliis
1221 2802 1278 2860 suis
1294 2802 1384 2862 farere
1397 2802 1466 2879 sibi,
1487 2805 1597 2883 ejusque
1613 2806 1692 2864 testi-

948 2894 1046 2953 moniis
1060 2893 1215 2969 ntebantur,
1229 2907 1260 2952 ut
1270 2893 1352 2953 dictis
1364 2893 1420 2953 suis
1434 2896 1621 2954 auctoritatem
1631 2916 1692 2955 oon·

115 2980 279 3046 bist-nectario
297 3001 390 3047 autem
407 2988 438 3048 in
452 2987 604 3068 Epistulam
621 2987 767 3048 secrrndam
783 2987 819 3048 ad
839 2990 893 3049 Co·

166 3077 263 3138 rintbios
275 3078 303 3138 in
316 3078 377 3139 liaec
392 3078 485 3153 verba,
501 3069 590 3139 Cislix
602 3082 830 3155 benedictionis,
846 3087 894 3141 cui

170 3170 355 3246 benedicimus,
376 3191 473 3231 nonne
495 3176 719 3231 communicatio
740 3177 894 3254 sanguinis

122 3263 259 3354 „Christi
268 3272 338 3326 est?
351 3265 409 3324 bare
423 3265 570 3325 clarissime
582 3265 660 3337 dicit,
679 3270 720 3327 ὅτι
734 3272 811 3328 τοῦτο
825 3292 855 3327 το
842 3267 893 3328 ἐν

115 3367 142 3398 ··¹
115 3302 267 3459 Ιἶῑιιιιιριιρ
278 3357 307 3417 ὃν
319 3358 405 3418 ἐκεῖνό
418 3357 513 3418 ἔστι
489 3382 519 3417 τι
530 3358 630 3418 aab*
597 3383 645 3431 της
658 3360 774 3440 πλευρᾶς
787 3363 894 3440 ῥευσαν,

115 3428 220 3506 lloe
228 3451 325 3529 guod
313 3471 346 3508 ιιι
356 3451 450 3511 calice
457 3464 511 3524 est
524 3453 622 3511 rllud
611 3474 706 3532 ipsum
716 3466 759 3512 est
770 3455 851 3535 quod
858 3475 895 3513 ex

177 3534 354 3622 lotereflurit.
375 3542 447 3600 Cum
465 3543 561 3647 majori
582 3543 663 3603 etiam
681 3544 816 3625 ἐνεργείᾳ,
836 3545 893 3605 haec

177 3624 315 3714 &corpore
341 3633 476 3693 Christi
467 3655 495 3694 1n
521 3635 693 3696 Eucharistia
718 3636 873 3716 loquitur
866 3660 893 3698 ru

115 3715 251 3798 tn..‚bnit.
269 3725 440 3786 secundm
452 3726 605 3808 Epistulam
625 3728 768 3788 secundam
787 3729 821 3789 ad
836 3731 891 3790 Ti-

115 3803 145 3842 l*
179 3815 308 3877 uttenn.
327 3817 391 3878 «Et
412 3819 486 3879 boc
479 3822 563 3900 igitur
578 3840 675 3928 corpus
693 3821 794 3881 Christi
809 3835 848 3882 est
868 3837 894 3883 et

181 3904 236 3972 illud.
257 3913 312 3986 Qui
336 3934 401 3975 vero
421 3927 499 4017 putat
522 3913 574 3975 boc
594 3915 684 3975 minus
707 3916 755 3975 illo
776 3938 847 3987 esse,
870 3917 894 3977 is

946 2986 1070 3045 ciliarent
1085 3009 1093 3044 ι
1109 3001 1135 3045 et
1151 2986 1210 3044 loca
1228 2984 1303 3044 band
1324 2985 1408 3044 dubie
1424 2987 1609 3067 proferebant,
1630 3009 1691 3066 quae
1742 3061 1748 3070 Ι

947 3076 1111 3137 videbantur
1121 3099 1176 3138 suae
1187 3076 1291 3136 tuendas
1302 3078 1439 3137 sententie
1448 3093 1609 3159 opportuna.
1621 3080 1691 3138 Cum

948 3171 1020 3231 enim
1039 3173 1111 3231 circa
1132 3171 1245 3251 gratiam
1264 3183 1290 3230 et
1309 3168 1426 3229 liberum
1445 3169 1588 3229 arbitrium
1605 3170 1690 3230 nihil·

947 3262 1015 3323 dum
1028 3278 1096 3324 esset
1108 3277 1199 3322 ortum
1216 3262 1260 3323 vel
1276 3261 1398 3341 scrupuli
1417 3262 1463 3321 vel
1477 3261 1689 3342 disceptationis,

933 3376 1034 3442 'neque
1048 3368 1115 3416 esset
1133 3375 1175 3414 ros
1193 3368 1249 3413 tam
1261 3352 1384 3412 difficilis
1402 3352 1481 3412 certis
1500 3375 1600 3413 vocum
1613 3353 1691 3412 limi-

947 3448 1022 3508 tibus
1034 3447 1240 3528 circumscripta
1256 3469 1263 3503 ι
1277 3444 1345 3524 quid
1360 3445 1472 3519 mirum,
1488 3445 1510 3504 si
1524 3446 1690 3527 Chrysosto-

948 3561 1009 3601 mus
1023 3541 1052 3600 in
1064 3539 1253 3612 concionibus,
1270 3559 1336 3616 quas
1347 3536 1506 3619 plerumque
1518 3558 1553 3598 ex
1570 3550 1692 3619 tempore

948 3635 1149 3715 pronuntiavit,
1175 3630 1298 3712 quiedam
1319 3630 1462 3712 pmtulcrit
1483 3631 1554 3690 circa
1577 3631 1691 3710 gratiam

948 3729 1012 3803 Dei,
1026 3749 1098 3808 qne,
1112 3727 1135 3787 si
1149 3723 1275 3786 secundis
1288 3724 1361 3784 cirris
1375 3736 1401 3783 et
1414 3724 1565 3784 accuratius
1578 3736 1689 3785 tructas·
1742 3798 1746 3803 Ι

948 3835 996 3896 set,
1016 3817 1295 3881 emendavissetlrand
1307 3817 1412 3877 dubie?
1432 3830 1462 3875 ιιι
1479 3831 1505 3877 et
1520 3816 1689 3898 Augustinus

947 3934 1009 3993 que
1019 3912 1124 3995 pridem
1133 3912 1168 3972 de
1176 3912 1262 3992 gratia
1272 3910 1322 3970 Dei
1331 3923 1456 3985 senserat,
1465 3909 1690 3991 abjecitomnino,

180 4003 235 4063 tecit
248 4005 388 4066 Christum
402 4005 485 4065 etiam
503 4026 575 4066 nunc
594 4006 686 4067 adesse
703 4021 729 4067 et
747 4009 891 4090 operari.»
948 4027 1010 4066 cum
1024 4027 1055 4065 ea
1075 4004 1110 4065 de
1128 4027 1157 4065 re
1170 4019 1210 4064 tot
1223 3996 1373 4064 scribendis
1386 4002 1464 4062 libris
1479 4024 1588 4083 operam
1601 4002 1688 4064 dedit.

179 4085 212 4150 flio
226 4116 286 4158 vero
304 4096 430 4177 loquitur
443 4097 479 4157 de
493 4096 629 4159 sacerdote
646 4097 809 4158 sacrificium
828 4101 894 4161 olle·
987 4097 1174 4180 Chrysostomi
1197 4096 1256 4157 loca
1277 4096 1321 4155 hic
1341 4095 1482 4155 referimus
1498 4116 1506 4153 ι
1522 4095 1641 4154 Homilla
1662 4096 1689 4155 in
1701 4114 1841 4175 nonam.

180 4197 238 4250 '⁰¹¹0
947 4189 1051 4250 dictum
1072 4188 1143 4250 illud
1162 4188 1257 4261 Pauli,
1276 4190 1426 4246 Habentes
1444 4199 1542 4246 autem
1558 4189 1721 4246 eumdemc

204 4278 267 4342 iiten
283 4280 449 4363 poenitentias
464 4294 660 4366 moramentum
678 4280 714 4341 de
730 4283 894 4344 consessione
946 4283 1085 4388 Spiritum
1100 4282 1175 4363 fidei
1191 4295 1256 4354 ete,
1274 4280 1333 4340 bac
1350 4278 1430 4337 habet
1443 4279 1574 4339 num..5
1587 4279 1688 4340 alltud

115 4326 275 4671 Litana,
292 4372 425 4454 lucifugis
440 4371 546 4433 errandi
564 4361 725 4451 materiam,
744 4388 816 4435 recte
834 4396 894 4435 seu·
947 4375 1079 4435 nimirum
1091 4372 1230 4435 ostendere
1241 4325 1347 4447 iolens,
1357 4369 1450 4450 quod
1442 4370 1519 4430 tuitio
1529 4370 1648 4451 credere,
1663 4388 1690 4432 et

115 4164 122 4207 l

179 4464 279 4526 lttltltns
295 4465 482 4549 scrupulum
473 4465 567 4547 injecit
584 4465 811 4548 Chrysostomus,
831 4489 893 4526 cum
947 4486 1041 4547 parere
1051 4465 1170 4540 vocanti,
1187 4477 1285 4523 nostrae
1296 4477 1334 4521 est
1345 4462 1423 4522 bonae
1433 4462 1554 4521 mentis:
1571 4476 1599 4523 at
1611 4478 1689 4545 post·

179 4550 279 4618 [lunone
285 4559 382 4638 quinta
394 4557 431 4617 de
437 4558 706 4639 lneomprehenstbrlr
717 4559 800 4620 dicit:
794 4566 894 4620 ·tNon

179 4647 228 4708 trin
240 4649 373 4710 tbmtrnm
386 4670 577 4711 conservorum
592 4663 701 4711 tuorum
710 4650 792 4725 duco,
808 4673 895 4730 neque

948 4578 1030 4636 qnam
1046 4557 1117 4638 jacta
1138 4555 1236 4615 luerint
1255 4553 1352 4613 lideif
1338 4552 1557 4628 f'undanrenta,
1545 4576 1603 4635 Jam
1622 4578 1690 4638 opus

948 4665 989 4709 est
1000 4649 1106 4709 auxilio
1119 4648 1249 4729 Spiritus,
1264 4662 1295 4706 ut
1310 4647 1337 4707 in
1350 4647 1430 4708 nobis
1443 4660 1573 4728 perpetuo
1585 4665 1690 4711 maneat

179 4735 310 4803 boninitas
327 4756 438 4825 peecata
456 4742 577 4803 revelare
597 4762 665 4822 oogo
681 4769 687 4802 ι
703 4745 895 4804 conscientiam
949 4743 1106 4803 inconcussa
1121 4757 1147 4802 et
1164 4741 1394 4822 inexpugnabilis.
1408 4742 1502 4819 Neque
1518 4739 1692 4814 euimDeus,

179 4844 232 4896 tun
248 4837 368 4920 expende
382 4859 473 4900 coram
487 4839 559 4914 Deo,
574 4837 684 4899 ostende
702 4840 754 4920 ipsi
772 4841 896 4915 vulnera,
950 4856 1034 4914 neque
1047 4835 1167 4915 Spiritus
1181 4834 1267 4914 gratia
1283 4848 1405 4894 nostrum
1420 4833 1551 4914 prevenit
1564 4835 1692 4914 proposi-

181 4929 277 4990 tttbeo
293 4929 489 4991 medicamenta
510 4930 626 5012 postula.
641 4957 656 4989 ι
673 4933 728 4992 llac
746 4932 781 4993 de
798 4956 827 4994 re
845 4955 897 4993 non
950 4942 1024 5004 tum;
1037 4927 1197 4988 scdtametsi
1205 4940 1281 4989 vocet
1282 4939 1438 5007 exspectat
1448 4938 1546 4999 tamcn
1558 4938 1587 4983 ut
1599 4940 1693 5007 sponte

183 5022 396 5094 mbemntes
404 5021 465 5083 ridi
468 5024 686 5104 ,nonnullosque
698 5024 853 5086 dubitantes
864 5047 898 5085 an
950 5035 977 5083 et
989 5020 1100 5103 propria
1112 5021 1253 5081 voluntate
1264 5019 1441 5096 accedamus,
1462 5038 1494 5076 ac
1508 5030 1567 5075 tum
1582 5016 1693 5078 demum

184 5106 217 5169 illo
228 5133 278 5174 evo
291 5115 422 5176 consessio
442 5128 613 5197 peecatonrm
631 5115 763 5177 sacerdoti
777 5117 898 5179 iacienda
950 5135 1012 5172 cum
1026 5113 1225 5187 accesserimus,
1239 5112 1319 5172 nobis
1330 5133 1410 5172 suum
1424 5124 1509 5170 totum
1523 5111 1634 5171 exhibet
1644 5133 1693 5171 au·

115 5232 122 5321 4
186 5195 340 5268 'nrum
360 5206 528 5287 Antiochia,
547 5208 596 5267 ubi
612 5207 671 5267 bec
691 5209 765 5269 dicta
786 5210 900 5290 protulit
951 5205 1059 5267 silium.
1070 5206 1192 5268 »Simile
1208 5205 1351 5286 quidpiam
1368 5204 1435 5264 droit
1449 5203 1576 5264 Homul
1567 5224 1596 5263 tn
1609 5207 1692 5266 Josn
1705 5219 1750 5269 Te
1766 5236 1787 5280 p.
1795 5233 1848 5279 ¹07·

188 5288 378 5376 strymonem
407 5301 471 5363 lion
500 5298 714 5365 advertentes
705 5322 796 5395 ipsum
827 5302 899 5364 libro
951 5322 1014 5363 nem
1025 5300 1084 5362 baec
1096 5297 1241 5380 Evangelii
1255 5297 1336 5360 rerba
1352 5297 1508 5379 explicans·
1534 5285 1730 5361 Conversusd·
