3714 5970
149 495 234 543 XVlll
665 488 802 536 llllNlllCl
821 488 944 535 SthLll
965 487 1185 537 tttssssttTaTto

150 616 266 691 serit,et
276 616 381 694 aliquot
391 632 503 675 menses.
518 614 606 690 Atque
620 610 742 670 haesere
752 625 826 686 sunt,
839 610 866 670 in
877 610 977 687 quibus
989 623 1119 691 tempora,
1131 623 1157 669 et
1168 623 1320 689 temporum
1331 629 1416 691 prope
1430 623 1568 672 momenta
1579 632 1616 672 ex
1636 612 1713 674 histo·

153 710 203 770 riis
216 722 309 769 notare
323 709 394 768 licet.
406 706 534 783 Reliqua,
552 707 588 773 ὥς
603 707 630 763 ἐν
644 701 756 776 πλάτει,
770 704 814 762 νο1
831 702 1011 782 argumentis,
1024 702 1066 763 vel
1082 702 1162 762 etiam
1177 703 1338 780 conjecturis
1351 702 1512 784 colligenda.
1525 708 1570 765 Ac
1582 704 1712 786 primum,

151 803 302 885 Eutropius
317 801 386 861 iram
397 800 503 878 lugiens
519 802 609 877 augg.
626 797 660 857 ad
674 797 812 857 ecclesiam
827 797 907 877 sugit,
923 818 952 856 se
975 797 1084 857 consule
1098 811 1126 857 et
1139 797 1295 867 Theodoro,
1311 796 1364 856 hoc
1374 811 1428 872 est,
1439 818 1510 859 anno
1522 798 1629 859 Christi
1645 802 1714 873 599,

150 897 234 958 homo
250 915 302 955 000
316 893 404 953 solum
416 892 597 965 Christianus,
613 890 660 950 red
676 890 760 950 etiam
777 889 967 965 orthodoxus,
981 904 1010 949 ut
1022 891 1069 970 qui
1088 891 1175 951 libros
1188 889 1317 954 Eunomii
1336 890 1540 967 heresiarche,
1556 891 1606 972 qui
1627 894 1713 955 Arium

150 991 242 1071 ipsum
255 988 392 1067 impietate
404 984 556 1066 superavit,
572 982 680 1064 publice
694 984 777 1065 jussit
789 984 915 1061 eremari,
930 983 1100 1061 cadaverque
1112 985 1171 1064 ejus
1184 996 1335 1043 extractum
1347 982 1455 1064 projici.
1469 983 1588 1065 Nioeph.
1600 983 1652 1045 lib.
1664 986 1713 1062 15,

145 1099 176 1138 0.
190 1083 221 1153 1,
231 1080 410 1141 Asiaticorum
419 1079 616 1160 episcoporum
628 1078 766 1157 negotium
776 1091 892 1159 ooeptum
901 1092 943 1137 est
955 1078 1065 1138 tractari
1076 1078 1121 1137 ἐπὶ
1134 1077 1356 1159 τρισκαιδεκέτης
1368 1077 1585 1157 ἐπινωμήσαονς,
1601 1077 1655 1138 hoc
1664 1094 1713 1153 est,

151 1172 375 1249 indictione(non
390 1173 594 1250 distributione,
609 1188 641 1232 ut
657 1173 728 1233 male
742 1173 873 1253 interpres
894 1173 1007 1233 Palladii
1022 1188 1047 1232 et
1062 1173 1131 1247 alii),
1145 1170 1352 1246 tertiadecima,
1367 1172 1387 1233 i.
1401 1192 1425 1231 e.
1436 1192 1508 1233 auno
1520 1172 1636 1232 Domini
1649 1174 1712 1244 tut,

141 1264 315 1347 'duravitque
331 1267 484 1340 biennium,
500 1279 568 1325 teste
581 1265 720 1337 Palladio,
734 1266 787 1325 hoc
802 1278 859 1340 est,
873 1286 959 1344 usque
976 1265 1011 1324 ad
1027 1266 1109 1325 finem
1129 1266 1194 1324 anni
1210 1264 1283 1343 101,
1299 1264 1344 1325 vel
1361 1264 1441 1325 etiam
1461 1264 1574 1326 initium
1592 1267 1664 1328 101.
1680 1270 1714 1329 lte

147 1373 271 1443 tempore
286 1362 385 1443 prioris
398 1360 489 1421 exsilii
499 1381 553 1420 non
566 1375 607 1420 est
619 1361 686 1421 adeo
700 1361 821 1441 proclive
831 1360 947 1420 definire
963 1385 970 1418 ε
987 1381 1071 1439 quare
1084 1359 1250 1439 argu-eatis
1258 1404 1268 1436 ,
1281 1373 1313 1419 ut
1325 1358 1403 1437 dixi,
1416 1372 1443 1421 et
1455 1361 1638 1441 conjecturis,
1648 1361 1715 1440 quod

144 1455 314 1536 poterimus,
328 1454 461 1516 elicienda
473 1455 582 1515 veritas.
597 1458 662 1514 Post
671 1460 710 1516 ta
721 1455 802 1516 boras
814 1477 830 1514 a
843 1455 932 1536 prima
943 1454 1106 1536 expulsione
1116 1460 1208 1533 (quam
1220 1452 1333 1514 meridie
1346 1454 1444 1514 1001010
1457 1454 1544 1515 tradit
1557 1454 1681 1515 Somates
1691 1467 1715 1514 et

150 1547 199 1609 alii
213 1550 280 1631 πρὸς
293 1551 407 1629 ἑσπέραν
423 1554 543 1629 βαθεῖαν,
558 1549 747 1627 chrysostomi
760 1549 847 1631 ipsius
862 1550 978 1631 epistole
993 1548 1027 1608 ad
1042 1548 1255 1624 Innocentium),
1267 1549 1346 1629 jussu
1359 1552 1558 1631 lmpmatorum
1579 1562 1715 1609 reuocauit

149 1642 268 1703 tomos
279 1642 332 1717 (sic
342 1642 507 1717 Palladius),
517 1663 672 1723 paucosque
686 1657 748 1724 post
761 1643 837 1716 dies,
851 1642 955 1703 invitus
967 1643 1030 1702 lieet
1040 1642 1214 1719 multumque
1227 1640 1354 1713 renitens,
1373 1640 1401 1701 in
1415 1642 1514 1702 throno
1527 1640 1646 1716 locatus,
1655 1661 1716 1701 ouu-

149 1734 254 1797 ciouetu
272 1736 371 1797 babuit
383 1737 457 1818 apud
473 1737 605 1819 populum
617 1757 695 1812 eam,
717 1758 778 1816 quae
798 1750 886 1798 exstat
906 1738 934 1796 in
953 1737 1007 1797 fine
1026 1735 1157 1817 Georgii,
1172 1734 1241 1796 Ὅτε
1254 1733 1303 1808 τὴν
1318 1736 1426 1817 Σάρραν
1445 1736 1499 1797 ἀπὸ
1517 1740 1566 1796 roi
1580 1736 1714 1817 Ἆὸραᾶμ,

149 1828 305 1912 Theophilo
320 1830 411 1893 adhuc
424 1830 458 1890 ad
472 1832 569 1890 urbem
582 1844 721 1903 manente,
738 1852 824 1910 neque
837 1830 940 1891 hiscere
954 1845 1047 1891 contra
1061 1830 1187 1906 audente,
1200 1831 1307 1890 Sorom.
1319 1829 1371 1889 lib.
1389 1828 1420 1907 8,
1429 1820 1460 1889 ’0.
1476 1829 1516 1891 18
1532 1853 1540 1886 t
1556 1850 1674 1909 eumque
1683 1830 1716 1891 01)

144 1922 283 2004 judicium
296 1924 457 2002 Heraclide,
465 1926 591 2007 episcopo
603 1925 752 2006 Ephesiuo,
767 1926 871 1987 absenti
886 1947 934 2007 per
947 1925 1094 2005 Theophili
1107 1925 1252 1985 factionem
1264 1923 1425 1983 intentatum
1438 1922 1612 1984 velitatioues
1625 1923 1716 1983 liment

147 2018 177 2079 10
192 2021 260 2079 urbe
278 2022 378 2081 crebre
401 2024 471 2081 iuter
490 2022 799 2103 constantinopolitanos
810 2036 838 2081 et
852 2022 1012 2103 AEgyptios,
1030 2026 1066 2089 ὡς
1080 2020 1192 2087 πολλοὺς
1206 2018 1373 2101 τραυματίας
1383 2019 1521 2100 poledri,
1536 2019 1613 2089 reeh<
1630 2020 1659 2080 51
1671 2019 1714 2081 ael

149 2114 320 2175 ἀπολέσθαι
342 2130 526 2195 quaereretque
543 2116 729 2197 Theophilum
744 2116 839 2178 civitas
857 2122 886 2176 in
904 2138 978 2177 mare
993 2116 1175 2198 praecipitare;
1188 2115 1241 2175 sibi
1259 2128 1381 2175 metuens
1401 2113 1574 2197 Theophilus
1595 2115 1668 2196 sugit
1688 2113 1716 2175 10

149 2206 314 2289 AEgyptum,
327 2210 378 2283 ἤδη
390 2217 437 2272 τοῦ
446 2214 578 2292 χειμῶνος
593 2211 753 2293 ἀρχομένω,
770 2211 859 2290 iuquit
873 2213 1086 2284 8010100000,οι
1100 2210 1270 2290 Nicephorus
1280 2209 1331 2269 lib
1346 2212 1395 2281 13,
1404 2230 1432 2269 0.
1446 2212 1497 2285 ll,
1511 2208 1716 2289 adeoquediem

144 2300 234 2383 ipsius
244 2302 347 2363 reditus
357 2304 392 2363 ab
403 2304 500 2365 exsilio
510 2306 627 2365 ,loannes
639 2307 795 2384 Anonymus
807 2326 869 2386 cap.
883 2304 1156 2386 l00,llletapbrastes
1167 2323 1226 2383 cap.
1241 2305 1290 2374 36,
1303 2315 1329 2361 et
1343 2301 1496 2383 llleuologia
1503 2302 1603 2363 Graeca
1615 2318 1716 2385 ponem

148 2396 190 2457 15
199 2396 360 2456 Novembris
372 2422 381 2456 e
394 2417 475 2474 quem
489 2395 562 2456 diem
576 2417 663 2476 usque
675 2398 711 2456 ad
722 2419 770 2456 sua
782 2412 903 2479 tempora
914 2419 964 2480 pro
977 2399 1044 2457 sesto
1060 2397 1189 2458 celebrari
1202 2395 1434 2477 Constantinopoli
1447 2395 1544 2456 scribit
1559 2397 1635 2456 idem
1647 2400 1715 2458 huo·

147 2506 250 2569 winus
260 2502 286 2548 et
301 2489 506 2569 Metaphrastes,
518 2503 544 2549 et
556 2489 675 2550 indicant
686 2492 781 2551 Graeca
796 2492 960 2571 llleuologia.
971 2493 1042 2551 Cum
1056 2491 1146 2569 itaque
1156 2511 1189 2550 ex
1203 2490 1301 2550 horum
1312 2489 1542 2549 consentientibus
1557 2488 1714 2550 testimoniis

146 2602 241 2643 meuse
249 2582 397 2643 Novembri
407 2582 519 2643 redierit
526 2582 562 2642 ab
569 2583 683 2657 exsilio,
693 2582 728 2643 de
738 2605 809 2645 antio
816 2583 943 2667 deinceps
955 2583 1142 2664 quaerendum,
1155 2596 1248 2645 utrum
1260 2582 1409 2643 Novembri
1423 2584 1580 2657 0000105,
1593 2582 1715 2645 Theudo-

150 2678 193 2738 sio
202 2688 229 2737 et
242 2676 393 2737 Rumorido
407 2678 502 2752 Coss,
518 2699 551 2738 au
566 2678 714 2739 Novembri
726 2682 802 2753 toa,
815 2680 930 2741 Arcadio
942 2682 959 2742 5
976 2694 1003 2740 et
1015 2679 1136 2740 llonorio
1149 2681 1180 2753 5,
1197 2677 1315 2739 redierit.
1329 2678 1414 2751 Dico,
1426 2678 1554 2758 clareque
1564 2678 1717 2760 pronuntio,

152 2769 182 2830 in
191 2771 372 2833 Nouembrem
385 2793 456 2831 anno
469 2774 528 2833 105
540 2773 659 2833 reditum
672 2775 731 2854 ejus
743 2775 778 2834 ab
787 2776 885 2838 exsilio
894 2775 990 2836 eadem
1000 2796 1053 2835 nou
1064 2776 1200 2856 potuisse3
1216 2773 1342 2852 quamvis
1353 2772 1434 2832 Gard.
1444 2772 1580 2833 Baromm
1590 2772 1677 2833 etalii
1686 2794 1717 2834 eo

152 2886 223 2925 suno
234 2865 331 2924 locent.
350 2867 500 2946 Gregorius
511 2888 569 2949 cap.
584 2871 624 2930 55
634 2892 640 2925 :
650 2870 751 2929 codron
763 2870 864 2944 οὕτως,
878 2870 986 2949 inquit,
1007 2873 1096 2931 ἄλλων
1110 2892 1140 2928 τε
1154 2869 1241 2935 ἄλλως
1256 2865 1492 2949 stemmatum
1501 2874 1552 2945 (sc.
1562 2867 1593 2927 iu
1603 2866 1717 2929 0000000

150 2960 265 3021 00001110
275 2974 366 3021 contra
375 2963 529 3039 Joanuem),
545 2963 734 3045 mcplnmeuouu
746 2972 826 3044 μῆνες
840 2966 915 3027 lause
928 2965 1015 3043 (δέκα,
1029 2965 1117 3044 lnquit
1131 2965 1187 3023 Leo
1198 2962 1271 3043 ltup.
1284 2983 1344 3044 cap.
1355 2964 1405 3023 26.
1417 2960 1561 3023 Palladios
1573 2974 1716 3041 utrunque

147 3054 253 3136 ponit),
267 3059 314 3127 τῆς
330 3055 357 3114 δὲ
371 3059 464 3138 ἑορτῆς
476 3059 529 3115 τῶν
545 3056 683 3135 γενεθλίων
698 3064 744 3117 τοῦ
759 3061 886 3142 Σωτῆρος
906 3060 1077 3137 ἐπελθούσης,
1092 3073 1141 3119 etc.
1155 3058 1202 3119 Ex
1219 3056 1319 3135 quibus
1331 3054 1423 3118 verbis
1440 3068 1555 3138 apparet
1572 3076 1647 3117 0000
1660 3056 1715 3118 tus

145 3163 268 3230 creptum
282 3149 364 3209 fuisse
376 3150 527 3211 secuudum
542 3165 633 3211 contra
650 3154 781 3214 loannem
800 3154 1010 3215 conciliabulum
1022 3175 1113 3215 meuse
1128 3152 1215 3234 Aprili
1227 3176 1235 3209 ε
1247 3166 1279 3211 ut
1290 3172 1396 3213 neeesse
1407 3150 1443 3211 sit
1457 3152 1536 3233 prius
1546 3151 1677 3213 exsilium
1687 3151 1713 3213 iu

148 3242 332 3305 Nouembrem
343 3244 483 3303 amotos
496 3243 626 3321 incidere,
642 3245 742 3305 cumin
754 3247 901 3307 Novembri
910 3269 980 3308 auno
991 3250 1051 3308 105
1063 3245 1157 3307 cadere
1167 3266 1220 3305 non
1230 3244 1357 3325 potuerit.
1367 3242 1450 3319 Quod
1460 3244 1483 3305 si
1494 3244 1540 3305 eui
1552 3244 1668 3328 Georgii
1676 3246 1713 3307 le·

146 3338 197 3396 uis
212 3335 501 3407 videaturauctoritas,
510 3334 602 3395 credat
612 3337 708 3397 saltem
717 3338 851 3418 Palladio,
862 3341 921 3401 testi
933 3339 1149 3422 circumscripte,
1158 3338 1195 3399 de
1204 3337 1300 3399 eadem
1311 3336 1386 3398 dere
1398 3358 1466 3419 pene
1476 3336 1575 3399 eadem
1589 3338 1711 3419 loqumi

142 3428 238 3506 Quid,
254 3429 369 3508 inquies,
385 3444 474 3489 actum
490 3431 614 3491 interca?
629 3433 798 3513 despondeo,
810 3438 941 3497 ,loannem
954 3450 1015 3518 post
1031 3437 1107 3516 prius
1120 3434 1247 3495 exsilium
1263 3454 1311 3514 per
1322 3431 1433 3512 aliquod
1448 3446 1557 3513 tempus
1568 3434 1714 3514 quievisse,

147 3521 175 3578 10
187 3540 337 3600 magnaque
346 3519 427 3581 tuisse
438 3523 512 3602 apud
523 3522 677 3584 Eudoxiam
690 3525 785 3605 gratia,
795 3527 898 3609 quippe
911 3528 1015 3608 magnis
1026 3528 1061 3587 ab
1074 3529 1136 3608 ipso
1146 3526 1301 3587 dentatam
1313 3524 1443 3585 laudibus
1455 3524 1482 3585 10
1497 3524 1622 3586 oratioue
1636 3546 1713 3606 supra

153 3612 343 3673 memorataad
358 3613 439 3673 linem
452 3615 575 3693 Georgii.
589 3617 678 3676 Testis
692 3618 765 3677 idem
777 3620 926 3697 Palladius,
940 3622 1018 3702 cujus
1036 3619 1118 3679 uerba
1130 3633 1192 3679 suut
1204 3639 1211 3677 :
1225 3619 1291 3679 Post
1299 3616 1369 3678 duos
1381 3617 1480 3677 iterum
1492 3638 1630 3679 10000000
1643 3618 1714 3701 plaga

152 3706 255 3767 inllieta
266 3709 340 3787 (suga
355 3728 392 3766 sc.
408 3707 556 3789 Theophili
568 3724 595 3769 et
609 3710 799 3792 AEgyptiorum
819 3715 1018 3795 episcoporum)
1033 3713 1138 3773 modice
1152 3713 1315 3796 respirantes
1328 3712 1445 3787 (inimici
1457 3712 1586 3790 loannis)
1605 3712 1714 3775 mcuudo

149 3800 280 3861 adversus
292 3804 423 3864 loannem
441 3802 577 3863 imment:
590 3804 641 3863 boc
653 3820 711 3883 ast,
722 3808 799 3886 quasi
814 3830 903 3869 mense
917 3811 1047 3872 Jauuario
1060 3811 1221 3884 0000105,
1236 3830 1284 3890 per
1297 3807 1462 3869 occasione·
1476 3821 1575 3868 statuae
1589 3821 1713 3889 argentee

150 3895 333 3976 lmperalrlcis
342 3896 455 3975 χλανίδα
465 3897 636 3975 ἕνδῑδυμὲνης
646 3922 728 3981 supra
737 3902 958 3985 porphyreticam
970 3907 1125 3966 columnam
1134 3904 1241 3985 posite.
1253 3904 1339 3985 Cujus
1350 3902 1389 3963 rei
1397 3902 1714 3963 memineruutbocauuo

151 3988 308 4051 Theodosio
320 4004 346 4049 et
358 3990 508 4051 Rumorido
522 3993 618 4069 Coss,
631 4009 729 4074 praetor
746 3999 884 4060 Socratem
898 4000 946 4060 lib.
961 4004 992 4073 6,
1008 4024 1029 4061 0.
1045 4000 1096 4077 18,
1112 4003 1227 4080 Prosper
1239 3997 1428 4078 Aquitanicus,
1440 4010 1467 4057 et
1476 3990 1657 4059 Marcellinus
1664 3998 1714 4059 (1)·

150 4101 208 4140 mes
224 4080 253 4141 in
267 4081 419 4144 Chronicis.
437 4082 480 4142 hd
492 4084 562 4144 hauc
577 4101 704 4164 statuam,
719 4090 786 4171 ipsis
799 4091 910 4152 fortasse
920 4091 1052 4153 Kalendis
1062 4092 1196 4164 10000111,
1211 4091 1260 4171 qui
1272 4088 1331 4150 dies
1343 4087 1512 4150 estsolennis
1524 4089 1591 4149 anni
1602 4088 1714 4150 Romani

150 4175 317 4258 incipientis,
325 4176 478 4238 dedicatam
488 4199 551 4238 cum
561 4180 692 4255 δημώδεις
703 4184 798 4245 sterent
812 4186 871 4246 ludi
886 4201 911 4247 et
926 4187 1044 4263 choream
1055 4187 1141 4247 iratus
1150 4187 1267 4248 ioannes
1277 4185 1397 4267 linguam
1407 4196 1500 4244 centn
1511 4202 1571 4261 eos,
1585 4184 1634 4262 qui
1648 4179 1715 4242 ludis

151 4269 196 4328 his
210 4269 382 4347 interessent,
400 4271 483 4331 acuis
499 4274 560 4346 Qua
574 4274 720 4335 occasione¹
730 4278 791 4336 freti
806 4280 919 4341 ioannis
932 4279 1048 4357 inimici,
1063 4279 1110 4359 qui
1123 4278 1214 4339 adhuc
1227 4278 1255 4337 in
1270 4276 1349 4353 urbe,
1362 4290 1460 4358 preter
1471 4276 1635 4357 Egyptios,
1648 4275 1712 4336 ade·

151 4375 223 4440 rant,
236 4361 383 4441 instigante
393 4363 526 4443 Augusta,
540 4363 705 4426 clandestina
715 4370 865 4431 moliuntur
875 4387 970 4432 contra
980 4373 1070 4453 ipsum
1080 4370 1191 4432 consilia
1197 4395 1207 4449 3
1219 4390 1302 4449 reque
1311 4369 1464 4451 Theophilo
1472 4368 1583 4428 absetni
1594 4390 1645 4450 per
1653 4388 1714 4429 nutt-

148 4454 242 4513 -tioset
255 4454 348 4515 literas
365 4456 575 4532 communicata,
589 4458 750 4539 incipiente,
766 4477 797 4523 ut
808 4477 887 4546 puto,
904 4465 992 4546 Aprili
1009 4466 1156 4527 concilium
1175 4464 1324 4527 secuudum
1340 4477 1433 4523 eontra
1446 4464 1580 4525 loannem
1598 4475 1714 4543 ongum:

153 4546 227 4626 quod
240 4548 324 4607 variis
335 4550 371 4607 de
385 4550 475 4609 causis
495 4573 580 4631 usque
596 4553 633 4613 ad
648 4556 777 4617 Natalitia
795 4561 920 4640 proxime
935 4561 1070 4641 sequentia
1088 4574 1251 4638 extractum,
1272 4573 1299 4619 et
1318 4556 1416 4618 deinde
1427 4555 1464 4619 ad
1476 4557 1715 4637 Quadragesimrtu

150 4663 223 4702 auno
241 4643 317 4715 101,
328 4656 358 4702 et
374 4643 409 4702 ad
425 4645 527 4705 Pascha
545 4663 605 4727 post
625 4648 746 4730 quinque
765 4651 823 4713 dies
844 4676 861 4714 a
878 4654 1012 4735 completa
1030 4656 1184 4716 Pentecoste
1202 4652 1302 4716 100001
1319 4666 1411 4712 nostro
1432 4672 1514 4711 causa
1538 4651 1656 4713 0000001
1671 4674 1716 4715 es-

150 4735 208 4794 01111
224 4735 293 4805 -luit,
308 4756 377 4795 anno
400 4736 521 4816 integro,
544 4754 645 4820 septem
668 4745 807 4806 mensibus
827 4761 854 4807 et
877 4761 978 4829 septem
997 4748 1094 4809 diebus
1112 4762 1174 4831 post
1191 4747 1310 4807 reditum
1331 4747 1367 4806 ab
1389 4744 1488 4806 exsilio
1508 4746 1613 4827 priore.
1635 4752 1717 4829 Atque

152 4829 210 4889 haro
223 4850 282 4888 mea
298 4842 338 4887 est
357 4827 392 4887 de
409 4843 528 4910 tempore
542 4832 640 4911 prioris
656 4836 747 4896 exsilii
759 4840 900 4901 sententia.
915 4842 1006 4920 Neque
1019 4841 1109 4902 obstat
1126 4839 1201 4920 quod
1218 4832 1407 4900 Theodoretus
1421 4838 1472 4897 lih.
1492 4838 1527 4913 5,
1546 4858 1572 4902 c.
1587 4842 1648 4918 51,
1666 4842 1715 4913 ait,

156 4920 252 5000 111101
267 4921 421 4982 3111161101
443 4929 533 5000 μηνῶν
545 4926 556 5005 (
564 4946 660 5009 nempe
676 4950 692 4988 a
705 4930 822 5008 reditu),
833 4936 1062 5015 Δ0000010000ον
1077 4927 1151 5003 αὖθις
1169 4935 1214 4995 καὶ
1228 4934 1303 5002 δίκας
1322 4933 1495 5014 01010ρο0το1
1516 4936 1569 5007 τῆς
1590 4934 1663 5013 pared
1674 4934 1717 5009 ele

153 5014 307 5095 xeoetpeoo
320 5016 493 5098 λεῑτθυργίας.
504 5018 574 5076 Nam
586 5034 646 5098 post
666 5023 785 5103 quinque
805 5048 908 5088 menses
926 5044 952 5089 et
966 5031 1047 5110 paulo
1060 5029 1162 5107 miuus,
1175 5042 1319 5110 coegerunt
1341 5027 1501 5103 concilium,
1516 5026 1593 5105 quod
1612 5026 1719 5089 durarit

154 5122 245 5187 postea
255 5129 358 5168 meuses
366 5119 378 5167 t
386 5113 415 5169 1.
425 5110 518 5187 Neque
528 5110 629 5170 mirum
638 5133 678 5187 ea,
687 5135 746 5193 quae
760 5120 921 5198 sesquianno
937 5135 1009 5200 gesta
1022 5135 1096 5199 sunt,
1107 5119 1195 5180 tribus
1207 5140 1275 5201 poue
1287 5117 1401 5179 verbisa
1414 5117 1592 5191 Theodoreto
1602 5118 1716 5191 murari,

147 5202 196 5280 qui
210 5203 323 5262 strictim
336 5218 362 5263 et
376 5204 472 5263 timide
481 5217 568 5264 totum
579 5204 631 5266 hoc
643 5210 753 5289 attingit
764 5215 910 5291 negotium,
922 5214 956 5273 iis
969 5230 1107 5296 permotus
1120 5214 1282 5291 rationibus,
1294 5234 1354 5292 qum
1365 5214 1392 5272 iu
1403 5212 1541 5294 principio
1554 5210 1624 5273 dicti
1639 5214 1715 5295 oapi·

147 5296 185 5356 tis
196 5297 405 5358 uenerantur.
419 5302 576 5377 Anonymus
589 5320 604 5358 a
619 5301 709 5362 reditu
722 5303 756 5363 ad
768 5307 870 5366 Pascha
884 5323 944 5368 ante
955 5310 1105 5385 secundum
1116 5308 1243 5369 exsilium
1258 5306 1437 5370 intercessisse
1443 5306 1540 5366 scribit
1551 5306 1613 5367 ὅλον
1628 5310 1714 5380 1000-
