3750 6052
232 812 280 885 58
841 828 999 878 rontano
1026 829 1193 878 nranocus

230 959 293 1019 lum
314 967 486 1018 convocaret.
507 954 645 1014 Profectus
661 952 724 1027 ille,
741 965 767 1013 et
785 972 839 1013 nou
853 952 978 1026 auditus,
1037 954 1123 1032 μένων
1136 955 1185 1028 τὴν
1205 954 1350 1017 ἀνάστασιν
1360 959 1406 1016 τῶ
1417 956 1560 1036 Σωτῆρος,
1574 953 1624 1016 orel
1639 957 1686 1036 τῷ
1701 953 1757 1035 μέν
1770 958 1823 1017 δια·

233 1042 318 1110 rediit
334 1048 370 1108 ad
384 1049 530 1121 Acacium,
556 1048 653 1129 populi
675 1047 800 1106 ardorem
814 1060 841 1106 et
859 1047 983 1126 trequen-
1037 1047 1233 1130 ιιόνφθρασέως
1244 1049 1422 1130 ἀντιναρθιλς,
1442 1049 1477 1110 et
1492 1048 1617 1127 σόμόολα
1629 1047 1735 1131 laxias
1745 1072 1755 1089 ·
1767 1048 1825 1117 τσθς

235 1146 305 1206 tiam
317 1145 449 1205 indicans.
465 1145 528 1204 Post
546 1143 605 1203 baec
618 1143 699 1203 illurn
711 1142 871 1223 suppliciter
888 1155 983 1216 orant,
1038 1140 1279 1223 θλπρεσόυτέροος
1301 1143 1353 1216 ἤδη
1375 1166 1427 1203 πω
1450 1142 1497 1201 καί
1517 1140 1675 1215 aliundene
1698 1142 1826 1223 ῥοπάλοις

236 1239 326 1300 aurcis
350 1239 439 1298 verbis
452 1236 644 1319 deprecantes,
666 1235 802 1316 adjunctis
820 1235 902 1294 ctiam
915 1256 984 1315 pro·
1039 1235 1108 1293 αατθ
1118 1233 1225 1313 κρανέω
1236 1233 1348 1307 παίσας,
1361 1234 1544 1314 αίματικιρνζ
1553 1232 1826 1315 τὴναολιιμόήθραν.

238 1330 327 1391 missis
348 1330 457 1410 majoris
475 1348 636 1411 processus,
652 1340 682 1387 ut
708 1325 852 1407 impediret
874 1325 984 1386 Domiru
1039 1324 1109 1387 Τότε
1122 1318 1154 1398 ἦν
1168 1327 1231 1385 lietu
1246 1326 1294 1399 τὴν
1308 1326 1451 1407 ἀγγιλιιιὴν
1463 1324 1688 1398 tenerenturne,
1703 1328 1735 1387 ἀν
1752 1316 1827 1405 §ael

239 1420 371 1503 gloriam,
382 1420 571 1502 praecipientes
580 1419 605 1478 ei
616 1431 647 1477 nt
655 1417 699 1479 rel
713 1418 834 1477 oratioue
847 1438 986 1498 perstaasoa
1041 1418 1163 1488 θαίιιονις
1181 1419 1324 1479 πίπτωσιν
1335 1420 1495 1501 impiere,
1509 1421 1546 1487 είς
1558 1416 1733 1499 λαόίιρινθον
1748 1442 1826 1497 ματα-

238 1513 355 1594 populos
367 1512 403 1571 ad
421 1508 562 1570 ecclesiam
576 1508 737 1584 adduceret,
751 1507 796 1568 rel
821 1508 850 1566 vi
864 1508 987 1568 turbatos
1041 1510 1193 1584 όληθεῖσαν.
1215 1512 1319 1589 Γυμναί
1339 1509 1392 1593 γάρ
1412 1518 1536 1591 γυναῑιιις
1555 1510 1606 1570 ebe
1625 1520 1692 1579 τοῖς
1712 1512 1826 1593 ἀνάρόαι

240 1604 385 1688 impediret
399 1626 433 1664 ue
445 1605 546 1664 festum
562 1603 737 1664 celebrarent.
747 1602 801 1662 llic
818 1623 882 1681 ergo
895 1601 987 1662 subito
1042 1604 1154 1684 δρασμῷ
1167 1606 1297 1683 ἀγρῶντο,
1318 1604 1393 1685 φόόιρ
1405 1609 1451 1663 τοῦ
1465 1607 1600 1685 σφαγῆναι
1618 1602 1640 1677 ἢ
1658 1605 1825 1685 ἀσχημονῇ·

240 1703 368 1761 assumtis
380 1720 471 1759 secum
485 1700 592 1759 clericis
601 1720 636 1759 ex
647 1713 724 1781 parte
738 1697 848 1771 Aeacii,
864 1718 987 1777 egressus
1004 1703 1024 1750 θ
1042 1718 1106 1769 σαι,
1119 1696 1164 1755 τὸν
1180 1696 1322 1776 ἀσχήμονα
1331 1695 1513 1774 ἀσπαζόμενοι
1527 1694 1644 1775 δρόμοι·
1667 1694 1766 1777 [τερος
1783 1694 1826 1767 rip

241 1806 283 1853 est
305 1791 423 1853 secunda
444 1792 540 1872 vigilia
565 1792 652 1853 cocus
668 1790 704 1851 ad
720 1791 750 1851 id
776 1806 888 1873 propter
912 1790 988 1869 quod
1042 1796 1121 1869 χεῖρα
1139 1787 1264 1866 πληγείς,
1286 1787 1442 1871 ὀδυρόμενος
1463 1788 1566 1870 ἀπῄει·
1585 1786 1673 1855 ἀλλος
1695 1788 1826 1869 παρθίνπ
1865 1788 1867 1857 i

242 1883 344 1944 missus
356 1898 423 1944 erac
437 1885 508 1944 Nam
521 1883 548 1943 in
569 1904 629 1961 eos,
649 1883 697 1963 qni
716 1887 850 1966 populum
859 1884 888 1944 iu
902 1885 988 1965 patti-
1043 1878 1826 1961 1ουρενπερισγίσας·πάντεςθίλαφιρσγυγνὶσανπςιλ
1864 1866 1867 1977 l

243 1974 405 2036 busnostris
424 1996 512 2054 usque
527 1975 564 2036 ad
583 1977 703 2058 primurn
716 1976 781 2054 galli
795 1991 904 2036 cantum
919 1975 989 2036 deti-
1043 1971 1170 2050 ιιιιμήλια
1192 1972 1394 2056 ίαφετερίζοντο.
1408 1970 1503 2040 Οὕτως
1523 1971 1610 2051 ciple
1625 1972 1826 2055 συλληφθίντκ
1865 1986 1867 1991 ’

245 2069 361 2142 nebant,
374 2069 516 2151 derepente
528 2083 608 2130 ασσιιι
619 2070 750 2150 impeturn
763 2071 841 2145 tecit,
853 2072 913 2152 ipsc
926 2069 990 2131 tiro·
1041 2066 1096 2123 rire
1107 2063 1292 2145 πρισόνιίρον
1311 2064 1357 2125 καί
1370 2066 1497 2126 διακόνων
1516 2066 1554 2131 tl<
1573 2061 1625 2137 sir
1639 2062 1760 2146 ιίμτλν
1775 2068 1826 2126 ἀνι·

246 2183 294 2223 ues
316 2163 429 2234 babens,
454 2162 591 2223 districtos
618 2161 724 2243 gladios
748 2177 881 2243 gestantes
904 2163 989 2223 instar
1044 2155 1185 2217 ifflm·
1204 2161 1229 2217 ol
1247 2157 1276 2217 ll
1290 2155 1464 2236 ἀξιωματικοί
1481 2162 1529 2217 τοῦ
1549 2158 1615 2217 λαῶ
1635 2158 1692 2228 τῆς
1708 2158 1825 2237 ramle-

249 2253 325 2315 Esaii
338 2254 569 2335 quadringentos,
591 2255 699 2335 egregie
721 2254 911 2336 impudentes,
927 2274 990 2315 cum
1043 2248 1146 2317 πόλεως
1168 2248 1346 2318 ίὶιότλλοντο·
1369 2249 1548 2328 Ᾱῑᾱτᾶγμαῖᾶ
1571 2248 1601 2308 δέ
1624 2250 1850 2323 ‘mssfflssl

244 2338 384 2406 'indicibus
397 2347 502 2407 clericis
514 2362 541 2406 et
555 2347 711 2419 militibus,
732 2347 881 2407 insolenter
903 2360 933 2405 ut
946 2347 990 2407 lu·
1044 2341 1115 2402 κατά
1134 2342 1215 2403 τόπον
1232 2342 1416 2424 προετίθεντο,
1431 2342 1569 2423 διαφόρως
1589 2342 1713 2411 ἀπειλάς
1733 2344 1825 2422 παρά·

247 2460 319 2521 pus,
332 2452 488 2499 coruscante
500 2439 571 2498 lerro
583 2437 787 2498 multitudinem
801 2458 988 2519 perrumpens.
1045 2458 1128 2516 χοντα
1137 2437 1181 2496 tet
1191 2436 1299 2517 ἀρνήσει
1307 2439 1355 2507 τῆς
1365 2434 1501 2503 κοινωνίας
1513 2434 1648 2495 Ἰωάννου.
1661 2435 1751 2509 Πλὴν
1760 2436 1827 2515 ipae

246 2532 373 2591 Penetrat
396 2532 527 2610 usquead
549 2544 653 2591 sanctas
665 2552 770 2611 aquas,
792 2545 822 2590 ut
836 2530 992 2612 prohiberet
1009 2535 1028 2582 Ε
1046 2528 1093 2589 καὶ
1106 2528 1182 2589 ταῦτ’
1202 2528 1315 2608 ἀγένεια,
1330 2528 1377 2588 καί
1398 2529 1506 2588 πλείονα
1520 2526 1613 2596 έξιιθνν
1635 2530 1665 2587 ol
1685 2528 1827 2611 λιγόμνοι
1860 2554 1864 2633 γ

246 2644 292 2684 eos
302 2623 350 2704 qui
359 2622 539 2683 initiabantur
560 2638 728 2684 sacramento
741 2624 891 2683 Dominicae
902 2645 992 2683 resur·
1046 2621 1187 2681 ίπίσκοποι
1198 2624 1483 2704 προσεφιλοτιμοωτο·
1497 2619 1543 2679 καί
1556 2622 1573 2691 ἡ
1586 2616 1701 2689 σόναξις
1714 2624 1775 2681 τιῗνν
1788 2644 1827 2702 pr·

246 2715 389 2776 rectionis:
404 2730 431 2775 et
443 2717 471 2775 in
485 2714 629 2775 diaconum
639 2716 993 2797 procaciterillisus,sym-
1045 2714 1263 2789 λοδιθοσιιάλων,
1284 2716 1385 2793 μαλλον
1400 2713 1427 2775 δέ
1448 2712 1577 2794 φιλοθίων
1594 2713 1626 2773 οὗ
1642 2722 1827 2793 νιανηργνῐτο,

247 2808 312 2869 bola
331 2808 429 2868 effudit
451 2833 458 2867 ι
476 2808 650 2890 presbyteros
663 2830 727 2869 reru
739 2808 900 2890 grandaeuos
912 2808 994 2869 iusti·
1047 2806 1117 2867 ἀλλά
1137 2805 1208 2867 cord
1221 2807 1251 2868 τθ
1267 2806 1403 2886 εἰρημένον
1414 2810 1487 2888 ίντῇ
1502 2804 1602 2887 Ἐξόδιρ
1618 2804 1688 2866 dccv
1700 2806 1828 2869 ἀπέιτιι-

246 2900 351 2961 busin
377 2901 465 2980 eapite
493 2901 608 2974 seriens,
643 2922 750 2961 sermm
773 2901 874 2961 iontem
897 2920 993 2960 cruore
1047 2922 1090 2959 νον
1103 2897 1208 2972 eene,
1230 2898 1347 2980 τοσούτῳ
1363 2898 1469 2966 πλείους
1482 2897 1606 2977 ἀγίνοντο.
1627 2896 1679 2977 Τῇ
1701 2898 1829 2980 ἀπώρων

248 2992 599 3075 conspersitTuncridere
614 3006 674 3053 erat
686 2994 835 3074 angelicam
850 2993 925 3053 illam
944 3013 993 3052 no·
1046 2997 1108 3070 γοθν
1128 2990 1237 3060 ἐξελθὼν
1258 2994 1273 3050 θ
1298 2988 1442 3071 βασιλιθς,
1461 2997 1508 3050 τῶ
1529 2992 1727 3067 γυμνασθῆναι
1746 2990 1828 3070 ἀντῷ

247 3098 327 3157 ctem,
343 3084 370 3144 in
384 3107 439 3163 qna
454 3085 535 3144 etiam
550 3083 685 3145 demones
699 3094 829 3145 corruunt
842 3085 990 3167 perterriti,
1045 3083 1234 3163 παρακειμένῳ
1246 3082 1345 3165 πεδίῳ,
1366 3072 1419 3141 side
1439 3081 1488 3154 τὴν
1501 3081 1617 3157 ἄσπορον
1627 3082 1687 3159 γῆν
1701 3080 1757 3153 τὴν
1773 3082 1828 3161 apl

248 3176 277 3235 in
292 3176 482 3256 labyrinthum
497 3197 664 3235 conversam.
680 3176 766 3236 Nudae
780 3178 852 3237 enim
866 3177 993 3238 mulieres
1045 3175 1076 3236 τθ
1096 3176 1223 3253 Πέμπτον
1236 3178 1477 3256 λιυχειμονοῦσαν,
1498 3174 1544 3234 καὶ
1561 3173 1716 3252 έιιπλαγιίς
1728 3174 1780 3237 tet
1799 3178 1827 3256 τῇ

249 3288 312 3327 cum
339 3267 406 3326 viris
426 3280 499 3327 metu
525 3268 621 3328 mortis
645 3282 694 3328 aut
710 3268 890 3350 turpitudinis
916 3272 992 3354 turpi
1046 3269 1092 3348 θέοι
1105 3274 1152 3329 τοῦ
1163 3268 1319 3336 άνθουςτῶν
1333 3267 1515 3348 νεοφωτίστων
1524 3258 1604 3347 (ἦσαν
1616 3264 1827 3350 γὰράμφίτολς

248 3359 321 3439 fugae
335 3380 365 3419 se
377 3359 496 3433 dabant,
509 3359 666 3421 indecorum
677 3382 785 3422 comum
796 3364 965 3444 preferentes
981 3387 990 3424 ε
1045 3363 1231 3443 τρισχιλίοις),
1242 3363 1322 3444 ἤρετο
1334 3362 1409 3443 πορθ
1424 3366 1475 3421 τῶν
1488 3360 1660 3443 δορυφόρων·
1683 3360 1731 3428 τίς
1751 3364 1827 3437 ἡλι-

249 3453 321 3513 alius
329 3474 411 3512 mauu
421 3454 578 3513 vulneratus
587 3454 680 3514 abibat
689 3456 817 3537 plorans3
830 3459 902 3519 alius'
911 3458 993 3539 virgi·
1010 3457 1028 3505 F
1046 3453 1096 3532 γίιε
1109 3457 1160 3513 τῶν
1171 3454 1470 3536 ίιιεῑσυνηθροισμένοιν;
1482 3451 1704 3533 Δισθιυσάμανοι
1712 3452 1827 3535 λέγουσι

248 3566 312 3605 nem
331 3546 456 3605 trahebat
475 3546 614 3606 conscissis
632 3548 770 3625 restibus3
786 3569 878 3610 omnes
895 3565 992 3610 autem
1046 3548 1099 3606 τῶν
1109 3547 1273 3626 έτεροθόξων,
1283 3548 1327 3607 ἵνα
1339 3547 1516 3629 παραγάγωσι
1531 3547 1576 3606 τθν
1589 3545 1680 3623 θυμὸν
1691 3550 1743 3607 τοῦ
1755 3550 1826 3627 βασι-

253 3636 439 3719 depraedantes
467 3659 542 3698 sacre
567 3659 647 3711 rasa,
684 3640 737 3699 sibi
766 3642 917 3723 rapiebant.
946 3645 993 3703 Sic
1046 3637 1121 3707 λίιοε.
1138 3640 1247 3708 Γνόντες
1265 3641 1290 3700 δ’
1306 3639 1455 3711 {leucerni
1476 3635 1705 3719 τοῦπράγματος
1719 3648 1826 3717 μιαίται
1853 3698 1858 3735 γ

250 3731 403 3811 presbyteri
416 3744 443 3791 et
454 3729 562 3791 diaconi
573 3731 620 3810 qni
637 3732 707 3812 copti
717 3747 809 3805 erant,
819 3733 847 3794 in
858 3756 992 3795 carcerem
1045 3732 1090 3791 καί
1104 3732 1252 3813 προστάται
1271 3740 1318 3793 τοῦ
1332 3733 1442 3815 φθόνου,
1465 3730 1618 3809 πέμπωσιν
1640 3733 1683 3799 είς
1706 3733 1826 3795 edeta
1852 3742 1858 3763 '

249 3821 464 3882 detrudebantur
478 3845 486 3881 ι
499 3823 547 3901 qui
559 3837 651 3881 autem
663 3823 690 3882 in
704 3825 806 3906 populo
818 3841 893 3885 crant
907 3827 992 3887 bono·
1006 3875 1030 3915 ω
1045 3823 1106 3892 τοὺς
1119 3826 1317 3908 ἀφιιθεστόρους
1327 3829 1379 3885 τῶν
1394 3825 1531 3903 ἑπομένων
1541 3822 1586 3883 iaci
1598 3830 1774 3910 σεορστιαμῷ
1784 3825 1825 3905 μέν

249 3916 317 3990 rati,
335 3915 403 3976 urbe
424 3917 498 3997 regia
518 3915 698 3997 pellebantur.
718 3918 823 3979 Deinde
836 3918 923 3980 edicta
937 3923 992 3982 alia
1010 3936 1030 3978 tt
1046 3921 1099 3976 τῶν
1119 3921 1265 3997 ἀκροατῶν,
1280 3918 1409 3999 συλλήψει
1426 3916 1454 3976 δὲ
1475 3919 1528 3975 τῶν
1541 3915 1730 3978 διδασκάλοιν.
1754 3916 1825 3979 0ll'

250 4028 334 4088 snper
344 4007 396 4066 alia
410 4007 459 4089 pe'r
472 4007 590 4088 compita
598 4009 829 4090 proponebantur,
843 4013 933 4073 varias
944 4015 993 4074 mi·
1047 4011 1181 4081 ίλθόντες,
1199 4009 1340 4091 κατέχουσι
1359 4010 1441 4069 πάλιν
1463 4007 1566 4087 ὀλίγους
1586 4006 1634 4085 μάν
1651 4012 1712 4070 τῶν
1726 4012 1823 4092 αληρι-

249 4122 299 4161 ιιοσ
325 4101 506 4184 coptineutia,
527 4102 579 4161 nisi
594 4103 730 4180 quiscum
752 4107 993 4168 loanuccommu·
1046 4105 1115 4175 λῶν,
1128 4102 1234 4170 πλείους
1249 4102 1277 4163 ὄλ
1297 4107 1349 4162 τῶν
1364 4104 1472 4161 λαῖκῶν·
1499 4098 1746 4185 Καλόθῑόδωρκ
1759 4102 1822 4185 ἶφι·
1850 4102 1853 4111 ’

249 4194 358 4254 niunem
373 4194 526 4275 abnegaret.
548 4196 619 4254 Cum
633 4194 690 4254 boec
704 4197 824 4257 maxime
836 4199 930 4258 sterent
941 4246 950 4275 ,
965 4215 992 4262 et
1045 4183 1270 4276 όιμαιιαρωίτατε
1283 4194 1387 4275 πάτερ.
1410 4194 1454 4254 καὶ
1469 4192 1601 4254 τοσούτων
1617 4192 1709 4254 όντων
1728 4198 1821 4265 «defer,
1834 4118 1857 4271 ll

248 4287 329 4367 plura
341 4285 377 4345 iis
390 4286 437 4365 qui
451 4284 612 4347 dicebantur
632 4287 751 4369 episcopi
766 4288 792 4348 iu
807 4291 917 4371 publico
932 4314 989 4353 mo·
1044 4290 1081 4353 ὡς
1100 4287 1260 4369 τρισχιλίους
1276 4288 1353 4367 μόνον
1368 4278 1435 4347 eleni
1457 4283 1519 4355 robe
1530 4282 1749 4364 νεοφοιτίστους,
1770 4292 1821 4356 ὥς

248 4376 384 4436 licentur:
406 4390 553 4434 conventus
575 4390 662 4435 tamen
676 4398 770 4436 eorum
790 4379 837 4458 qui
853 4379 990 4442 doctorem
1045 4380 1131 4438 αὐτῶν
1143 4382 1167 4439 ol
1180 4385 1288 4461 βραχεῖς
1300 4379 1452 4459 isopleuron
1468 4381 1649 4457 στρατιῶται,
1665 4377 1717 4441 τόν
1732 4381 1821 4443 «ἀλλα

247 4489 329 4529 suum
341 4480 389 4528 eut
402 4468 492 4549 potius
506 4468 552 4547 qui
565 4470 653 4528 Deum
663 4469 788 4528 amabant
800 4515 808 4544 ,
820 4492 872 4530 nou
883 4474 990 4534 minue-
1042 4493 1089 4548 γον
1102 4471 1288 4545 διαλόσανιες;
1299 4470 1335 4532 Ὁ
1351 4470 1506 4537 ἐπίσκοπος.
1529 4471 1617 4530 Τοῦτο
1628 4470 1682 4530 οὗτε
1696 4472 1821 4553 θλιγότιι·

246 4559 343 4630 batur:
359 4560 408 4621 sed
429 4574 459 4620 ut
478 4561 506 4620 in
526 4560 624 4622 Exodo
645 4562 761 4641 legitur,
779 4578 880 4642 quanto
903 4568 990 4648 magis
1043 4587 1086 4630 τος
1099 4565 1211 4643 δεῖγμα,
1235 4563 1294 4624 odil
1308 4562 1453 4640 τεκμήριον
1469 4558 1579 4631 ἀζηλίας
1592 4603 1601 4631 ,
1616 4558 1695 4621 ἀλλά
1712 4563 1822 4625 πλεονέ-

245 4653 416 4727 θῦΰίάὠθῑλῖν
437 4667 512 4714 tanto
539 4654 629 4734 plures
656 4654 766 4716 fiebant.
795 4656 846 4715 Die
867 4662 989 4737 sequenti
1042 4678 1133 4734 κτημσ
1146 4656 1296 4730 αόλσόιίας,
1309 4652 1821 4730 καὶδιδαοκτλωνίπιμελαίαςάιιόθιι-

245 4766 367 4827 egressus
389 4747 539 4827 lmperator
559 4759 590 4804 ut
613 4767 669 4804 sese
692 4763 826 4807 exerceret
847 4748 875 4808 in
899 4751 991 4813 vicino
1043 4746 1097 4822 bc,
1109 4749 1286 4816 ἀδιαλείπτως
1301 4748 1332 4806 τὸ
1344 4747 1450 4827 ἄμαχον
1463 4749 1511 4817 τῆς
1521 4743 1631 4825 γνώμης
1641 4747 1823 4829 ίπνορθῶν·

245 4858 353 4918 eampo,
368 4836 436 4897 vidit
446 4858 544 4917 agrum
562 4836 632 4896 circa
646 4838 789 4918 Pemptum
802 4860 848 4897 seu
856 4840 989 4912 Quintum
1007 4868 1025 4913 Β
1043 4865 1104 4901 των.
1119 4841 1155 4903 ‘0
1168 4841 1196 4903 δέ
1211 4842 1350 4922 Θεόδωρος
1363 4832 1453 4901 εἶπεν·
1468 4841 1565 4918 ἀριστα
1584 4840 1668 4919 ipre·
1690 4840 1756 4901 σίίτα
1776 4842 1822 4923 γάρ

245 4950 300 4990 non
314 4929 448 4990 consitum
471 4944 498 4988 et
511 4929 686 5005 candentem,
703 4943 729 4989 et
752 4934 915 5012 stupefactus
936 4936 989 4995 ad·
1043 4934 1140 5014 έπριπε
1154 4933 1214 5001 τοὺς
1236 4935 1363 5016 φρόνησιν
1377 4930 1586 5011 ἐκμανθάνοντας
1611 4931 1661 4989 καί
1677 4933 1822 4995 ίπιιίιιειαι

202 5074 205 5081 .
245 5036 338 5105 spectu
359 5022 456 5081 coloris
473 5043 565 5102 nuper.
582 5021 779 5102 baptizatorum
802 5030 897 5100 (mant
917 5029 989 5089 enim
1043 5027 1117 5109 παρὰ
1131 5033 1177 5088 ro'i
1192 5032 1262 5109 ἱεροῦ
1276 5027 1411 5097 Ἰωάννου,
1427 5022 1545 5105 ἀφρόνως
1557 5023 1822 5109 καὶτεταραγγώκ

245 5111 343 5173 nitria
364 5114 448 5173 ferme
461 5113 585 5190 millia),
607 5114 734 5174 satellites
758 5132 855 5197 rogat,
876 5122 988 5199 quinam
1044 5124 1122 5181 αὐτοῦ
1139 5124 1338 5182 ἀντιποιεῖσθαι.
1352 5120 1388 5181 ‘0
1403 5119 1492 5180 ἐπίτοι.
1509 5106 1680 5184 Ἧσθοίςολν
1703 5121 1821 5181 carleol·

244 5218 314 5265 esset
328 5205 372 5267 illi
386 5219 626 5285 ccongregatorum
648 5220 740 5267 coetus.
754 5209 901 5272 llliautern
915 5235 989 5275 men·
1042 5202 1097 5296 τῳ,
1110 5216 1279 5298 παρακαλῶ,
1293 5213 1331 5293 μὴ
1352 5212 1484 5274 ἀνάκοπτε
1504 5210 1564 5277 τοὺς
1577 5207 1671 5289 λόγους
1686 5212 1753 5283 τοὺς
1774 5214 1821 5275 tet

244 5301 310 5379 titi,
326 5301 423 5362 dicunt
442 5302 630 5362 hereticorum
645 5324 720 5382 csse,
740 5320 769 5365 ut
783 5308 852 5367 iram
866 5310 988 5392 lmpera-
1042 5312 1131 5367 κακῶν
1146 5306 1311 5387 πραγμάτων
1324 5304 1479 5386 τεχθέντος·
1501 5302 1580 5363 loiret
1602 5301 1652 5383 γθφ
1666 5304 1820 5373 τίοιτιινὺς

243 5391 312 5451 toris
336 5390 495 5450 excitarent.
525 5392 565 5449 Re
585 5392 709 5471 cognita,
729 5395 821 5454 statim
844 5397 927 5479 bujos
948 5402 986 5461 rei
1041 5400 1086 5459 tet
1099 5400 1130 5460 πθ
1144 5403 1266 5461 πλεῖστον
1280 5397 1339 5466 τοὺς
1352 5397 1444 5478 λόγους
1458 5397 1492 5456 rb
1511 5396 1672 5477 πράγματα.
1698 5397 1820 5465 mente

242 5482 360 5542 ministri
383 5496 407 5541 et
422 5480 534 5540 inridier
557 5485 682 5564 patroni,
704 5488 984 5572 atrocioreseseqna-
1042 5497 1243 5572 κατασχεθεῑσιν
1267 5483 1311 5551 σόν
1333 5492 1467 5570 εληριιιοῑς
1480 5513 1509 5548 τε
1522 5488 1568 5548 καί
1585 5490 1694 5557 tutaret<
1707 5491 1818 5563 συνιλνί·

242 5573 309 5634 dicit
320 5572 464 5633 omnibus:
481 5574 713 5650 Venite,oremns
719 5624 729 5654 ‚
741 5594 766 5638 et
780 5583 875 5660 angelo
892 5586 986 5645 Eccle-
1044 5583 1156 5663 Σιλόίνῃ
1170 5586 1203 5662 τῇ
1218 5589 1264 5643 τοῦ
1279 5582 1410 5662 μακαρίου
1427 5580 1567 5659 Νεόριδίου
1581 5580 1818 5665 prosciſsum·
1848 5598 1854 5671 γ

240 5670 288 5761 τίω
310 5664 523 5727 νοίοιίιοιιιιιιιι
552 5667 627 5728 lactus
651 5670 761 5749 quidem
780 5675 870 5735 obrcs
891 5679 983 5759 ipsos,
1043 5706 1098 5759 μως
1113 5681 1248 5761 κοσμούσῃ
1262 5682 1310 5758 τὴν
1321 5684 1416 5753 ἑαυτῆς
1427 5681 1548 5763 χηρείαν,
1560 5679 1605 5740 καὶ
1620 5680 1699 5762 λέγει
1714 5655 1818 5753 αὐτοῖς·
1847 5684 1852 5787 Ι
