3714 5970
193 485 255 555 182
675 507 705 554 ι.
732 508 873 556 ioannis
898 507 1130 558 cnnxsosronrx
1156 509 1254 574 vxrn,

188 630 441 710 qtradraginta,qui
464 652 526 690 cum
546 633 649 692 Ioanne
669 632 923 707 communicabant,
978 632 1144 713 precipitem
1160 633 1318 693 sententiam
1340 632 1480 693 emisisset.
1506 631 1611 693 Literas
1630 645 1721 693 autem

183 724 261 782 tertia
276 744 382 802 quoque
400 723 472 783 Cleri
483 723 791 804 Constantinopolitaui,
809 725 856 803 qui
876 747 926 806 pro
977 721 1054 783 dedit
1064 723 1105 783 illi
1120 723 1155 783 ad
1172 725 1374 805 Theophilum,
1389 745 1487 804 quern,
1498 737 1529 784 ιι
1542 723 1624 784 etiam
1637 727 1720 786 Ioan-

183 817 286 875 Joanno
296 816 395 879 stabat.
415 815 470 875 llas
492 835 555 876 vem
575 815 667 875 literas
686 815 713 874 in
728 816 834 875 ltaliam
847 815 924 875 defe-
978 836 1039 876 nem
1051 814 1088 875 ad
1101 817 1317 877 communionem
1326 839 1356 877 se
1364 817 1506 876 admittere
1518 816 1723 890 testificabatur,

182 907 278 967 rendas
298 911 437 988 suscepere
458 906 654 986 religiosissimi
671 908 790 989 episcopi
801 911 925 983 ,Demo-
979 930 1066 986 neque
1085 931 1115 969 se
1127 932 1141 969 a
1155 911 1267 971 Ioannis
1286 909 1474 970 communione
1487 908 1651 968 destiturum
1666 928 1724 968 esse

182 1002 263 1080 trius,
278 1005 463 1084 Pausophius,
482 1007 592 1085 Pappus
605 1017 630 1062 et
644 1002 801 1084 Eugenius,
813 993 862 1082 qui
876 1024 923 1063 re-
977 1014 1126 1082 propterea
1140 1022 1200 1081 quae
1209 1023 1256 1082 per
1269 1001 1436 1077 ludibrium,
1446 1002 1635 1080 παιγνιωδῶς,
1648 1015 1723 1082 gesta

181 1091 254 1153 lictis
267 1093 396 1155 Ecclesiis
409 1095 577 1176 suis‚pelago
585 1117 615 1155 se
623 1095 800 1172 commisere,
813 1109 840 1155 et
860 1117 923 1156 cum
977 1093 1092 1152 fuerant.
1108 1093 1292 1173 Hortaturque
1303 1093 1382 1161 illum
1393 1107 1424 1152 ιι
1437 1092 1472 1152 ad
1487 1093 1641 1153 Concilium
1658 1113 1724 1153 mox

44 1201 128 1246 eattae.
145 1218 168 1262 p.
181 1185 237 1244 illis
251 1185 351 1246 Paulus
370 1200 397 1246 et
417 1187 548 1266 Cyriacus
561 1185 679 1246 diaconi.
693 1192 844 1266 Antequam
859 1191 924 1248 vero
977 1184 1195 1264 congregandum
1216 1184 1494 1267 compareat,ibique
1515 1206 1551 1246 ex
1573 1185 1726 1245 canonibus

25 1275 52 1322 ⁹·
176 1275 359 1357 -liaccepistola
373 1277 409 1337 ad
424 1278 606 1337 Innocentium
620 1279 798 1358 pervenisset,
812 1299 924 1360 accepe-
976 1276 1117 1351 Nicaeuis,
1134 1299 1187 1338 non
1201 1277 1389 1352 aliislnotans
1417 1277 1479 1338 illos
1497 1279 1679 1340 Antiocheuos
1692 1284 1725 1355 ),

180 1383 223 1428 rat
236 1369 282 1429 ille
295 1369 434 1450 epistolam
449 1369 595 1450 Theophili
611 1369 787 1430 Alexandrini
789 1392 871 1450 ,qnae
885 1372 923 1431 ita
976 1370 1135 1430 sententiam
1149 1369 1283 1430 ferendam
1296 1390 1353 1431 esse
1367 1370 1445 1431 dicit.

179 1475 306 1541 concepta
322 1475 388 1535 erat,
402 1475 433 1520 ιι
446 1461 474 1520 in
489 1483 518 1521 ea
532 1461 657 1521 Pontifex
670 1461 827 1522 temeritatis
840 1477 866 1523 et
875 1485 924 1523 su·
1017 1461 1169 1522 Concilium
1179 1475 1269 1523 autem
1279 1463 1351 1551 illud
1362 1465 1439 1544 qnasi
1448 1484 1513 1524 mox
1526 1464 1652 1524 futurum
1664 1485 1723 1525 me·

180 1554 278 1634 perbiae
291 1569 383 1615 notam
393 1554 624 1636 deprehenderet
638 1554 711 1633 quod
716 1557 924 1658 ‘solusscripsis-
976 1568 1065 1614 morat
1078 1555 1249 1615 Innocentius
1250 1556 1332 1635 ,quia
1346 1556 1491 1632 Honorius,
1501 1541 1765 1646 occinentem-¹¹}

179 1659 229 1720 set,
243 1666 291 1706 nec
304 1647 444 1706 claram'
421 1668 479 1728 ειιι
497 1646 536 1707 rei
547 1646 671 1707 notitiam
686 1645 810 1720 misisset,
821 1669 870 1708 nee
880 1647 924 1708 di·
975 1659 1084 1725 perator
1097 1650 1247 1727 Augustus,
1252 1647 1330 1707 fratri
1343 1669 1392 1708 sno
1406 1647 1524 1708 Arcadio
1538 1647 1632 1708 literas
1643 1648 1765 1709 mise-tn

180 1752 251 1798 ceret
261 1751 308 1797 aut
321 1759 381 1811 cur,
385 1752 442 1797 aut
456 1738 556 1818 quibus
567 1738 693 1798 assumtis
703 1738 782 1798 sociis
793 1741 925 1800 Joannem
976 1752 1028 1810 rat,
1043 1740 1119 1818 queis
1131 1739 1290 1799 hortabatur
1297 1739 1375 1799 rllnm
1387 1753 1418 1799 nt
1427 1740 1568 1819 utriusque
1578 1761 1707 1800 consensu
1711 1741 1765 1848 ,ζ

178 1832 355 1913 deposuisset
372 1833 441 1892 Cum
452 1853 535 1912 porro
549 1830 651 1891 dubius
667 1831 751 1890 animi
768 1847 858 1904 esset,
874 1853 924 1894 uec
975 1828 1156 1890 Orientalium
1180 1843 1207 1889 et
1222 1829 1438 1891 Occidentalium
1460 1830 1613 1891 Concilium
1631 1832 1765 1909 Thes-eq

177 1925 214 1984 nb
228 1925 267 1986 rei
280 1938 360 2004 geste,
374 1925 552 2001 levitatem,
543 1925 633 2003 inquit
647 1924 807 1998 Palladius,
820 1927 920 1986 meri
975 1924 1099 1984 salonicae
1118 1924 1298 1987 celebraretur
1303 1945 1380 2002 ,quo
1397 1923 1503 1983 facilius
1524 1936 1639 2003 utraque
1658 1940 1743 2004 pars
1751 1950 1765 1994 ι

177 2017 337 2090 bererellet,
347 2015 922 2097 EusebiusquidamConstantinopolitauus
974 2031 1064 2121 ppsset
1086 2016 1240 2077 convenire
1253 2017 1360 2077 Verum
1372 2028 1433 2075 astu
1447 2014 1621 2077 inimicorum
1637 2017 1723 2077 Ioan-
1734 2024 1765 2072 ’t

176 2107 307 2168 diaconus
316 2109 385 2187 ,qui
407 2122 473 2169 tunc
496 2110 589 2168 Rome
605 2123 662 2168 erat
682 2109 922 2170 ecclesiasticarum
975 2107 1027 2184 uis,
1038 2109 1113 2169 etita
1127 2121 1238 2167 curante
1249 2106 1394 2184 Eudoxxa,
1407 2105 1512 2187 qunad
1530 2119 1723 2166 nutumsuum

176 2220 268 2259 rerum
280 2221 372 2273 causa,
388 2201 577 2260 Innocentium
594 2199 678 2274 adiit,
694 2217 721 2261 et
739 2202 876 2283 supphces
888 2203 922 2262 li
975 2199 1085 2260 Arcadii
1100 2198 1213 2259 consilia
1226 2198 1425 2272 moderabatur,
1437 2200 1589 2258 factumest
1606 2212 1637 2257 ut
1650 2198 1725 2258 Con·

175 2292 262 2352 bellos
274 2291 351 2353 dedit
360 2292 514 2374 adjurans
525 2314 587 2353 eum
601 2306 631 2352 ιι
645 2293 782 2355 modicum
794 2308 922 2376 temporis
974 2290 1244 2373 ciliumhujusmodi,
1250 2290 1286 2350 ah
1298 2291 1455 2351 Innocentio
1465 2290 1724 2373 Papaetahllono-

175 2398 350 2465 exspectaret,
356 2399 383 2443 et
396 2399 623 2466 conspirationem
630 2386 789 2466 patefactam
800 2386 921 2446 rideret:
975 2385 1017 2446 rio
1031 2387 1195 2467 Imperatore
1207 2397 1346 2466 tantopere
1359 2383 1521 2467 expetitum,
1536 2403 1591 2444 non
1601 2383 1723 2478 celebra·

175 2495 208 2535 ac
217 2489 277 2556 post
292 2474 416 2535 tridtmm
434 2477 600 2537 advenerunt
617 2476 735 2559 episcopi
759 2499 841 2558 supra
859 2499 922 2539 me·
974 2492 1060 2538 retur.

175 2580 292 2626 moratas
307 2567 400 2627 literas
411 2568 559 2631 afferentes.
1015 2572 1119 2630 Interes
1129 2590 1194 2630 vero
1205 2568 1416 2652 Chrysostomus
1430 2566 1664 2648 Constantinopoli
1674 2565 1723 2626 ad·
1744 2578 1765 2623 a

39 2681 123 2727 ι..,ιιι
139 2696 164 2742 p
216 2660 372 2720 Secundum
385 2659 443 2720 haec
451 2659 620 2720 Innocentius
631 2662 705 2742 Papa
714 2661 822 2741 utrique
837 2664 920 2744 parti,
974 2662 1053 2723 huc
1044 2683 1071 2721 tn
1096 2662 1295 2742 episcopalibus
1317 2659 1423 2720 ouibus
1443 2658 1590 2735 manebat,
1607 2679 1640 2718 ac
1659 2671 1721 2740 post
1730 2651 1765 2767 ζ’

23 2757 62 2790 ²·²
77 2743 117 2791 ²·³
176 2751 273 2815 Ioanni
286 2751 369 2812 simul
380 2765 407 2811 et
415 2752 579 2832 Theophxlo
585 2752 677 2812 literas
685 2755 759 2813 misit
760 2754 923 2834 ,utriusque
975 2754 1078 2816 Pascha
1101 2752 1222 2813 bimestri
1242 2753 1328 2834 spatio
1349 2750 1450 2811 ibidem
1471 2749 1598 2832 perstitit.
1613 2749 1765 2832 Eodemg,

177 2843 392 2902 communionem
406 2864 434 2902 se
447 2843 707 2923 admitterequidem
715 2845 817 2912 dicens,
826 2867 860 2906 ne
872 2847 920 2907 Ec-
975 2862 1097 2952 tempore
1107 2845 1151 2905 vir
1162 2843 1274 2924 quidam
1292 2843 1487 2917 daemoniacus,
1501 2856 1549 2902 aut
1561 2841 1609 2923 qui
1625 2862 1655 2902 se
1667 2841 1721 2902 de·

176 2935 286 2996 aleriam
305 2934 439 2996 scinderet
450 2935 610 3016 ,judicium
629 2950 718 2997 tamen
735 2959 752 2997 a
769 2937 922 3042 Theophila
975 2960 1130 3001 montacum
1142 2937 1289 2998 simulabat
1300 2933 1558 3017 ,deprehenditnr,
1574 2930 1765 3038 pugionem&-

176 3028 455 3110 latnmimpmbaus,
466 3028 637 3107 addebatque
651 3028 733 3088 aliam
750 3030 811 3110 engi
833 3031 923 3112 Syno-
975 3033 1080 3092 hahens
1081 3027 1285 3109 ,tamquamad
1301 3030 1431 3090 Ioannem
1450 3024 1629 3087 occidendum
1643 3047 1765 3108 para-,2

176 3117 598 3226 dumoportereOccidentalium
612 3135 639 3180 et
653 3121 834 3182 Orientalium
835 3125 924 3204 ,aqui
976 3139 1037 3198 ιιι,
1055 3123 1177 3184 nondum
1198 3136 1290 3182 tamen
1312 3120 1342 3181 id
1365 3119 1472 3180 facinus
1485 3139 1638 3199 aggressus».
1665 3117 1720 3194 Qui

177 3226 331 3287 amantem,
346 3234 405 3292 qnae
427 3212 497 3272 nulli
520 3213 648 3294 partium
653 3212 762 3273 addicta
783 3231 862 3276 esset.
874 3216 924 3276 His
976 3216 1185 3297 comprehensus
1208 3233 1224 3272 a
1248 3211 1443 3286 multitudiue,
1459 3208 1574 3292 perinde
1592 3224 1673 3289 atque
1698 3211 1721 3270 si

177 3303 274 3385 adjicit
297 3305 476 3386 Theophanes
499 3305 684 3365 Innocentium
705 3319 732 3364 et
760 3307 924 3367 Flavianum
977 3308 1065 3388 pretio
1077 3306 1227 3368 conductus
1237 3306 1330 3365 fuisset
1340 3303 1377 3365 ad
1390 3302 1489 3364 caedem
1500 3301 1673 3385 patrandam,
1687 3302 1722 3364 ad

178 3396 374 3456 Antiochenam
391 3396 469 3456 Clam
494 3397 790 3478 Constantinopolitano
810 3400 923 3481 scripis-
977 3401 1137 3460 Praeleetum
1160 3398 1236 3459 urhis
1249 3397 1408 3458 ductusest.
1426 3393 1478 3458 scd
1493 3397 1619 3470 loannes,
1634 3394 1722 3456 missis

131 3510 218 3566 mse,
229 3503 260 3548 ut
271 3488 573 3564 illumconsolarentur
585 3503 612 3548 et
624 3488 834 3569 indignationem
847 3513 923 3555 suam
979 3492 1143 3571 qmbusdam
1153 3512 1286 3572 episcopis
1300 3511 1334 3551 ex
1348 3510 1459 3549 numero
1470 3508 1563 3547 eorum
1571 3507 1722 3566 ,quosse-

42 3625 158 3688 ,ΜΡ
160 3581 382 3672 exprimerent,
396 3580 471 3660 quod
487 3594 578 3639 contra
599 3602 755 3661 episcopum
768 3604 848 3642 suum
868 3597 924 3643 tam
977 3605 1042 3643 cunr
1055 3583 1185 3656 hahebat
1203 3582 1340 3642 hominem
1355 3580 1481 3642 liberavit
1494 3601 1654 3663 priusquam
1667 3594 1722 3640 tor

25 3699 64 3746 ιι.
142 3643 291 3752 >indigna
304 3688 408 3754 patrata
420 3685 515 3732 essent
526 3672 571 3732 Ex
579 3693 712 3753 episeopis
723 3694 787 3733 vero
788 3696 854 3753 qux
846 3674 925 3734 lite
977 3691 1075 3737 mentis
1085 3676 1273 3756 suthcerelur
1297 3673 1420 3734 Posthac
1432 3692 1526 3733 servus
1541 3669 1647 3753 Elpidii
1661 3692 1723 3753 pre·

179 3789 223 3827 ras
237 3767 351 3830 Joanois
374 3766 409 3824 ad
431 3766 618 3828 Innocentium
635 3764 812 3840 detulerunt,
823 3769 923 3829 Deme·
977 3767 1079 3850 sbyteri
1094 3769 1180 3828 effuso
1198 3788 1278 3827 cursu
1292 3766 1321 3825 in
1338 3763 1409 3826 ades
1424 3763 1614 3868 episcopales
1605 3764 1720 3846 irrupit

183 3860 266 3919 trinm
292 3858 445 3919 Pasinuntis
466 3858 604 3917 Orientem
630 3858 795 3939 percurrisse
816 3874 926 3920 narrant
977 3858 1203 3931 Quodamautem
1212 3879 1267 3937 quo
1278 3878 1388 3917 currens
1397 3869 1520 3938 pergeret
1528 3869 1719 3938 interrogante,

179 3950 368 4030 predicantem
383 3951 634 4009 Romanorumcum
644 3952 924 4012 Ioannecommunlo·
977 3950 1057 4011 ilhtm
1071 3973 1164 4012 servus
1175 3951 1251 4012 nullo
1264 3950 1329 4010 dato
1342 3969 1485 4030 responso,
1499 3948 1554 4007 sica
1568 3947 1718 4028 percussit:

179 4041 301 4120 nem,qui
313 4043 395 4100 etiam
409 4043 499 4101 literas
512 4041 660 4100 Innocentii
671 4042 751 4123 Papae
764 4045 924 4123 proferebat,
977 4043 1103 4118 alterum,
1116 4043 1163 4121 qui
1179 4042 1270 4123 priore
1284 4059 1410 4121 percusso
1423 4038 1631 4115 inclamaverat,
1646 4037 1720 4098 sinri-

180 4154 279 4193 necnon
293 4133 482 4215 episcoporum
492 4133 589 4209 Caria,
602 4133 650 4212 qui
664 4135 836 4196 cumJoanue
848 4155 925 4198 com·
977 4135 1040 4194 liter
1053 4136 1222 4211 vulneravit,
1237 4134 1347 4193 tertium
1363 4151 1471 4212 quoque
1485 4130 1635 4194 transfixit.
1652 4133 1721 4191 Cum

180 4226 364 4285 manicabant.
978 4247 1070 4287 omnes
1085 4227 1133 4306 qui
1149 4226 1261 4286 aderaut
1279 4225 1414 4307 ingentem
1430 4224 1577 4284 ιιιιιοιοιι
1591 4222 1719 4283 sustulis-

219 4319 315 4378 Paucis
325 4318 427 4377 exactis
441 4316 540 4377 diebus
552 4331 611 4398 post
628 4316 705 4378 datas
717 4317 753 4378 ab
770 4320 926 4383 Innocentio
977 4333 1035 4378 seut
1043 4363 1052 4393 ,
1074 4319 1121 4378 ille
1138 4319 1231 4398 fugere
1245 4318 1334 4397 ooepit.
1352 4317 1407 4394 Qui
1422 4338 1487 4377 voro
1500 4315 1582 4376 illum
1596 4316 1720 4395 inseque-

179 4411 405 4476 literas.llomam
417 4409 528 4471 advenit
541 4410 636 4470 Petrus
650 4409 925 4493 quidam,Theophi·
978 4412 1088 4485 bantur,
1109 4410 1204 4492 procul
1231 4410 1327 4490 positis
1347 4407 1500 4468 clamabant
1522 4421 1554 4467 ut
1573 4407 1720 4487 fugientem

181 4502 200 4559 li
215 4503 374 4582 presbyter,
391 4515 418 4561 et
432 4501 600 4582 Martyrios,
612 4503 928 4584 Constantinopolitanae
978 4501 1240 4585 comprehenderent.
1256 4500 1375 4574 Quidam
1387 4522 1423 4560 ex
1437 4499 1533 4559 balneo
1546 4498 1656 4559 rediens
1669 4499 1720 4559 ho-

28 4619 55 4665 y,
71 4618 109 4664 ,3,
130 4621 168 4676 ,ι
182 4591 324 4667 diaconus,
338 4595 385 4671 qni
396 4594 487 4654 literas
498 4593 647 4674 Theophili
661 4595 817 4655 Innocentio
829 4597 925 4657 attule·
978 4595 1078 4654 minem
1087 4591 1282 4676 apprehendit,
1295 4591 1422 4672 letalique
1435 4591 1471 4652 ab
1482 4613 1513 4652 eo
1528 4591 1643 4655 exiluere
1656 4611 1720 4652 oon-

183 4697 256 4757 rnnt,
269 4698 295 4741 et
312 4684 437 4761 quadam
454 4699 512 4744 acta
535 4686 649 4746 Consilii
667 4686 703 4747 ad
725 4691 924 4764 Quercu1‚io
977 4691 1082 4766 fossus,
1100 4703 1223 4749 mortuus
1242 4687 1348 4750 oecidit.
1367 4686 1506 4769 Apopulo
1523 4686 1636 4747 demum
1653 4707 1722 4767 argee

181 4778 258 4855 queis
275 4778 410 4836 ferebatur
430 4779 574 4838 Ioannesa
593 4778 704 4856 triginta
725 4801 774 4839 sex
793 4781 924 4863 episeopis
977 4795 1082 4863 captus,
1103 4781 1201 4840 ductus
1218 4794 1258 4841 est
1277 4781 1304 4839 in
1320 4780 1467 4840 Palatium.
1484 4779 1672 4840 Testabantur
1684 4778 1721 4839 ci·

180 4869 323 4928 damnatus
336 4916 344 4944 ‚
357 4889 473 4948 quornm
497 4867 679 4949 undetriginta
690 4871 824 4961 'egyptii
838 4888 923 4948 erant,
976 4894 1023 4932 ves
1035 4873 1085 4932 has
1100 4894 1156 4932 esse
1165 4871 1279 4933 iusidias
1292 4871 1464 4932 inimicorum
1477 4870 1602 4950 Ioannis,
1617 4871 1721 4931 clama·

181 4976 282 5043 septem
311 4983 376 5023 vero
401 4961 517 5021 aliamm
542 4961 694 5035 reqionum.
722 4965 833 5036 Quibus
857 4970 924 5028 actis
976 4967 1234 5045 hautquedioentes,
1248 4965 1507 5026 etsicariumeteos
1523 4964 1574 5048 qui
1585 4963 1722 5026 misissent

180 5055 307 5136 perlectis
330 5052 529 5127 Innocentius,
549 5075 611 5113 cum
638 5058 810 5136 comperisset
835 5061 923 5121 nullas
975 5081 1067 5142 poenas
1079 5060 1143 5120 dare
1153 5073 1285 5141 oportere
1296 5060 1440 5119 Praefectus
1452 5071 1544 5118 autem
1553 5058 1644 5135 urhis
1659 5079 1720 5118 cum

181 5168 275 5252 graves
287 5169 343 5208 esse
353 5147 544 5221 accusationes,
559 5166 644 5224 neque
652 5150 784 5209 Ioannem
796 5150 922 5226 adfuisse,
976 5173 1037 5211 eum
1052 5166 1189 5231 tamquam
1199 5149 1499 5258 judiciumprolnturus
1512 5163 1584 5211 esset
1595 5151 1722 5233 accepis·

181 5240 226 5318 qui
242 5261 350 5299 eausam
365 5261 442 5300 suam
458 5237 612 5298 defenderet
623 5238 792 5322 ,Theophili
803 5243 922 5305 summm
976 5259 1025 5318 set,
1041 5246 1135 5327 populi
1149 5246 1266 5306 furorem
1277 5243 1456 5326 compescuit,
1470 5244 1519 5306 sed
1531 5259 1628 5327 postea
1641 5245 1722 5307 illam

181 5329 325 5391 exsibilare
347 5329 464 5412 perstitit
476 5329 570 5409 ,quod
595 5342 685 5392 contm
711 5332 847 5420 absentem
866 5349 921 5397 tam
975 5337 1089 5401 dimisit.
1107 5341 1173 5400 Rem
1190 5337 1270 5420 paulo
1283 5357 1359 5400 secus
1371 5337 1451 5398 refert
1470 5335 1624 5429 Palladius.
1639 5336 1724 5420 Elpi-
