3750 6052
707 541 752 588 Dii
781 542 811 590 S.
839 542 973 591 tostius
997 539 1182 614 CllRYSQT.

161 745 1732 782 m

216 924 348 1006 Synesii,
361 928 491 1007 Cyrenes
502 930 655 1012 Episcopi,
668 933 764 1012 Epist.
778 931 828 1004 66,
842 931 884 990 ad
898 929 1104 1009 Theophilum,
1120 928 1360 989 Alexandrinum
1374 930 1560 1011 Episcopum,
1572 949 1601 1008 p.
1615 929 1685 989 906.

201 1141 301 1204 Πιθσίν
319 1167 379 1202 τινα
395 1141 524 1205 πυθέσθαι
542 1150 589 1206 σοῦ
606 1143 796 1228 προελόμενος,
812 1143 879 1227 help
899 1136 930 1204 oh
946 1146 966 1196 G
1025 1142 1158 1204 Nonnihil
1171 1141 1356 1203 sciscitaturus
1370 1136 1418 1209 ahs
1435 1157 1480 1222 te,
1494 1164 1548 1223 qua
1569 1141 1605 1202 de
1628 1163 1657 1202 re
1674 1143 1728 1204 sci·

159 1232 291 1313 ιτεάσομαι
323 1234 563 1316 προσρηγιίαασθαι
586 1227 739 1315 βούλομαι.
764 1235 931 1319 Ἀλέξανδρος
984 1235 1195 1299 ειθεοιυτιιοοὶιιι
1208 1250 1285 1296 αιτιοι
1307 1235 1374 1295 libet
1391 1256 1535 1317 exponere.
1548 1235 1732 1297 Alexandere

160 1326 213 1385 ἀπὸ
234 1330 329 1405 βουλῆς
343 1330 507 1408 Κυρηναῖος,
522 1328 562 1387 let
576 1329 712 1410 μειράκιον
731 1329 786 1405 ιδν,
802 1333 837 1396 εἰς
853 1353 932 1407 μονα·
983 1329 1117 1392 matario
1139 1328 1235 1391 ordine
1256 1328 1435 1410 Cyrenensis,
1448 1328 1538 1389 adhuc
1558 1328 1732 1400 adolesoens,

160 1418 231 1478 δικδν
251 1418 306 1498 βίον
328 1418 493 1501 ίτίλεσε·τῇ
512 1420 540 1482 δί
560 1421 653 1503 ἡλικίη
670 1422 867 1504 ουμαροθοίοης
882 1425 930 1494 τῆς
984 1422 1159 1483 monasticam
1173 1422 1260 1485 vitam
1281 1423 1417 1503 professus
1438 1433 1478 1481 est
1504 1443 1512 1478 τ
1536 1440 1652 1499 eumque
1670 1442 1730 1494 ,uua

160 1511 303 1588 μοναδικῆς
315 1514 362 1581 τῆς
374 1511 444 1571 κατὰ
461 1513 505 1572 τδν
521 1512 577 1593 βίον
591 1514 745 1587 lasciuum,
760 1513 861 1586 ἠξιώθη
881 1512 929 1592 pis
983 1536 1046 1576 cum
1056 1528 1133 1574 aetate
1143 1513 1323 1574 monasticum
1337 1512 1407 1573 illud
1420 1512 1486 1574 uitae
1496 1511 1652 1572 institutum
1664 1533 1728 1593 pro·

159 1603 384 1675 θκκλησιαστικῆς
395 1603 537 1674 διακονίας,
547 1604 648 1678 ἠξιώθη
660 1605 688 1666 δὲ
700 1613 747 1667 τοῦ
757 1605 931 1689 πρισθθτερσς
982 1607 1107 1679 cederet,
1122 1606 1243 1688 primum
1256 1605 1292 1666 ad
1305 1604 1430 1678 diaconi,
1444 1603 1509 1664 inde
1527 1602 1563 1663 ad
1584 1603 1728 1663 sacerdotii

159 1683 365 1754 ε’ίναι.ίίατίιδί
380 1719 440 1754 τινα
454 1697 547 1776 χρείαν
565 1696 609 1757 tut
625 1695 930 1780 στρατυπίθυυγενάμε·
983 1699 1012 1759 in
1032 1698 1152 1759 Ecclesia
1174 1697 1335 1777 dignitatem
1356 1709 1500 1778 protectus
1518 1709 1567 1756 est.
1587 1697 1653 1754 Post
1671 1695 1729 1758 hes

156 1807 210 1855 νος,
224 1788 269 1843 καί
281 1786 392 1866 Ἰωάννῃ
408 1791 447 1867 τῷ
464 1790 598 1870 μακαρίτῃ
613 1789 709 1856 συστάς
723 1790 862 1869 (τιμάσθω
877 1789 929 1870 γάρ
983 1790 1121 1850 occasione
1134 1789 1234 1868 negotii
1250 1788 1394 1869 cujusdam
1413 1786 1448 1846 ad
1462 1776 1549 1847 casira
1569 1787 1727 1868 proiectus,

158 1877 222 1956 παρ’
237 1880 344 1963 huiusi
362 1879 454 1957 μνήμη
470 1887 521 1941 ’τοῦ
545 1880 769 1958 τελευτησαντος,
790 1881 831 1941 ὅτι
854 1891 930 1944 πᾶσα
979 1897 1010 1962 et
1028 1884 1113 1943 beata
1135 1881 1271 1942 memoriae
1292 1881 1391 1944 loanni
1408 1901 1437 1940 se
1457 1878 1730 1953 sistens(honoretur

159 1968 301 2046 δυσμένεια
314 1974 352 2051 τῷ
374 1971 423 2051 βίῳ
437 1971 521 2052 τούτῳ
536 1971 766 2044 σονατιοτίθεται)·
778 1971 864 2055 τοάτιρ
878 1996 929 2033 συ-
946 2005 967 2054 1,
983 1976 1054 2035 enim
1070 1997 1085 2033 a
1102 1974 1180 2034 nobis
1199 1973 1301 2033 mortui
1322 1973 1470 2048 memoria,
1491 1972 1620 2053 quoniam
1642 1971 1731 2032 omnis

158 2059 231 2135 eche,
238 2061 300 2141 πρίν
312 2061 358 2139 μὲν
369 2066 561 2134 στασιασθῆναι
575 2063 621 2131 τὰς
631 2063 863 2136 Ἐκκλησίας,θτιδ
875 2068 929 2125 τῶν
984 2089 1048 2129 cum
1061 2068 1118 2128 rita
1139 2067 1262 2127 simultas
1280 2067 1429 2144 exuitur)=
1450 2066 1517 2126 huic
1537 2066 1622 2145 igitur
1638 2086 1667 2127 se
1689 2066 1728 2125 si·

157 2150 257 2211 ἐκείνου
272 2156 368 2235 χειρῶν
384 2153 526 2222 ἐπίσκοπος
537 2155 675 2237 ἀνεδείχθη
689 2159 737 2226 τῆς
750 2158 867 2216 Βιθυνῶν
877 2159 931 2216 Ba·
983 2175 1056 2219 stens
1066 2172 1129 2219 ante
1142 2172 1231 2229 motus
1252 2157 1314 2218 illos
1333 2172 1358 2219 et
1379 2157 1512 2220 tumultus
1522 2157 1727 2237 Ecclesiam,

156 2243 340 2310 σινουπάλειιις.
352 2243 497 2323 Συμθάσης
509 2245 537 2306 δὲ
548 2249 596 2319 τῆς
610 2247 752 2328 διαφορᾶς,
764 2245 878 2326 διέμεινε
890 2250 929 2328 τῷ
982 2251 1174 2336 Basinopoleos
1187 2249 1326 2332 Bithynia
1349 2250 1491 2332 episcopus
1513 2245 1588 2308 illius
1601 2248 1730 2309 manibus

156 2335 372 2414 χιιροτονιίσαντι
387 2334 475 2417 φίλος,
490 2337 536 2397 καί
557 2335 648 2418 χεήονε
668 2342 721 2398 τῶν
745 2337 844 2399 ίκείνου
865 2360 929 2398 στα·
983 2354 1023 2400 est
1043 2340 1194 2402 ordinatus.
1206 2343 1274 2402 Orta
1296 2362 1359 2401 vero
1379 2340 1565 2414 contentione,
1586 2340 1615 2398 in
1625 2340 1693 2421 'ejus
1712 2361 1728 2400 a

158 2430 272 2486 σιωτῶν.
958 2478 965 2493 .
984 2453 1038 2512 quo
1060 2432 1161 2492 electus
1182 2445 1239 2491 erat
1258 2431 1380 2493 amicitia
1399 2430 1634 2514 perseveravit,et
1654 2429 1730 2495 itlius

983 2537 1074 2606 partes
1087 2535 1218 2602 sequutus
1231 2535 1280 2583 est.

518 2908 626 2968 Isidori
641 2908 802 2971 Pelusiotae
815 2907 993 2983 Symmacho
1008 2907 1145 2989 Epistola
1157 2908 1217 2993 152
1239 2908 1307 2967 libri
1322 2909 1336 2966 1
1345 2951 1353 2972 ,
1420 2986 1421 2989 ¹

198 3109 319 3190 Ἐρονιᾷς
334 3109 383 3182 τὴν
398 3110 460 3190 περί
475 3109 520 3170 τὸν
535 3108 672 3169 θεσπέσιον
684 3106 810 3180 Ἰωάννην
822 3129 930 3188 τραγιρ-
946 3114 966 3161 E
1027 3109 1099 3167 Petis
1109 3129 1124 3166 a
1136 3128 1179 3167 me
1187 3122 1218 3167 ut
1227 3107 1316 3171 divini
1325 3108 1436 3172 loannis
1445 3109 1604 3192 tragediam
1616 3110 1667 3171 tibi
1680 3130 1727 3172 ex·

159 3201 228 3261 δίαν.
240 3201 319 3262 Ἀλλὰ
333 3200 432 3282 ρράοαι
446 3203 617 3281 leopham&
631 3200 674 3260 τὸν
688 3205 747 3259 νοῦν
760 3200 792 3260 τὸ
803 3205 849 3259 τοῦ
860 3197 930 3278 πρά·
984 3219 1095 3280 ponam.
1121 3200 1177 3260 Sed
1206 3201 1296 3262 nmcio
1322 3193 1459 3280 quomodo
1485 3222 1544 3263 eam
1571 3203 1725 3285 explicent:
1799 3210 1800 3215 ’

157 3315 270 3371 γματος·
286 3293 370 3373 μικρθ
383 3292 411 3354 il
424 3293 540 3372 pulviam
554 3291 674 3353 άττα.Ἡ
688 3291 782 3372 γείτων
796 3289 929 3369 Αίγυτττος
983 3304 1100 3351 mentem
1112 3293 1184 3352 enim
1194 3313 1238 3354 res
1250 3293 1301 3353 ista
1311 3307 1438 3375 superat:
1450 3315 1547 3355 verum
1557 3317 1643 3376 pauca
1653 3317 1727 3374 que,-

157 3386 274 3457 συνήθως
284 3384 417 3463 ἠνάμησι,
428 3383 532 3444 Mucia
544 3383 753 3465 παραιτουμένη,
765 3382 809 3443 τδν
821 3381 927 3462 Φαραὼ
982 3380 1046 3443 dam
1062 3383 1137 3444 audi.
1148 3383 1248 3446 Vicina
1263 3385 1401 3468 AEgyptus
1411 3407 1460 3468 pro
1478 3407 1554 3446 more
1573 3408 1622 3446 suo
1633 3387 1727 3466 inique

156 3477 331 3556 οἰκειουμένη,
345 3475 404 3545 τοθς
417 3475 554 3543 ταπεινοδς
569 3475 740 3553 μαστίζουτα,
754 3472 814 3543 soie
827 3497 927 3534 κοιιου-
966 3543 969 3549 ,
982 3496 1011 3535 se
1027 3475 1126 3557 gessit,
1141 3479 1267 3558 Moysem
1288 3498 1430 3553 recusans,
1440 3477 1609 3552 Pharaonem
1620 3477 1725 3539 admits

155 3569 247 3647 μένους
269 3569 410 3644 liliosae,
428 3569 518 3637 πόλεις
533 3569 706 3647 οἰκοδομοῦσα
727 3567 774 3627 καί
795 3564 855 3635 soie
879 3591 927 3645 μι-
981 3581 1054 3641 tens,
1069 3567 1187 3629 humiles
1202 3569 1294 3650 llagris
1307 3571 1444 3646 lacerans,
1460 3570 1612 3631 laborante
1632 3571 1728 3653 oppri·
1766 3600 1771 3609 ι

153 3661 230 3731 σθοθς
242 3664 437 3743 ἀποστεροῦσα,
452 3660 498 3722 καί
512 3659 593 3743 μίχρι
605 3667 651 3722 τοῦ
664 3666 709 3721 νῦν
723 3658 825 3729 τούτοις
837 3662 925 3737 ίμμε·
981 3682 1072 3735 mens,
1086 3661 1166 3723 urbes
1182 3677 1357 3737 construens,
1371 3677 1399 3724 et
1408 3663 1559 3725 meccedem
1577 3664 1724 3726 structori·

152 3754 266 3814 λετιῗισα.
276 3755 330 3815 Tu
344 3756 475 3832 λιθορανῆ
491 3752 543 3833 γάρ
556 3753 603 3812 καί
614 3751 791 3835 χρυσοδάτριν
804 3751 926 3831 προδαλ-
980 3752 1033 3814 bus
1050 3774 1150 3835 negans
1161 3778 1168 3812 ι
1180 3768 1207 3815 et
1225 3753 1326 3816 adhoc
1336 3776 1421 3835 usque
1432 3770 1540 3838 tempus
1553 3757 1611 3817 haec
1628 3777 1723 3838 agens.

131 3870 138 3882 ·
152 3846 250 3924 λομίνη
263 3846 403 3927 Θεόφιλον,
413 3845 540 3928 τίσοαρσι
556 3844 704 3927 συνίρχοις,
717 3842 735 3917 ἢ
750 3846 850 3924 μάλλον
863 3867 924 3905 συν·
980 3847 1051 3906 Nam
1065 3846 1160 3907 insano
1169 3847 1326 3930 lapillorum
1339 3869 1429 3909 amore
1443 3849 1602 3929 flagrantem
1617 3863 1643 3910 et
1662 3848 1724 3909 auri

149 3938 313 4007 αποστάταις
333 3937 519 4020 ὀχυρωθέντα,
532 3937 579 3999 τὸν
600 3939 711 4018 θεοφιλῆ
732 3936 779 3997 καὶ
801 3909 1110 4017 θεολόγοντουίίοτιιυ
1124 3939 1309 4021 Theophilum
1321 3940 1448 4001 οεουιτιιίο
1457 3938 1647 4023 adjutoribus,
1666 3941 1726 4002 imo
1800 3996 1802 4000 ,

150 4031 367 4109 κατεπολέμησεν
380 4031 527 4111 ἄνθρωπον,
536 4029 602 4103 ιτὴν
616 4027 678 4110 ττερί
691 4029 737 4090 τδν
749 4028 809 4109 ἰμοί
820 4026 922 4107 θμάινυ·
979 4033 1117 4113 apostasiae
1139 4032 1220 4093 sociis
1240 4047 1364 4112 quatuor,
1375 4033 1402 4094 in
1426 4033 1547 4095 medium
1565 4037 1725 4117 proferens,

152 4144 201 4199 μον
216 4121 359 4202 ἀπέχθειαν
370 4122 416 4181 καί
428 4121 581 4199 δυσμένειαν
595 4121 758 4201 ὁρμητήριον
767 4126 815 4193 τῆς
825 4119 923 4190 οίκιίας
978 4125 1056 4208 pium
1068 4124 1216 4204 divinaque
1233 4124 1356 4191 doctriua
1376 4127 1521 4207 praeditum
1533 4127 1622 4198 visum
1633 4149 1725 4209 oppu-

151 4211 281 4290 εὑρηκότα
295 4210 458 4284 σκαιότητος.
472 4211 542 4272 Ἀλλ’
557 4202 626 4279 οίκος
643 4211 726 4272 Δαοίδ
739 4216 923 4294 κραταιοῦται,
977 4217 1090 4299 μανίη
1101 4217 1196 4277 odium
1213 4231 1294 4297 atque
1313 4217 1504 4297 inimicitiam,
1521 4239 1603 4298 quam
1624 4219 1652 4277 in
1674 4240 1721 4279 co·

151 4306 255 4364 ἆῦθένῑῖ
268 4303 296 4365 δὲ
306 4309 320 4365 θ
329 4309 375 4363 τοῦ
390 4301 589 4378 ithumae<
602 4308 673 4384 δρᾷς·
687 4307 712 4364 εί
724 4303 769 4364 καί
782 4309 830 4378 τῆς
841 4302 927 4378 ζάληςῖ
977 4311 1132 4393 gnominem
1142 4332 1233 4371 meum
1244 4323 1411 4392 conceperat,
1422 4311 1549 4389 nequitia
1561 4332 1617 4370 sua
1628 4296 1722 4371 inciu‘ss

150 4399 294 4476 ὓπῑρῆλθῑν
308 4401 322 4457 ὅ
338 4396 474 4478 ἄνθρωπος
495 4400 541 4456 τῶ
557 4395 629 4474 βίου,
641 4394 687 4455 καί
708 4395 773 4477 πρὸς
795 4395 921 4470 <istm
977 4417 1098 4464 mentum
1120 4418 1224 4463 nactus.
1247 4407 1282 4462 ht
1301 4402 1398 4461 domus
1425 4401 1542 4462 Davidis
1562 4401 1719 4479 invalescit,

149 4489 265 4568 γαλήνην
282 4489 419 4570 μετετέθη.
976 4493 1075 4555 domus
1085 4509 1176 4556 autem
1195 4495 1287 4556 Saiilis
1297 4493 1467 4568 debilitatur,
1480 4508 1510 4554 ut
1524 4493 1601 4554 vides
1613 4517 1621 4554 τ
1633 4494 1720 4576 siqui·

977 4588 1040 4648 dem
1052 4588 1097 4648 rir
1110 4588 1172 4663 ille,
1191 4599 1316 4667 superata
1328 4585 1402 4653 ‚vite
1427 4599 1600 4669 tempestate,
1615 4585 1651 4648 ad
1670 4611 1718 4650 su·

975 4700 1087 4762 pernam
1102 4677 1322 4760 uanqoillitatem
1336 4676 1475 4758 migrarit.

575 4907 720 4992 Ejusdem
737 4908 896 4969 Eustochio
910 4899 1051 4989 Epistola
1073 4907 1133 4967 156
1151 4904 1243 4986 ejusd.
1259 4904 1280 4964 l.

113 5159 119 5169 ,
188 5107 261 5190 Ἐγὼ
275 5107 323 5188 μίν
337 5106 385 5184 τὴν
406 5106 497 5193 βίάλον
520 5106 553 5179 ἣν
567 5106 698 5182 ἐζήτησας
711 5058 859 5185 alumna,
871 5105 920 5166 καὶ·
935 5110 955 5160 Β
1013 5103 1072 5185 Ego
1083 5101 1194 5183 quidem
1204 5101 1308 5163 lrhrum
1323 5101 1397 5179 ruisi,
1410 5117 1491 5183 quem
1509 5105 1712 5186 amepetiisti5

148 5203 250 5288 καρσδν
263 5201 290 5273 ἐξ
303 5205 384 5277 αὐτῆς
403 5196 449 5287 διά
469 5207 516 5262 σοῦ
534 5199 703 5282 ἢιίμενον,
717 5200 746 5270 δς
759 5198 835 5281 παρδι
848 5199 918 5260 πάν-
970 5198 1142 5277 fructumque
1150 5216 1185 5256 ex
1205 5215 1236 5255 eo
1248 5216 1298 5277 per
1313 5208 1339 5256 te
1355 5209 1480 5278 exspecto
1490 5242 1501 5278 ,
1513 5197 1560 5277 qui
1570 5197 1615 5274 -ab
1627 5196 1717 5260 omni·'

181 5324 195 5404 ε
210 5364 257 5416 llic
273 5362 385 5432 loquitur
397 5361 429 5416 de
448 5360 549 5416 Isidoro
564 5360 619 5428 illo,
635 5361 690 5415 uiso
705 5372 804 5428 uncto,
815 5361 859 5429 qui
869 5359 903 5413 ab
909 5316 1091 5426 llospitalitato
1102 5357 1312 5427 nomensocepit.
