3714 5970
794 440 913 491 Sl‘llllld
938 442 1100 505 QUAEDAM·
1653 450 1723 522 270

153 562 263 630 Ἰησοῦν
282 565 438 646 Ιλοιζωριιῖον
452 563 633 641 Βηθλιεμέτην
648 564 849 646 κατεκρίναμεν,
864 569 931 626 θπο-
982 586 1035 644 que
1054 587 1115 626 cum
1137 566 1232 626 timore
1253 581 1280 626 et
1294 581 1407 627 tremore
1428 567 1581 642 adstantes,
1596 583 1621 629 et
1640 570 1723 631 dixe-

154 640 228 721 δείξῃ
243 645 335 711 αὐτοῖς
354 644 401 716 ιήν
415 644 544 725 πλευρὰν,
558 644 605 705 καί
624 646 714 705 ἴδωσιν
731 644 809 713 ελςδν
829 645 929 713 έξεκέν-
983 647 1057 718 rint‚
1073 647 1129 705 Nos
1142 668 1194 706 non
1213 647 1285 706 lione
1303 648 1507 723 crucifiximus3
1521 649 1607 708 alium
1624 671 1723 729 quem-

152 744 258 796 τησαν,
270 724 530 802 καλπροσκυνήσωσι
542 723 588 784 καί
603 725 640 803 μὴ
655 724 781 791 θέλοντες.
794 724 831 783 Τί
844 724 929 785 τοίνυν
948 727 966 774 F
983 725 1056 804 piam
1079 727 1171 785 Jesum
1192 728 1360 785 Nazarenum
1379 727 1603 788 lletlrlelrcrnitam
1623 730 1720 790 conde-

152 797 336 862 τδπιστεύειν
351 804 470 884 ἀφιέντες
484 806 692 900 τεγνολογοῦμεν
713 803 761 876 τήν
777 802 866 863 πίστιν
878 828 886 876 ;
901 804 929 863 τί
982 804 1149 880 mnavimus5
1159 807 1282 866 ostendat
1295 806 1350 865 illis
1361 806 1431 873 latus
1440 821 1466 866 et
1478 808 1588 867 videant
1598 810 1624 867 in
1636 831 1720 889 quem

152 879 311 960 πληροῦμεν
340 882 389 957 τὴν
416 885 556 960 έπιθυμιαν
581 889 627 945 τοῦ
654 891 741 944 κοινοῦ
765 883 927 961 δυσμενοῦςς
980 884 1236 961 transfixerunt,ac
1258 886 1301 945 ccl
1322 885 1400 946 inviti
1417 885 1528 946 adorent
1550 888 1639 947 illum.
1662 891 1718 951 Cur

153 960 341 1038 Δογισάμενος
358 962 410 1044 γάρ
424 966 439 1023 θ
452 962 586 1039 διάέολος,
601 970 615 1025 δ
629 963 713 1031 κοινδς
726 965 774 1034 τῆς
787 963 925 1044 ἀνθρωπό-
979 984 1043 1101 eppo
1065 964 1145 1024 missa
1169 964 1224 1025 lide
1245 986 1308 1024 cum
1331 966 1446 1025 artifieio
1468 967 1660 1028 ratiocinamur
1683 968 1718 1030 de

151 1062 233 1110 τητος
243 1040 360 1117 λυμεὼν,
373 1042 414 1102 ὅτι
423 1042 539 1121 γαλήνης
554 1047 581 1104 έν
594 1048 660 1121 ἡμῖν
673 1042 877 1119 πολιτευομένης
890 1042 924 1103 et
933 1043 998 1106 ιετίι
1019 1043 1057 1102 e?
1069 1063 1119 1101 eur
1136 1044 1285 1104 communis
1311 1043 1413 1104 inimici
1435 1044 1599 1106 'desiderium
1623 1048 1718 1131 imple·

150 1123 200 1190 τῆς
215 1119 355 1190 εὗσεῦείας
367 1124 456 1194 ἀνθεῖ,
470 1126 517 1193 τῆς
533 1123 560 1184 δέ
579 1122 693 1190 πίστεως
707 1122 865 1199 λαμπούσης
878 1126 924 1182 εὖ·
943 1123 962 1170 Α
979 1122 1063 1182 mus?
1077 1123 1204 1202 Cogitans
1224 1125 1294 1184 enim
1318 1123 1444 1184 diabolus
1453 1171 1462 1198 ,
1480 1126 1592 1187 humani
1612 1130 1717 1208 generis

149 1196 219 1266 ζωέα
232 1211 344 1281 κρατεῖ,
362 1201 496 1271 πολιτείας
516 1200 543 1262 δὲ
560 1206 693 1284 θεοφιλοῦς
715 1201 925 1282 κατορθουμένης
977 1212 1136 1283 corruptor,
1151 1201 1224 1282 quod
1236 1205 1259 1262 si
1273 1204 1416 1282 tranquille
1426 1205 1510 1265 vitam¹
1523 1209 1716 1289 agamus,pie-

148 1280 321 1359 μακαριάιης
340 1289 395 1350 τοῖς
410 1280 479 1343 οὕτω
498 1284 563 1350 ζῶσι
584 1282 770 1365 προσγίνεται,
783 1281 828 1341 κοιλ
853 1281 923 1361 φίλοι
977 1294 1017 1341 tas
1030 1282 1153 1359 llorebit,
1169 1285 1192 1343 si
1207 1282 1273 1343 fides
1283 1283 1403 1363 fulgeat,
1414 1283 1490 1344 beata
1510 1286 1566 1345 vita
1580 1289 1715 1376 praevale-

148 1364 196 1419 τοῦ
214 1360 380 1443 δημιουργοῦ
401 1363 598 1438 καθιστάμεθα,
615 1364 680 1442 πρὸς
698 1362 743 1421 τὸν
764 1361 923 1440 ποθούμενον
976 1360 1032 1433 bit,
1050 1382 1082 1421 ac
1102 1383 1182 1423 cursu
1197 1363 1243 1443 pio
1257 1384 1383 1444 prospere
1402 1377 1528 1445 peracto,
1542 1365 1654 1427 felicitas
1677 1367 1715 1428 ita

132 1440 219 1501 ,ένατ
270 1461 348 1517 ομεν,
357 1439 399 1500 lm
414 1442 564 1517 ἀνελθωμεν
579 1441 637 1502 ὅθεν
652 1446 748 1508 ἐκεῖνος
763 1442 848 1502 ἔπεσε·
861 1440 925 1520 βλέ-
978 1442 1133 1501 viventibus
1143 1442 1263 1514 accedet,
1272 1443 1405 1503 Creatocis
1417 1444 1497 1503 amici
1511 1445 1714 1520 constituemur,

147 1540 215 1577 αατε
283 1522 430 1594 πεποίηκε,
444 1522 489 1580 καὶ
503 1525 559 1588 πῶς
574 1520 726 1601 πανούργοις
748 1521 794 1580 καί
813 1521 925 1600 δολερῶς
978 1534 1004 1580 et
1017 1520 1052 1579 ad
1072 1521 1252 1581 desideratum
1268 1523 1347 1583 illum
1360 1544 1469 1582 sursum
1482 1545 1670 1600 accurremus,
1684 1540 1715 1587 ut

147 1595 195 1655 τδν
212 1601 276 1657 καθ’
291 1604 369 1673 ήμῶν
381 1600 564 1682 ,ἐρραψῴδησε
575 1600 708 1678 πολεμον,
721 1604 735 1658 ὁ
749 1602 925 1682 τεχνορράφος
976 1601 1042 1661 illuc
1067 1601 1139 1661 unde
1161 1602 1183 1662 is
1202 1601 1303 1662 decidit
1323 1601 1517 1663 ascendamus:
1531 1604 1625 1666 videte
1647 1607 1715 1685 quid

148 1678 203 1735 τῶν
220 1681 333 1757 κακῶν,
348 1679 392 1739 καὶ
408 1682 487 1760 σοφὸς
505 1682 676 1756 ίνάπάταις,
689 1680 735 1740 καὶ
755 1680 875 1747 ποικίλος
896 1682 922 1738 ἐν
976 1681 1055 1754 iecit,
1071 1695 1098 1740 et
1116 1702 1199 1760 quam
1213 1695 1298 1741 astute
1310 1696 1335 1742 et
1348 1682 1441 1742 dolose
1453 1683 1554 1743 bellum
1569 1685 1715 1747 adversum

146 1755 323 1830 έκιάωλαῐς,
339 1759 386 1818 καλ
404 1760 528 1827 πλούσιος
542 1764 569 1820 έν
582 1771 636 1829 τοῖς
650 1768 741 1826 κακοῖς
758 1760 924 1841 μηχανήμα-
976 1781 1025 1820 nos
1034 1761 1214 1841 apparaverit,
1225 1761 1359 1821 ιιιαίοιιιιιι
1367 1761 1529 1822 artificiosus
1544 1765 1714 1825 consarcina-

146 1858 189 1897 σι·
204 1838 396 1916 παρεσκαίααέ
406 1864 480 1908 τινας
494 1844 520 1900 έν
533 1865 554 1899 π
603 1840 707 1921 γήματι
716 1844 772 1921 ,τῆς
790 1839 924 1905 εθσεῦεέας
977 1853 1033 1913 tor,
1047 1854 1074 1900 et
1086 1840 1191 1932 sapiens
1205 1841 1232 1898 in
1244 1841 1397 1917 fraudibus,
1407 1855 1432 1901 et
1444 1840 1473 1901 in
1486 1843 1592 1903 insidiis
1606 1845 1713 1921 varius,

146 1917 380 1995 στρατεύσασθαι,
402 1919 449 1979 καὶ
468 1922 517 1990 τῆς
530 1945 551 1979 π
562 1943 644 1988 στεως
665 1920 713 1992 τήν
730 1919 839 1993 ζήτησιν
853 1919 923 1980 κατδι
976 1933 1005 1979 et
1026 1919 1104 1982 dives
1121 1941 1149 1979 tn
1171 1921 1392 1980 machinamentis
1406 1921 1505 1981 malis:
1522 1923 1654 2003 quosdam
1667 1947 1714 2006 ap·

145 1996 195 2065 τῆς
208 1998 330 2066 πίστεως
343 1997 457 2069 ώπλισε,
472 2001 517 2060 καί
532 2008 600 2060 πᾶσι
618 2009 673 2068 τοῖς
692 2000 828 2060 stacteum
848 2002 920 2081 φιλο·
940 2001 958 2047 Β
976 1999 1081 2080 paravit
1105 2000 1152 2078 qui
1167 2000 1194 2058 in
1209 2001 1317 2080 pietatis
1330 2000 1418 2081 specie
1433 2000 1600 2078 militarent,
1614 2003 1712 2065 etdis-

144 2076 248 2137 νεικίαν
267 2078 434 2159 ψυχοφθέρον
455 2079 620 2157 ἔμάέθληκε,
634 2079 680 2140 καὶ
700 2083 747 2151 τῆς
759 2079 921 2153 Ἐκκλησίας
976 2080 1147 2157 quisitionem
1170 2079 1235 2139 lidei
1256 2094 1346 2140 contm
1363 2079 1444 2139 iidem
1457 2083 1592 2142 armavit:
1606 2083 1714 2164 piisque

144 2154 179 2215 rt
200 2156 272 2233 μέλη
289 2162 350 2216 κατ’
365 2160 489 2232 ἀλλήλων
509 2160 698 2239 ἐστράτευσεν,
712 2159 756 2219 ἵνα
769 2163 834 2240 γελᾷ
847 2164 920 2220 πλα-
975 2158 1101 2220 omnibus
1122 2159 1297 2219 contentionis
1323 2159 1476 2240 cupidinem
1499 2161 1595 2220 animae
1617 2183 1714 2223 cerru-

145 2232 193 2294 τθν
217 2237 340 2315 poene,
354 2238 460 2316 βλέπειν
476 2239 535 2306 τοὺς
557 2243 736 2320 κεχρημένους
759 2241 838 2299 αὐτοῦ
863 2248 920 2306 ταῖς
972 2242 1088 2320 ptricem
1102 2239 1204 2320 injecit,
1214 2253 1240 2297 et
1252 2238 1379 2299 Ecclesiae
1392 2239 1513 2299 membra
1527 2255 1619 2301 contra
1632 2263 1661 2302 se
1674 2244 1714 2303 in-

145 2316 255 2393 βουλαῖς
276 2318 452 2396 παιζομένους
466 2321 531 2399 παρ’
547 2322 639 2393 αὐτοῦ,
651 2319 696 2379 καλ
711 2318 854 2399 τέρποντες
868 2323 920 2378 αὐ·
975 2319 1061 2379 vicem
1080 2320 1109 2379 in
1128 2318 1184 2378 acie
1201 2320 1306 2400 posuit,
1323 2333 1353 2378 ut
1366 2318 1452 2379 risum
1466 2341 1594 2400 magnum
1607 2323 1712 2384 emitte·

142 2394 188 2453 τὸι
202 2398 232 2455 έν
251 2387 292 2465 οἷς
309 2400 369 2457 κατ’
384 2400 508 2471 ἀλλήλων
529 2401 700 2481 ἐργάζονται,
714 2400 760 2458 καὶ
773 2400 832 2460 οὐδὲ
853 2398 920 2475 μετὰ
974 2412 1034 2475 νει,
1050 2399 1146 2459 videns
1159 2419 1204 2459 eos
1226 2399 1275 2477 qni
1299 2399 1384 2479 ipsius
1397 2399 1517 2460 consiliis
1530 2414 1667 2477 uterentur
1679 2403 1713 2462 alr

142 2472 192 2545 τήν
215 2485 313 2556 πεῖραν
333 2479 385 2537 τῶν
406 2483 497 2539 κακῶν
516 2478 738 2558 ἐπιγινώσκοντας
765 2480 809 2539 τὸν
837 2480 918 2539 αἴτιον
974 2479 1032 2559 ipso
1055 2478 1162 2538 delusos
1175 2522 1184 2553 ,
1198 2499 1299 2560 perque
1312 2499 1342 2538 ea
1353 2523 1363 2555 ,
1377 2499 1437 2558 quae
1456 2493 1548 2539 contra
1570 2501 1601 2539 se
1619 2493 1714 2542 mutuo

144 2557 198 2613 τῶν
214 2560 318 2615 κακῶν.
328 2557 478 2638 Τρέψωμεν
496 2559 582 2619 τοίνυν
596 2559 666 2618 κατδι
678 2563 726 2630 τῆς
739 2565 855 2639 πονηροῦ
871 2582 919 2618 κε-
975 2561 1110 2632 lacerent,
1126 2557 1217 2638 ipsum
1229 2557 1390 2617 delectantes
1412 2572 1438 2618 et
1459 2580 1493 2618 no
1507 2574 1568 2639 post
1581 2561 1720 2621 malorum·

144 2636 233 2712 φυλῆς
242 2643 322 2696 τοῦτο
338 2637 371 2710 δή
385 2638 416 2697 τὸ
434 2639 544 2718 τερπνὸν
560 2642 649 2705 αὐτοῦ,
666 2639 712 2697 καί
725 2638 773 2710 τήν
789 2639 919 2720 εῦφροσύ-
975 2639 1084 2717 quidem
1105 2638 1300 2718 experientiam
1322 2650 1457 2698 auctorem
1468 2639 1603 2699 malorum
1615 2642 1716 2722 c'ogno·

145 2734 192 2785 νην
225 2716 307 2776 αὐτοῦ
339 2716 549 2796 μεταῦάλλωμεν
571 2721 608 2786 εἰς
632 2718 724 2789 ὀδύνην
754 2718 800 2778 καλ
828 2718 920 2785 πένθος
974 2733 1085 2780 scentes.
1103 2717 1179 2777 Nosi
1201 2717 1256 2777 itur
1277 2731 1413 2778 vertamus
1431 2733 1522 2778 contra
1536 2733 1617 2800 eaput
1630 2722 1715 2780 scele-

145 2794 368 2876 ἀπαρηγόρητον·
382 2797 542 2876 ποθήσομεν
565 2797 613 2871 πλν
630 2798 751 2878 εἰρήνην,
770 2799 802 2870 ἣν
822 2800 919 2864 ἐκεῖνος
974 2813 1064 2858 ratum
1081 2798 1109 2856 id
1125 2738 1200 2877 quod
1213 2798 1304 2879 ipsum
1324 2798 1452 2870 delcetat,
1468 2799 1580 2880 ejusque
1594 2800 1715 2860 tantiam

146 2881 233 2949 μισεῖ·
249 2874 283 2935 τὸ
304 2880 471 2956 ζυγοστατεῖν
485 2877 531 2937 καὶ
547 2878 700 2955 σταθμίζειν
711 2877 763 2944 ,τὰς
778 2877 858 2946 λέξεις
873 2883 919 2937 τοῦ
937 2886 956 2932 c
975 2893 1110 2938 mutemus
1122 2877 1149 2937 in
1163 2876 1286 2937 dolorem
1303 2892 1330 2937 et
1352 2879 1457 2938 luctum
1470 2879 1690 2939 inconsolabilem
1704 2901 1719 2939 :-

146 2952 278 3031 δόγματος
290 2956 505 3031 καταλείπωμεν·
519 2957 683 3035 παυσώμεθα
696 2963 741 3018 τοῦ
756 2957 840 3016 θελειν
853 2947 920 3017 εἶναι
973 2958 1156 3018 desideremus
1177 2978 1285 3037 pacem,
1299 2979 1381 3036 quatu
1403 2957 1461 3017 odit
1478 2959 1545 3018 ille:
1561 2958 1715 3019 desinamus

146 3034 198 3089 σῦν
218 3035 389 3095 estsexam
407 3036 574 3098 διδάσκαλοι·
589 3037 746 3115 μισήσωμεν
760 3038 791 3095 τὸ
803 3040 918 3116 λογομα-

147 3120 203 3191 χεῖν
217 3114 263 3172 ἐπὶ
280 3117 466 3196 καταστροφήν
483 3120 537 3176 τῶν
556 3117 719 3178 ἀκουόντων·
735 3117 919 3193 πιστεύσωμεν

146 3192 220 3259 irtel
235 3193 351 3273 πατέρες
372 3196 541 3274 παρέδωκαν.
556 3199 617 3256 Οὐκ
633 3196 712 3273 ε’σμὲν
731 3201 784 3256 τῶν
798 3196 920 3277 πατέρων

148 3270 308 3354 σοφώτεροι,
326 3278 374 3334 οὐκ
388 3274 468 3351 ἐσμέν
480 3281 533 3337 τῶν
553 3277 719 3335 διδασκάλων
739 3280 817 3352 ἡμῶν
838 3278 918 3355 ἀκρι-

149 3348 281 3431 θίστιρσι,
297 3354 346 3414 οὐκ
364 3353 443 3431 ἐσμέν
457 3357 510 3415 τῶν
535 3356 669 3434 ποιμένων
692 3355 831 3433 ποιμένες,
851 3356 919 3415 ἀλλὰ

148 3430 284 3510 tepidam·
295 3436 326 3493 οὖ
343 3435 480 3512 ποιμαίνει
501 3434 536 3495 el
555 3435 680 3514 πρύώατα
695 3433 754 3502 τοὺς
777 3434 919 3512 ποιμένας,

149 3510 222 3571 md
242 3511 370 3589 ποιμένες
392 3512 427 3572 τὰ
452 3513 654 3597 πρόῦατα.,Ἐν
677 3515 767 3594 εἰρήνῃΙ
791 3514 918 3585 κέκληκεν

148 3592 397 3667 ξμΙςθθεὸς,ούκ
409 3597 436 3654 ἐν
451 3596 537 3674 μάχη·
552 3599 588 3661 ώς
600 3596 758 3672 ἔκλήθημεν,
773 3592 854 3661 οὕτως
869 3598 917 3670 έμ-

974 3037 1109 3117 dogmatis
1125 3037 1205 3098 verba
1216 3038 1251 3096 ad
1265 3038 1392 3098 trutinam
1407 3039 1578 3098 examinare:
1597 3040 1715 3099 neultra

975 3118 1088 3177 velimus
1102 3115 1245 3177 doctorum
1256 3131 1408 3178 nostrorum
1422 3138 1479 3177 esse
1492 3117 1636 3178 doctores:
1651 3119 1715 3179 odio

973 3197 1122 3257 habeamus
1132 3197 1326 3257 controversias
1339 3197 1400 3257 illas
1410 3197 1445 3256 ad
1458 3196 1625 3256 audientium
1639 3219 1714 3259 ever-

974 3277 1094 3337 sionem:
1109 3276 1250 3336 credamus
1264 3291 1293 3335 ut
1306 3291 1395 3356 patres
1409 3276 1585 3336 tradiderunt.
1594 3279 1653 3337 Non
1663 3291 1711 3338 'su-

974 3377 1036 3417 mus
1050 3355 1174 3447 patribus
1195 3357 1387 3436 sapientiores,
1402 3376 1455 3415 non
1472 3376 1565 3415 sumus
1576 3357 1713 3435 magistris

974 3449 1071 3495 nestris
1084 3435 1278 3511 accuratiores,
1293 3455 1346 3493 non
1360 3455 1454 3495 sumus
1473 3448 1610 3517 pastorum
1622 3451 1713 3515 pastu·

974 3536 1035 3589 res,
1050 3515 1097 3575 sed
1109 3536 1190 3573 oves:
1206 3535 1257 3573 non
1279 3526 1391 3594 pascunt
1409 3535 1473 3573 oves
1494 3528 1611 3594 pastores
1625 3536 1710 3588 suos,

973 3593 1020 3653 sed
1036 3608 1154 3674 pastores
1167 3614 1239 3654 oves.
1256 3593 1306 3679 ,Ad
1320 3615 1412 3674 pacem
1426 3615 1475 3654 nos
1488 3593 1594 3653 vocavit
1614 3594 1689 3654 Deus
1699 3641 1715 3668 ,.

269 3717 278 3731 .
297 3672 439 3754 Φρίξιιμεν
463 3674 512 3747 τὴν
534 3675 666 3753 μυστικήν
687 3674 833 3754 τράπεζαν,
852 3677 878 3733 ἐν
900 3666 919 3753 ᾔ
937 3692 955 3738 ι)
973 3695 1026 3733 ncn
1041 3673 1074 3732 ad
1092 3675 1181 3733 rixam
1191 3696 1200 3747 ;
1215 3688 1246 3732 ut
1259 3688 1346 3747 vocati
1360 3695 1475 3747 sumus,
1490 3673 1527 3731 ita
1541 3694 1708 3737 moereamus.

149 3749 199 3807 τῶν
211 3751 341 3830 ούρανίων
353 3753 505 3833 μυστηρίων
523 3753 771 3833 μεταλαμάοίνομεν·
783 3752 820 3830 μὴ
834 3753 917 3830 γινώ-

151 3834 216 3905 γιιθα
228 3834 290 3890 καθ’
307 3835 408 3890 έαυτῶν
422 3835 598 3914 ὁμοτράπεζοι
611 3835 658 3894 καὶ
677 3834 798 3905 άλλήλών
813 3832 917 3893 ἐπίθου·

149 3908 203 3966 λοι·
216 3908 255 3985 μὴ
272 3912 385 3971 ἐνταῦθα
406 3913 568 3983 κοινωνικοὶ,
583 3914 628 3973 καί
644 3914 693 3983 ἔξω
711 3911 862 3994 φιλόνεικοι·
877 3913 915 3988 μὴ

148 3989 256 4047 ίνπαῦθα
270 3989 426 4068 ὁμόπιστοι,
440 3994 485 4052 καὶ
499 3993 548 4062 έξω
562 3992 725 4074 έτεριίφυλοι·
738 3992 781 4051 ίνα
794 3992 837 4069 μή
852 3992 915 4073 είπη

149 4065 264 4147 καὶπερὶ
276 4073 355 4146 ήμῶν
366 4074 381 4130 δ
391 4072 515 4154 Χριστός·
528 4071 605 4142 Υίοθς
618 4073 753 4153 ἐγέννησα,
762 4074 808 4131 καὶ
821 4071 915 4151 θίψωσα

150 4145 192 4205 καί
204 4147 302 4229 έθρεψα
315 4151 347 4209 έκ
359 4155 408 4223 τῆς
426 4154 492 4230 ἐμῆς
512 4152 622 4249 σαρκὸς,
638 4152 711 4213 αὐτοὶ
725 4152 753 4211 δέ
768 4176 801 4229 με
821 4152 915 4224 ἠθέτη-

150 4246 205 4286 σαν.
221 4231 305 4297 Αὗτδς
317 4228 348 4290 δέ
359 4234 374 4289 ὁ
385 4233 438 4290 τῶν
451 4232 520 4292 ὅλων
533 4232 671 4313 ὶκοπλρ,δ
685 4237 732 4303 τῆς
743 4232 847 4312 εἰρήνης
864 4232 914 4304 δη-

152 4308 284 4386 μιωργδς,
293 4309 339 4368 τὸν
352 4312 530 4392 φιλοτάραχον
540 4313 586 4372 καλ
599 4312 775 4393 φιλοπολεμον
792 4310 913 4371 διάῦολον

153 4384 177 4453 ll
198 4388 272 4461 θμῶν
295 4390 469 4450 ἀπελάσειεν·
492 4390 569 4460 αὐτὸς
593 4392 639 4451 καί
662 4400 720 4458 ταῖς
740 4390 913 4462 Ἐκκλησίαις

973 3754 1042 3813 Cum
1055 3767 1169 3812 tremore
1186 3774 1357 3812 revereamur
1379 3753 1519 3834 mysticam
1534 3772 1666 3831 mensam,
1683 3755 1710 3815 in

972 3854 1026 3911 qua
1053 3832 1198 3892 celestium
1222 3833 1414 3913 mysteriorum
1437 3832 1581 3913 participes
1595 3854 1710 3893 sumus:

971 3934 1005 3972 ne
1029 3913 1114 3971 simus
1136 3925 1228 3972 contra
1250 3933 1298 3972 nos
1324 3912 1396 3993 ipsos
1410 3933 1507 3972 mensae
1522 3927 1671 3989 consortes,
1685 3930 1711 3975 et

971 3990 1049 4052 nobis
1068 4005 1163 4051 mutuo
1182 3991 1355 4051 insidiantes:
1367 4013 1400 4050 ne
1411 3992 1457 4051 hic
1469 3993 1605 4052 communi
1620 4014 1710 4054 mensa

970 4072 1106 4147 sitientes,
1121 4085 1149 4131 et
1163 4084 1239 4130 extra
1262 4071 1329 4130 rixis
1346 4071 1432 4131 dediti
1446 4093 1453 4130 :
1467 4093 1501 4131 ne
1524 4071 1569 4132 laic
1588 4072 1709 4152 ejusdem

971 4152 1052 4226 fidei,
1066 4165 1180 4211 etextra
1192 4150 1362 4232 alienigenae:
1378 4173 1411 4211 ne
1423 4151 1457 4210 de
1471 4151 1547 4211 nobis
1569 4154 1649 4211 etiam
1665 4152 1707 4211 di·
1722 4174 1805 4218 turen,
1824 4188 1846 4220 2.

969 4246 1011 4292 cat
1023 4232 1146 4291 Christus
1158 4254 1164 4286 e
1179 4233 1273 4303 Filios
1288 4232 1366 4310 genui
1378 4244 1403 4291 et
1413 4231 1546 4289 eraltrrvi
1559 4244 1587 4290 et
1597 4236 1708 4290 enutri·
1720 4252 1759 4283 22·

970 4320 998 4372 νὶ
1008 4333 1043 4370 ex
1053 4308 1131 4371 cainc
1142 4331 1200 4369 mea
1212 4355 1222 4388 ,
1237 4317 1292 4390 ipsi
1304 4331 1377 4369 vero
1396 4323 1565 4389 spreverunt
1571 4331 1632 4369 me.
1649 4312 1709 4389 lpse

966 4405 1056 4452 autem
1069 4393 1196 4450 Servatur
1206 4389 1346 4458 omnium,
1361 4391 1435 4526 pacis
1457 4401 1570 4461 auctor,
1585 4403 1709 4449 motuum

155 4466 240 4525 ίσιτοῦ
253 4468 303 4540 τήν
317 4470 435 4548 γαλήνην
459 4471 646 4550 βραάεύσειεν,
661 4472 738 4539 αὐτὸς
752 4470 850 4544 ταύτην
864 4470 913 4542 τὴν
967 4471 1088 4548 bellique
1111 4482 1257 4529 amatorem
1281 4467 1362 4528 diabe
1375 4490 1420 4527 um
1436 4490 1450 4526 a
1472 4468 1551 4527 vobis
1570 4467 1705 4549 depellat:

155 4544 220 4624 tepla
232 4549 372 4628 τηρήσειεν
386 4552 499 4631 ἀγελην,
513 4553 590 4619 αὐτδς
607 4551 649 4611 τὸν
664 4552 815 4632 αἰγελάργην
829 4551 914 4630 φυλά-
931 4563 950 4611 F.
969 4553 1025 4632 ipse
1036 4553 1119 4610 etiam
1128 4548 1258 4611 Ecclesiis
1269 4549 1325 4607 suis
1338 4548 1559 4627 tranquillitatem
1573 4549 1707 4624 conciliet,

156 4620 228 4697 ίῑιῑν,
244 4628 381 4695 eleisum
394 4631 488 4704 εθσεῦῆ
502 4631 548 4691 καλ
562 4631 732 4713 φιλάγριστον
745 4620 822 4708 ήμῶν
838 4633 915 4708 βασι·
968 4633 1026 4712 ipse
1039 4650 1143 4690 sacrum
1163 4628 1235 4687 livine
1257 4648 1364 4718 gregem
1378 4642 1514 4689 conservet
1526 4673 1533 4699 ‚
1545 4629 1602 4709 ipsc
1622 4631 1710 4708 gregis

159 4701 202 4760 lit
213 4708 398 4786 φραιρήσειεν,
412 4711 488 4779 αὐτὸς
500 4711 691 4789 συναθροίσειεν
710 4715 747 4778 εἷς
761 4709 807 4778 τλς
821 4714 914 4769 ἑαυτοῦ
969 4709 1114 4793 praesidem
1129 4706 1283 4781 custodiat,
1304 4728 1361 4788 ipsc
1373 4708 1449 4788 pium
1462 4722 1487 4768 et
1500 4709 1602 4769 Christi
1615 4729 1710 4766 aman·

161 4784 266 4863 θίθὸρῦς
282 4787 317 4847 αδ
338 4789 499 4868 πλανώμενα
512 4791 655 4869 πράῦατα,
674 4790 717 4850 ἵνα
737 4788 846 4869 γένηται
868 4790 916 4867 μία
970 4806 1024 4851 tem
1038 4792 1228 4870 Imperatorem
1238 4801 1358 4846 nostrum
1372 4801 1497 4847 tueatur:
1513 4788 1569 4868 ipse
1582 4788 1608 4846 in
1619 4788 1709 4845 caulas

163 4861 266 4938 tolum,
290 4859 326 4934 cl<
348 4869 508 4947 ποιμήν,έν
523 4873 630 4950 Χριστῷ
651 4870 739 4943 Ἰησοῦ
762 4873 800 4951 τῷ
827 4867 918 4951 Κυρίῳ
971 4893 1033 4931 suas
1047 4882 1165 4929 errantes
1178 4888 1241 4928 oves
1255 4867 1383 5005 colliqpt‚
1402 4869 1510 4948 Utfiat
1529 4889 1619 4926 ιιιιιιιη
1633 4867 1710 4926 ovile

166 4935 304 5026 iufundit
318 4946 380 5019 δύξα
396 4951 432 5018 είς
441 4950 501 5017 τοὺς
515 4954 611 5018 αἰῶνας
624 4954 677 5010 τῶν
694 4949 807 5011 αἰώνων.
825 4948 917 5027 Ἀμήν.
972 4965 999 5010 et
1021 4972 1097 5010 unus
1120 4962 1245 5025 pastor,
1260 4947 1323 5007 inC
1344 4949 1410 5007 riste
1433 4951 1497 5008 lesu
1521 4947 1638 5005 Domino
1657 4967 1710 5005 no-

973 5044 1047 5108 stro,
1068 5028 1110 5090 cui
1125 5028 1209 5110 gloria
1221 5027 1249 5087 in
1262 5029 1358 5089 secula
1370 5031 1538 5087 secutorum.
1554 5031 1649 5086 Amen.
