3714 5970
131 418 153 489 sss
243 438 309 512 166

235 587 349 666 aliisque
369 581 444 647 vitiis
467 584 522 649 imo
547 579 693 642 sceleribus
713 579 826 641 obnoxii
848 591 938 654 erant,
952 592 979 637 et

236 678 347 761 quidem
367 696 465 756 magno
488 694 600 734 numero
624 696 631 730 ι
655 673 726 732 iuter
752 672 891 733 saeculares
914 692 979 732 vero

235 771 315 831 multi
336 783 409 830 erant
423 766 537 842 divites,
552 763 723 826 adulatorum
744 765 979 846 parasitorumque

234 865 342 944 agmine
354 861 469 933 obsessi,
485 859 532 938 qui
552 861 665 940 inopum
685 872 829 938 egestatem
848 856 919 917 nihil
934 879 980 916 cu·

233 952 323 1013 rarent
337 951 404 1012 salii
416 953 476 1011 auri
491 949 620 1032 cupidine
636 948 711 1008 ducti
732 948 820 1008 nullas
834 969 889 1008 uon
903 946 979 1007 dite·

232 1043 324 1105 scendi
338 1043 395 1103 vias
411 1041 550 1102 tenebant
561 1064 568 1098 :
581 1040 617 1102 ita
636 1053 681 1116 ut,
700 1039 772 1118 quod
791 1061 875 1121 supra
896 1039 976 1098 diee-

231 1136 338 1209 bamus,
354 1157 414 1196 cum
427 1149 505 1197 terrra
516 1146 606 1194 motus
618 1132 722 1213 ingens,
734 1132 834 1191 multos
847 1132 976 1193 scestan-

232 1227 471 1310 tinopolitanorum
488 1240 589 1285 terrore
608 1239 743 1306 correptos
762 1221 908 1303 adingam
933 1243 979 1282 ea·

231 1318 388 1402 pessendam
411 1317 578 1399 impulisset,
591 1330 622 1376 ut
638 1316 666 1375 in
680 1315 835 1397 longinquis
854 1314 976 1395 regioni-

231 1411 285 1473 hos
298 1412 361 1473 vita
381 1408 550 1469 securitatem
573 1407 626 1468 sibi
645 1421 787 1489 pararent;
803 1428 866 1466 eum
885 1420 976 1487 postea

232 1515 305 1564 metu
317 1513 436 1563 cessante
449 1497 484 1559 ad
495 1520 543 1559 sua
556 1498 737 1575 revertissent,
749 1519 777 1557 se
793 1496 874 1556 rebus
887 1496 977 1556 omni·

232 1592 285 1653 hus
304 1614 404 1655 vacuos
423 1612 481 1652 esse
499 1591 592 1651 mirati
611 1604 767 1650 sunttnam
789 1590 837 1669 qui
861 1588 890 1647 in
910 1589 978 1649 urbe

163 1754 168 1761 ¹
213 1748 217 1754 ,
234 1698 428 1758 remanserant,
438 1683 510 1742 hona
521 1681 645 1741 omnium
658 1680 809 1742 absentium
824 1679 977 1741 invaserant

232 1782 259 1837 el
278 1775 380 1859 praedia
404 1786 610 1855 occupaverant.
630 1772 761 1833 Vidimus
782 1784 872 1830 autern
894 1791 976 1852 supra

233 1867 458 1951 chrysostomum
472 1886 542 1926 anno
554 1864 613 1928 598
626 1864 724 1925 aeriter
738 1878 859 1923 orantem
871 1863 898 1922 in
912 1885 975 1938 eos,

232 1959 281 2041 qui
300 1973 422 2030 tantum,
442 1971 499 2016 mm
521 1956 682 2017 Christianis
701 1955 843 2037 iudignum
871 1955 975 2018 lacinus

231 2064 426 2136 perpetrarant.
436 2051 530 2127 Neque
545 2048 618 2109 enim
631 2048 653 2108 is
667 2063 723 2107 erat
735 2050 853 2110 Joannes
867 2061 975 2121 noster,

232 2143 281 2226 qui
293 2143 418 2223 frequens
429 2139 654 2212 concionabatur,
670 2153 700 2198 ut
717 2141 774 2200 hac
790 2152 816 2200 et
835 2140 890 2201 alia
908 2141 976 2201 vitia

231 2247 347 2309 taceret3
361 2233 408 2293 sed
429 2235 527 2291 acriter
546 2230 728 2290 insectabatur
744 2231 863 2293 diuitum
883 2230 975 2291 avari·

231 2325 314 2397 dam,
337 2324 497 2405 optimatum
520 2323 716 2403 arrogantiam,
732 2324 894 2384 seminarum
908 2325 975 2384 illu-

230 2418 328 2478 strium
343 2415 455 2491 luxum,
468 2414 616 2475 viduarum
628 2416 770 2476 mollitiem
782 2417 921 2496 vitamque
934 2418 973 2477 la·

230 2507 353 2584 sciram,
364 2506 558 2567 monachorum
570 2506 681 2588 indigna
696 2521 781 2587 gesta,
795 2530 857 2587 qua
869 2531 922 2569 non
934 2532 976 2570 se·

128 2670 142 2690 ·
230 2599 286 2661 mel
304 2599 391 2680 carpit
412 2599 439 2658 in
454 2599 629 2659 concionibus
648 2600 676 2659 in
699 2599 851 2681 Epistolam
869 2601 905 2661 ad
919 2603 974 2664 He-

232 2689 328 2751 hraeos.
340 2691 510 2769 Clericosquc
527 2705 553 2750 et
573 2691 764 2752 ecclesiasticos
786 2694 903 2754 maxime
913 2717 975 2776 per·

230 2782 395 2865 stringebat,
409 2795 473 2841 tunc
489 2783 616 2842 omuibus
628 2782 735 2844 deditos
752 2785 827 2845 vitiis
848 2800 874 2846 et
895 2788 976 2848 volu·

229 2874 360 2957 ptatibus.
384 2874 494 2934 Plebcm
516 2894 624 2953 quoque
643 2875 772 2936 acerrime
797 2879 972 2959 increpabat,

230 2964 306 3045 quod
325 2958 489 3025 circensibus
507 2978 532 3024 et
547 2965 723 3026 theatralibus
741 2969 815 3028 ludis
829 2966 932 3044 dedita,
946 2973 974 3033 iu

231 3079 262 3118 ea
281 3079 341 3137 qua
355 3078 389 3117 ex
402 3057 445 3116 his
461 3057 623 3138 spectaculis
637 3060 793 3119 oriebantur
809 3079 973 3144 crumperet.

231 3153 269 3210 At
279 3148 351 3228 qnod
368 3149 470 3208 mirum
488 3150 600 3209 sortasse
617 3149 752 3229 videatur,
770 3153 826 3213 bac
840 3153 934 3214 infima
948 3169 974 3215 et

230 3261 344 3301 numero
361 3243 448 3321 major
471 3263 534 3322 pars
553 3241 726 3317 auditorum,
741 3243 821 3303 illum
834 3268 863 3305 se
875 3247 972 3329 objur⁴

231 3347 339 3416 gantem
358 3333 536 3392 libentissime
558 3333 699 3409 audiebat,
718 3349 747 3394 ut
761 3336 897 3414 vidimus,
914 3353 974 3421 post

196 3419 200 3428 ⁴
230 3428 333 3490 Pascha
343 3427 407 3487 anni
419 3427 494 3503 589,
504 3441 531 3486 et
543 3427 583 3487 illi
602 3449 707 3510 semper
725 3429 836 3489 addicta
851 3432 901 3491 luit
911 3457 919 3508 ;
931 3447 974 3492 at-

230 3541 284 3600 quc
301 3518 529 3579 incalescentibus
546 3518 656 3579 demum
671 3520 859 3602 Chrysostomi
882 3524 975 3583 inimi·

231 3610 281 3683 cis,
295 3609 365 3669 nihil
376 3631 428 3669 non
440 3611 505 3690 egit,
517 3625 547 3670 nt
561 3632 595 3671 ne
608 3625 700 3693 pastor
718 3634 784 3672 suus
804 3615 831 3674 in
845 3615 975 3679 exsilium

231 3700 383 3783 pelleretur.

272 3795 388 3854 Joaunes
402 3813 437 3852 ex
451 3792 568 3851 Asiatico
581 3792 676 3852 itinere
684 3815 806 3855 reversus
815 3841 824 3872 ,
834 3811 975 3877 postquam

232 3903 326 3964 pacem
341 3883 440 3941 lecerat
460 3903 522 3941 cum
544 3883 703 3959 Severiano,
724 3887 869 3966 tranquille
892 3890 976 3948 vitam

232 3971 331 4033 ducere
350 3993 428 4055 posse
444 3971 598 4033 uidebatur.
616 3976 721 4035 Verum
742 3997 790 4035 nee
812 3979 897 4038 multo
915 3994 977 4061 post

232 4063 346 4145 plurimi
359 4063 505 4144 perniciem
520 4065 577 4142 ejus
596 4065 744 4125 machinati
757 4082 830 4128 sunt.
844 4070 976 4152 Primipi-

724 457 754 504 S.
782 454 922 504 ioannis
945 453 1174 506 cuntsosnottt
1201 456 1307 522 Vl'l'A,

1032 594 1155 642 sanctum
1179 581 1337 642 Pontificem
1352 577 1444 640 ascde
1466 573 1648 660 dejiciendum
1669 575 1773 639 nullam

1031 693 1084 733 non
1104 673 1257 734 machinam
1279 671 1405 736 intendit.
1421 668 1572 731 Antiochus
1594 690 1662 730 vero
1686 670 1775 730 Ptole·

1031 765 1195 842 maidis‚‘vir
1208 765 1331 847 petulans
1343 779 1369 824 ct
1382 784 1451 827 nova
1465 762 1555 823 moliri
1567 763 1689 845 cupiens,
1696 763 1772 844 jam-

1031 856 1080 919 diu
1090 873 1181 919 contra
1194 858 1419 940 Chrysostomum
1433 855 1623 915 insurrexerat.

1070 951 1192 1011 lnClero
1208 964 1298 1010 autem
1312 944 1392 1009 multi
1408 960 1500 1024 erant,
1519 946 1567 1026 qui
1585 944 1774 1028 chrysostomi

1031 1061 1084 1103 non
1105 1042 1195 1103 minus
1217 1041 1302 1102 vitam
1323 1053 1464 1110 sanctam,
1485 1051 1588 1097 arctam
1607 1050 1633 1097 et
1652 1036 1775 1119 inculpa·

1030 1149 1085 1197 tam
1093 1182 1102 1214 ,
1113 1135 1243 1211 oderant,
1256 1154 1338 1214 quam
1351 1134 1411 1213 ejus
1429 1129 1539 1191 dicendi
1558 1129 1708 1190 libertatem
1723 1175 1732 1206 ‚
1747 1145 1776 1192 et

1030 1229 1131 1288 monita
1143 1228 1215 1289 Cleri
1226 1227 1268 1287 sui
1282 1224 1358 1285 vitiis
1368 1220 1541 1284 emendandis
1554 1234 1706 1303 opportuna
1722 1240 1775 1282 ro-

1029 1319 1166 1392 lentihus,
1188 1319 1343 1399 importuna
1368 1315 1511 1376 obstinatis
1534 1329 1619 1378 erant.
1651 1314 1688 1373 lli
1708 1334 1774 1374 vero

1029 1411 1157 1493 postremi
1176 1409 1257 1490 longe
1275 1411 1377 1490 majore
1396 1429 1508 1469 numero
1526 1405 1608 1468 luere.
1628 1407 1703 1467 lnter
1722 1405 1774 1466 hos
1800 1423 1840 1466 1³21

1029 1516 1119 1564 autem
1132 1501 1187 1563 duo
1201 1500 1351 1584 presbyteri
1365 1545 1374 1576 ‚
1388 1512 1414 1559 et
1425 1498 1544 1578 quinque
1553 1496 1662 1559 diaconi
1673 1519 1773 1557 nume·
1785 1486 1825 1534 ³⁵·

1029 1608 1141 1666 rantur,
1152 1595 1200 1674 qui
1212 1591 1573 1654 vehementiusinJoannem
1586 1591 1772 1668 insurrexere,
1785 1589 1849 1634 ΑΜ

1029 1690 1053 1747 oi
1073 1686 1121 1766 pls
1133 1686 1161 1756 ἐξ
1175 1685 1339 1766 ἀκαθάρτου,
1359 1687 1384 1744 ol
1399 1683 1428 1744 dl
1442 1687 1472 1744 la
1491 1688 1642 1745 κακωτιιιοῦ
1658 1687 1772 1764 ἀριθμοῦ

1029 1778 1210 1859 συναγόμειοι.
1223 1777 1288 1837 Hac
1301 1797 1381 1860 porro
1395 1777 1477 1836 verba
1491 1776 1555 1840 suis
1574 1775 1688 1836 obscure
1702 1776 1775 1835 hanc

1029 1870 1125 1931 efferre
1138 1869 1297 1929 sententiam
1310 1868 1454 1929 videntur:
1466 1867 1527 1927 illos
1536 1887 1632 1950 nempe
1642 1888 1677 1927 ex
1683 1867 1773 1942 Clcro,

1028 1965 1076 2040 qui
1096 1976 1189 2023 contra
1210 1964 1343 2024 Joaunem
1355 1960 1520 2043 episcopum
1541 1959 1602 2021 dira
1625 1960 1773 2020 machinati

1027 2068 1107 2131 sunt,
1119 2055 1219 2136 partim
1230 2076 1265 2115 ex
1275 2074 1369 2117 eorum
1382 2073 1494 2113 numero
1505 2052 1603 2126 luisse,
1616 2053 1664 2131 qui
1679 2052 1767 2136 impu·

1027 2167 1087 2206 ram
1111 2167 1188 2206 snam
1211 2145 1296 2207 vitam
1320 2143 1355 2202 ab
1380 2143 1428 2204 illo
1446 2143 1619 2204 concionante
1645 2145 1721 2225 carpi
1745 2159 1773 2205 et

1028 2239 1171 2320 perstringi
1183 2238 1255 2299 serre
1265 2258 1319 2298 non
1331 2249 1472 2318 poterant3
1491 2235 1590 2316 partim
1608 2256 1642 2295 er
1661 2257 1755 2296 eorum
1763 2281 1772 2313 ‚

1027 2330 1124 2411 quide
1139 2345 1213 2392 tanto
1230 2345 1337 2413 pastore
1352 2329 1499 2408 malignam
1514 2341 1690 2410 conceperant
1705 2327 1770 2410 opi-

1028 2443 1148 2483 nionem.
1523 2448 1528 2456 ·

1067 2514 1112 2574 Ex
1125 2512 1300 2596 Imperatoria
1307 2512 1369 2572 aula
1389 2511 1445 2571 duo
1457 2509 1675 2573 veltrestantum
1683 2510 1775 2572 Theo·
1799 2535 1827 2578 r.

1026 2604 1104 2686 philo
1119 2619 1217 2687 presto
1237 2606 1326 2673 fuere.
1347 2625 1379 2663 ae
1401 2604 1528 2663 militaris
1546 2602 1670 2685 presidis
1692 2625 1772 2686 opem
1783 2596 1820 2642 ³⁵·

1027 2696 1080 2778 ipsi
1094 2697 1198 2775 tulere,
1219 2718 1279 2757 cnm
1300 2695 1336 2755 ad
1349 2696 1575 2778 Chrysostomum
1588 2716 1603 2754 e
1618 2696 1707 2776 gradu
1720 2696 1773 2757 de.

1022 2787 1173 2868 jicieudum
1185 2812 1292 2850 omnem
1303 2788 1421 2870 lapidem
1439 2802 1569 2848 moveret.
1586 2787 1631 2848 Ex
1646 2790 1774 2850 mulieri-

1026 2882 1079 2943 bus
1092 2904 1171 2959 vero,
1184 2884 1272 2963 inquit
1285 2881 1424 2942 Palladius
1436 2927 1443 2956 ,
1454 2895 1550 2963 preter
1560 2880 1622 2941 illas
1635 2904 1696 2962 qua
1712 2885 1773 2944 rul-

1027 2995 1062 3055 go
1078 2989 1147 3036 notae
1170 2992 1254 3052 sunt,
1270 2991 1323 3036 tres
1348 2974 1458 3048 viduae,
1476 2974 1551 3053 queis
1572 2974 1626 3034 riri
1653 2973 1773 3036 defuncti

1026 3069 1169 3150 pecuniam
1180 3069 1308 3149 grandem
1318 3089 1353 3127 ex
1361 3067 1464 3149 rapinis
1474 3080 1578 3148 partam
1592 3065 1772 3146 reliquerant,

1027 3182 1089 3221 cum
1103 3161 1168 3242 ipsae
1182 3161 1215 3220 iis
1229 3160 1257 3220 in
1278 3161 1397 3242 propria
1412 3159 1507 3218 salutis
1519 3157 1666 3240 perniciem
1677 3159 1774 3240 opibus

1026 3256 1063 3313 ad
1086 3274 1114 3313 se
1134 3273 1187 3313 non
1209 3251 1408 3334 pertinentibus
1426 3264 1587 3329 uterentur,
1608 3271 1657 3310 nee
1675 3248 1775 3312 ferrent

1026 3359 1161 3427 pastorem
1174 3367 1255 3406 suum
1266 3358 1358 3405 eontra
1372 3342 1510 3403 usurarios
1520 3389 1529 3418 ,
1539 3362 1635 3403 avaros
1646 3355 1673 3401 et
1685 3356 1775 3424 rapto

1026 3459 1069 3498 res
1081 3437 1285 3514 declamantem,
1294 3436 1429 3496 tumultus
1439 3456 1470 3494 ac
1482 3434 1619 3495 seditionis
1633 3435 1773 3517 ipsaquo-

1027 3551 1080 3610 que
1093 3552 1178 3590 causae
1191 3532 1310 3593 luerunt.
1328 3530 1414 3590 Erant
1426 3541 1516 3587 autem
1531 3525 1586 3585 itta
1598 3529 1690 3588 Marsa
1705 3528 1774 3587 Prn-

1027 3623 1093 3683 moti
1117 3645 1205 3701 uuor,
1221 3621 1352 3683 Castricia
1372 3619 1512 3682 Saturnini
1535 3620 1650 3700 conjux,
1663 3633 1691 3680 et
1712 3618 1775 3679 Eu·

1030 3713 1143 3795 graphia
1155 3713 1295 3794 quadarn,
1307 3734 1368 3792 quae
1380 3712 1489 3772 suriosae
1508 3710 1592 3771 instar
1613 3712 1720 3793 agebat.
1739 3712 1775 3773 fii

1029 3825 1120 3865 omnes
1131 3852 1140 3884 ,
1153 3821 1210 3866 tum
1223 3805 1277 3867 viri
1288 3818 1347 3864 tum
1358 3804 1506 3879 mulieres,
1518 3824 1572 3863 uua
1585 3804 1775 3886 conspirarunt

1029 3908 1060 3957 ut
1073 3898 1153 3957 illum
1169 3920 1184 3958 e
1200 3896 1286 3978 gradu
1297 3896 1456 3977 dejicerent,
1467 3896 1525 3976 ejus
1534 3894 1708 3977 disciplinam
1720 3917 1773 3956 non

1029 3992 1150 4051 ferentes.
1175 3992 1269 4070 Neque
1290 3989 1391 4048 mirum
1413 4001 1469 4062 est,
1488 4001 1626 4047 comeam
1647 3986 1775 4048 dissoluti

1029 4104 1116 4142 mores
1127 4097 1228 4160 essent,
1242 4097 1297 4142 tam
1311 4100 1398 4141 acrem
1412 4101 1548 4141 censorem
1571 4080 1698 4161 plurimis
1712 4080 1773 4144 dis·

80 4201 219 4260 ‚mmmm
234 4156 302 4216 lares
327 4170 403 4215 erant
422 4155 594 4237 Theophilus
615 4156 816 4218 Alexandrinus
828 4206 837 4237 ,
863 4165 976 4224 Aeacius

80 4247 353 4323 a101.u·tttBeroea,
380 4246 529 4307 Antiochus
556 4248 746 4325 Ptolemaidis,
769 4265 794 4308 et
816 4253 976 4317 Severianus

78 4327 221 4435 ῧᾞιεοὴ
234 4339 421 4425 Gabalorum,
435 4340 482 4419 qui
493 4362 578 4421 nuper
589 4341 713 4401 simulate
732 4363 793 4403 cum
808 4344 867 4426 ipso
883 4368 975 4428 pacem

77 4449 211 4511 corpses.
233 4430 341 4492 inierat.
350 4433 520 4515 Theophilus
534 4448 625 4492 autem
639 4435 839 4497 Alexandrinus
847 4440 909 4517 ,qui
923 4441 975 4500 sibi

78 4525 150 4557 Μ·
231 4523 305 4583 dicto
318 4524 456 4584 audientes
479 4524 580 4604 ubique
592 4526 732 4608 episcopos
751 4550 807 4588 esse
829 4531 973 4611 'eripiebam

1038 4176 1166 4236 »licuisse

1028 4197 1037 4256 1
1068 4269 1136 4340 Qua
1161 4289 1226 4328 vero
1246 4281 1340 4327 eontra
1359 4267 1437 4326 illum
1457 4265 1617 4347 jactitabant
1635 4264 1730 4325 aemuli
1749 4279 1774 4326 ct

1029 4360 1130 4420 inimici
1153 4361 1211 4440 ejus
1224 4359 1379 4441 hujusmodi
1395 4373 1488 4436 erant,
1502 4357 1575 4437 quod
1589 4358 1727 4418 neminem
1737 4358 1774 4419 ad

1029 4474 1148 4512 mensam
1162 4466 1269 4513 vocaret
1277 4498 1286 4527 ,
1302 4451 1349 4512 sed
1363 4472 1468 4533 semper
1481 4451 1556 4510 solus
1567 4448 1667 4512 ederet.
1681 4452 1776 4512 Nimi-

227 4615 287 4697 jam
310 4617 369 4696 ejus
391 4616 553 4675 ordinationi
574 4617 715 4679 obstiterat
738 4634 764 4681 et
784 4622 844 4682 loco
863 4624 976 4684 Joannis

231 4707 317 4767 nostri
341 4705 477 4767 Isidorum
503 4709 647 4786 quemdam
668 4714 696 4771 in
725 4714 975 4798 Constantinopoli·

230 4813 324 4859 unum
344 4799 500 4880 episcopum
515 4799 641 4861 inducere
665 4818 831 4880 tentaverat,
849 4824 973 4893 utsupra

230 4890 370 4963 vidimus,
397 4911 446 4949 nec
465 4889 546 4949 finem
567 4891 631 4950 fecit
651 4909 742 4974 postea
762 4900 915 4962 occasiones
932 4926 975 4963 ca·

229 4986 323 5066 ptandi
337 5001 367 5046 ut
381 4986 460 5046 illum
478 4985 566 5046 asedc
580 4986 745 5050 deturbaret.
757 4997 872 5056 Aeacius
883 5014 973 5060 autem

227 5079 275 5159 qui
296 5079 344 5138 diu
366 5080 465 5140 Beroen
485 5079 669 5161 episcopatum
695 5105 755 5144 cum
781 5086 863 5150 laude
884 5112 973 5171 gesse-

227 5182 287 5245 rat,
307 5169 377 5231 hanc
402 5170 456 5230 sibi
480 5171 617 5233 maculam
634 5173 749 5252 inussit,
769 5192 796 5238 et
820 5197 972 5245 sanctorum

224 5260 366 5322 hominum
387 5262 482 5323 odium
504 5263 531 5322 in
554 5284 582 5324 se
598 5266 742 5328 concitavit
752 5314 763 5350 ,
777 5291 842 5331 cum
863 5272 898 5334 ad
915 5289 970 5339 tam

1028 4566 1090 4603 rum
1113 4544 1177 4624 quia
1197 4566 1232 4604 ex
1254 4544 1411 4603 infirmitate
1435 4542 1584 4619 stomachi,
1610 4544 1640 4603 in
1663 4545 1777 4607 morbos

1027 4659 1099 4718 saepe
1119 4636 1237 4697 incidere
1252 4636 1370 4712 solebat,
1386 4649 1416 4695 nt
1433 4637 1533 4716 possim
1549 4636 1607 4715 jaan
1629 4635 1775 4713 vidimus3

1029 4731 1101 4792 tenui
1123 4751 1213 4789 mensa
1229 4729 1269 4788 uti
1283 4730 1405 4803 solebat,
1420 4748 1506 4806 neque
1522 4727 1595 4787 lauta
1610 4727 1664 4787 ssssi
1683 4750 1775 4811 appo—

1028 4823 1055 4883 ni
1082 4823 1182 4882 lercula
1204 4822 1373 4903 patiebatur,
1386 4819 1416 4880 id
1429 4818 1583 4902 postulante
1595 4832 1655 4880 tum
1670 4841 1775 4903 corpo-

1028 4913 1065 4972 ris
1078 4911 1190 4982 habitu‚
1204 4925 1263 4970 tom
1284 4911 1382 4991 pietate
1402 4930 1456 4987 qua
1480 4908 1614 4990 apostolos
1627 4923 1654 4968 et
1669 4909 1775 4969 Christi

1026 5003 1174 5085 discipulos
1198 5004 1321 5076 imitans,
1336 5001 1444 5062 modico
1463 5002 1587 5062 utebatur
1606 5001 1677 5063 cibo.
1694 5005 1776 5078 Qua-

1026 5110 1136 5178 propter
1160 5095 1252 5156 statim
1284 5109 1365 5175 atque
1387 5095 1423 5154 ad
1445 5093 1775 5174 constantinopolitanam

1026 5187 1115 5248 sedern
1130 5201 1236 5249 erectus
1257 5201 1314 5263 est,
1327 5187 1432 5269 amplos
1454 5184 1521 5244 tanti
1539 5185 1713 5267 episcopatus
1727 5208 1776 5248 re·

1026 5278 1102 5340 ditus
1115 5279 1142 5340 in
1158 5279 1308 5342 nosocomia
1329 5294 1355 5340 et
1374 5280 1403 5338 in
1426 5298 1577 5362 pauperum
1596 5292 1775 5342 sustentacu-
