<?xml version="1.0" encoding="UTF-8"?>
<!DOCTYPE html PUBLIC "-//W3C//DTD XHTML 1.0 Transitional//EN"
    "http://www.w3.org/TR/xhtml1/DTD/xhtml1-transitional.dtd">
<html xmlns="http://www.w3.org/1999/xhtml" xml:lang="en" lang="en">
 <head>
  <title>
</title>
<meta http-equiv="Content-Type" content="text/html;charset=utf-8" />
  <meta name='ocr-system' content='tesseract 3.04.00' />
  <meta name='ocr-capabilities' content='ocr_page ocr_carea ocr_par ocr_line ocrx_word'/>
</head>
<body>
  <div class='ocr_page' id='page_1' title='image "./sanctipatrisnos00chrygoog_0306.png"; bbox 0 0 3750 6052; ppageno 0'>
   <div class='ocr_carea' id='block_1_1' title="bbox 677 604 1092 684">
    <p class='ocr_par' dir='ltr' id='par_1_1' title="bbox 677 604 1092 684">
     <span class='ocr_line' id='line_1_1' title="bbox 677 604 1092 684; baseline 0 -14"><span class='ocrx_word' id='word_1_1' title='bbox 677 624 794 671; x_wconf 74' lang='lat' dir='ltr'><strong>secura</strong></span> <span class='ocrx_word' id='word_1_2' title='bbox 821 624 989 684; x_wconf 68' lang='lat' dir='ltr'><strong>cunnum</strong></span> <span class='ocrx_word' id='word_1_3' title='bbox 1087 604 1092 612; x_wconf 83' lang='lat'><em>&#39;</em></span> 
     </span>
    </p>
   </div>
   <div class='ocr_carea' id='block_1_2' title="bbox 1555 627 1618 696">
    <p class='ocr_par' dir='ltr' id='par_1_2' title="bbox 1555 627 1618 696">
     <span class='ocr_line' id='line_1_2' title="bbox 1555 627 1618 696; baseline -0.016 0"><span class='ocrx_word' id='word_1_4' title='bbox 1555 627 1618 696; x_wconf 79' lang='lat'><strong>277</strong></span> 
     </span>
    </p>
   </div>
   <div class='ocr_carea' id='block_1_3' title="bbox 57 745 1620 826">
    <p class='ocr_par' dir='ltr' id='par_1_3' title="bbox 57 745 1620 826">
     <span class='ocr_line' id='line_1_3' title="bbox 57 745 1620 826; baseline 0.001 -22"><span class='ocrx_word' id='word_1_5' title='bbox 57 745 206 824; x_wconf 80' lang='grc' dir='ltr'><strong>θρωπότητι</strong></span> <span class='ocrx_word' id='word_1_6' title='bbox 217 747 286 806; x_wconf 85' lang='grc' dir='ltr'><strong>κατὰ</strong></span> <span class='ocrx_word' id='word_1_7' title='bbox 298 747 385 806; x_wconf 86' lang='grc' dir='ltr'><strong>πάντα</strong></span> <span class='ocrx_word' id='word_1_8' title='bbox 397 746 478 826; x_wconf 75' lang='grc' dir='ltr'><strong>χωρὶς</strong></span> <span class='ocrx_word' id='word_1_9' title='bbox 495 745 634 826; x_wconf 86' lang='grc' dir='ltr'><strong>ἁμαρτίας.</strong></span> <span class='ocrx_word' id='word_1_10' title='bbox 645 745 692 819; x_wconf 79' lang='grc' dir='ltr'><strong>Μή</strong></span> <span class='ocrx_word' id='word_1_11' title='bbox 709 747 824 820; x_wconf 87' lang='grc' dir='ltr'><strong>ζητήση-</strong></span> <span class='ocrx_word' id='word_1_12' title='bbox 846 755 864 800; x_wconf 75' lang='lat' dir='ltr'><strong>t</strong></span> <span class='ocrx_word' id='word_1_13' title='bbox 883 761 963 817; x_wconf 84' lang='lat' dir='ltr'><strong>terra,</strong></span> <span class='ocrx_word' id='word_1_14' title='bbox 986 747 1043 804; x_wconf 90' lang='lat' dir='ltr'><strong>sine</strong></span> <span class='ocrx_word' id='word_1_15' title='bbox 1063 759 1139 826; x_wconf 85' lang='lat' dir='ltr'><strong>patre</strong></span> <span class='ocrx_word' id='word_1_16' title='bbox 1163 748 1233 805; x_wconf 91' lang='lat' dir='ltr'><strong>enirn</strong></span> <span class='ocrx_word' id='word_1_17' title='bbox 1257 747 1283 804; x_wconf 93' lang='lat' dir='ltr'><strong>in</strong></span> <span class='ocrx_word' id='word_1_18' title='bbox 1308 759 1376 804; x_wconf 84' lang='lat' dir='ltr'><strong>tenu</strong></span> <span class='ocrx_word' id='word_1_19' title='bbox 1397 760 1435 806; x_wconf 92' lang='lat' dir='ltr'><strong>est</strong></span> <span class='ocrx_word' id='word_1_20' title='bbox 1459 770 1464 804; x_wconf 93' lang='lat'>:</span> <span class='ocrx_word' id='word_1_21' title='bbox 1488 768 1520 806; x_wconf 86' lang='lat' dir='ltr'><strong>ue</strong></span> <span class='ocrx_word' id='word_1_22' title='bbox 1541 769 1620 826; x_wconf 80' lang='lat' dir='ltr'><strong>qure-</strong></span> 
     </span>
    </p>
   </div>
   <div class='ocr_carea' id='block_1_4' title="bbox 57 824 824 907">
    <p class='ocr_par' dir='ltr' id='par_1_4' title="bbox 57 824 824 907">
     <span class='ocr_line' id='line_1_4' title="bbox 57 824 824 907; baseline 0.004 -25"><span class='ocrx_word' id='word_1_23' title='bbox 57 849 86 883; x_wconf 83' lang='grc' dir='ltr'><strong>τε</strong></span> <span class='ocrx_word' id='word_1_24' title='bbox 104 831 151 897; x_wconf 71' lang='grc' dir='ltr'><strong>τῆς</strong></span> <span class='ocrx_word' id='word_1_25' title='bbox 165 825 261 905; x_wconf 80' lang='grc' dir='ltr'><strong>σαρκὸς</strong></span> <span class='ocrx_word' id='word_1_26' title='bbox 282 830 359 886; x_wconf 76' lang='grc' dir='ltr'><strong>αὐτοῦ</strong></span> <span class='ocrx_word' id='word_1_27' title='bbox 374 824 477 904; x_wconf 77' lang='grc' dir='ltr'>πατέρα</span> <span class='ocrx_word' id='word_1_28' title='bbox 498 824 542 884; x_wconf 78' lang='grc' dir='ltr'><strong>ἐπὶ</strong></span> <span class='ocrx_word' id='word_1_29' title='bbox 563 827 610 896; x_wconf 83' lang='grc' dir='ltr'><strong>τῆς</strong></span> <span class='ocrx_word' id='word_1_30' title='bbox 628 828 691 903; x_wconf 78' lang='grc' dir='ltr'><strong>γῆς,</strong></span> <span class='ocrx_word' id='word_1_31' title='bbox 712 827 824 907; x_wconf 82' lang='grc' dir='ltr'><strong>ἀπάτωρ</strong></span> 
     </span>
    </p>
   </div>
   <div class='ocr_carea' id='block_1_5' title="bbox 56 905 824 1065">
    <p class='ocr_par' dir='ltr' id='par_1_5' title="bbox 56 905 824 1065">
     <span class='ocr_line' id='line_1_5' title="bbox 56 905 824 986; baseline 0.001 -22"><span class='ocrx_word' id='word_1_32' title='bbox 56 906 108 986; x_wconf 71' lang='grc' dir='ltr'><strong>γάρ</strong></span> <span class='ocrx_word' id='word_1_33' title='bbox 123 906 212 964; x_wconf 89' lang='grc' dir='ltr'><strong>κάτω·</strong></span> <span class='ocrx_word' id='word_1_34' title='bbox 228 905 265 983; x_wconf 78' lang='grc' dir='ltr'><strong>μὴ</strong></span> <span class='ocrx_word' id='word_1_35' title='bbox 280 906 411 978; x_wconf 81' lang='grc' dir='ltr'><strong>ζητήσητε</strong></span> <span class='ocrx_word' id='word_1_36' title='bbox 432 910 478 976; x_wconf 71' lang='grc' dir='ltr'><strong>τῆς</strong></span> <span class='ocrx_word' id='word_1_37' title='bbox 492 910 613 976; x_wconf 79' lang='grc' dir='ltr'><strong>θεότητος</strong></span> <span class='ocrx_word' id='word_1_38' title='bbox 627 908 705 964; x_wconf 81' lang='grc' dir='ltr'><strong>αὐτοῦ</strong></span> <span class='ocrx_word' id='word_1_39' title='bbox 721 906 790 983; x_wconf 80' lang='grc' dir='ltr'><strong>μητά</strong></span> <span class='ocrx_word' id='word_1_40' title='bbox 807 930 824 965; x_wconf 89' lang='grc' dir='ltr'><strong>α</strong></span> 
     </span>
     <span class='ocr_line' id='line_1_6' title="bbox 56 930 808 1065; baseline 0 -21"><span class='ocrx_word' id='word_1_41' title='bbox 56 989 83 1044; x_wconf 87' lang='grc' dir='ltr'><strong>ἐν</strong></span> <span class='ocrx_word' id='word_1_42' title='bbox 97 995 151 1052; x_wconf 85' lang='grc' dir='ltr'><strong>τοῖς</strong></span> <span class='ocrx_word' id='word_1_43' title='bbox 165 989 297 1064; x_wconf 78' lang='grc' dir='ltr'><strong>οὐρανοῖς,</strong></span> <span class='ocrx_word' id='word_1_44' title='bbox 312 986 423 1063; x_wconf 80' lang='grc' dir='ltr'><strong>ἀμήτωρ</strong></span> <span class='ocrx_word' id='word_1_45' title='bbox 437 982 488 1064; x_wconf 83' lang='grc' dir='ltr'><strong>γθιρ</strong></span> <span class='ocrx_word' id='word_1_46' title='bbox 504 984 568 1042; x_wconf 85' lang='grc' dir='ltr'><strong>άνω·</strong></span> <span class='ocrx_word' id='word_1_47' title='bbox 584 983 621 1061; x_wconf 80' lang='grc' dir='ltr'><strong>μὴ</strong></span> <span class='ocrx_word' id='word_1_48' title='bbox 637 930 808 1065; x_wconf 65' lang='lat' dir='ltr'><strong>peplo-aceri</strong></span> 
     </span>
    </p>
   </div>
   <div class='ocr_carea' id='block_1_6' title="bbox 58 1009 870 1152">
    <p class='ocr_par' dir='ltr' id='par_1_6' title="bbox 58 1009 870 1152">
     <span class='ocr_line' id='line_1_7' title="bbox 810 1009 840 1044; baseline 0.067 -2"><span class='ocrx_word' id='word_1_49' title='bbox 810 1009 823 1042; x_wconf 92' lang='grc' dir='ltr'>ν</span> <span class='ocrx_word' id='word_1_50' title='bbox 836 1035 840 1044; x_wconf 96' lang='grc'>.</span> 
     </span>
     <span class='ocr_line' id='line_1_8' title="bbox 58 1063 870 1152; baseline 0.006 -32"><span class='ocrx_word' id='word_1_51' title='bbox 58 1064 169 1136; x_wconf 90' lang='grc' dir='ltr'><strong>θεότητα</strong></span> <span class='ocrx_word' id='word_1_52' title='bbox 188 1068 265 1124; x_wconf 81' lang='grc' dir='ltr'><strong>αὐτοῦ</strong></span> <span class='ocrx_word' id='word_1_53' title='bbox 279 1064 331 1124; x_wconf 81' lang='grc' dir='ltr'><strong>άπὸ</strong></span> <span class='ocrx_word' id='word_1_54' title='bbox 344 1069 391 1135; x_wconf 82' lang='grc' dir='ltr'><strong>τῆς</strong></span> <span class='ocrx_word' id='word_1_55' title='bbox 404 1063 604 1143; x_wconf 87' lang='grc' dir='ltr'><strong>ἀνθρωπότητος</strong></span> <span class='ocrx_word' id='word_1_56' title='bbox 619 1066 708 1123; x_wconf 80' lang='grc' dir='ltr'><strong>αὐτοῦ·</strong></span> <span class='ocrx_word' id='word_1_57' title='bbox 722 1063 759 1141; x_wconf 76' lang='grc' dir='ltr'><strong>μὴ</strong></span> <span class='ocrx_word' id='word_1_58' title='bbox 776 1064 823 1143; x_wconf 78' lang='grc' dir='ltr'><strong>γά·</strong></span> <span class='ocrx_word' id='word_1_59' title='bbox 833 1113 870 1152; x_wconf 59' lang='lat'><strong>23,</strong></span> 
     </span>
    </p>
   </div>
   <div class='ocr_carea' id='block_1_7' title="bbox 879 817 1623 1144">
    <p class='ocr_par' dir='ltr' id='par_1_7' title="bbox 879 817 1623 1144">
     <span class='ocr_line' id='line_1_9' title="bbox 881 817 1623 908; baseline 0.005 -24"><span class='ocrx_word' id='word_1_60' title='bbox 881 826 946 885; x_wconf 88' lang='lat' dir='ltr'><strong>ratis</strong></span> <span class='ocrx_word' id='word_1_61' title='bbox 971 817 1080 884; x_wconf 78' lang='lat' dir='ltr'><strong>deitatis</strong></span> <span class='ocrx_word' id='word_1_62' title='bbox 1103 828 1161 906; x_wconf 85' lang='lat' dir='ltr'><strong>ejus</strong></span> <span class='ocrx_word' id='word_1_63' title='bbox 1189 839 1303 885; x_wconf 89' lang='lat' dir='ltr'><strong>matrem</strong></span> <span class='ocrx_word' id='word_1_64' title='bbox 1329 826 1356 884; x_wconf 93' lang='lat' dir='ltr'><strong>in</strong></span> <span class='ocrx_word' id='word_1_65' title='bbox 1385 825 1475 898; x_wconf 79' lang='lat' dir='ltr'><strong>caelis3</strong></span> <span class='ocrx_word' id='word_1_66' title='bbox 1505 836 1623 908; x_wconf 83' lang='lat' dir='ltr'><strong>superne</strong></span> 
     </span>
     <span class='ocr_line' id='line_1_10' title="bbox 879 904 1618 987; baseline 0.005 -25"><span class='ocrx_word' id='word_1_67' title='bbox 879 905 950 963; x_wconf 90' lang='lat' dir='ltr'><strong>enim</strong></span> <span class='ocrx_word' id='word_1_68' title='bbox 966 904 1023 963; x_wconf 92' lang='lat' dir='ltr'><strong>sine</strong></span> <span class='ocrx_word' id='word_1_69' title='bbox 1041 918 1126 963; x_wconf 87' lang='lat' dir='ltr'><strong>matre</strong></span> <span class='ocrx_word' id='word_1_70' title='bbox 1142 917 1180 963; x_wconf 90' lang='lat' dir='ltr'><strong>est</strong></span> <span class='ocrx_word' id='word_1_71' title='bbox 1196 928 1203 960; x_wconf 75' lang='grc' dir='ltr'><strong>ι</strong></span> <span class='ocrx_word' id='word_1_72' title='bbox 1218 925 1251 963; x_wconf 93' lang='lat' dir='ltr'><strong>ne</strong></span> <span class='ocrx_word' id='word_1_73' title='bbox 1264 904 1393 964; x_wconf 88' lang='lat' dir='ltr'><strong>dividatis</strong></span> <span class='ocrx_word' id='word_1_74' title='bbox 1412 904 1539 966; x_wconf 75' lang='lat' dir='ltr'><strong>deitatem</strong></span> <span class='ocrx_word' id='word_1_75' title='bbox 1550 909 1618 987; x_wconf 36' lang='lat' dir='ltr'><strong>,ejus</strong></span> 
     </span>
     <span class='ocr_line' id='line_1_11' title="bbox 879 979 1618 1074; baseline 0.004 -32"><span class='ocrx_word' id='word_1_76' title='bbox 879 979 913 1043; x_wconf 87' lang='lat' dir='ltr'><strong>ab</strong></span> <span class='ocrx_word' id='word_1_77' title='bbox 927 984 984 1074; x_wconf 83' lang='lat' dir='ltr'><strong>ejus</strong></span> <span class='ocrx_word' id='word_1_78' title='bbox 995 984 1175 1042; x_wconf 89' lang='lat' dir='ltr'><strong>humanitate:</strong></span> <span class='ocrx_word' id='word_1_79' title='bbox 1185 984 1283 1043; x_wconf 89' lang='lat' dir='ltr'><strong>nesitis</strong></span> <span class='ocrx_word' id='word_1_80' title='bbox 1297 983 1506 1044; x_wconf 82' lang='lat' dir='ltr'><strong>indivisibilium</strong></span> <span class='ocrx_word' id='word_1_81' title='bbox 1518 984 1618 1045; x_wconf 78' lang='lat' dir='ltr'><strong>diviso·</strong></span> 
     </span>
     <span class='ocr_line' id='line_1_12' title="bbox 879 1063 1619 1144; baseline 0.003 -23"><span class='ocrx_word' id='word_1_82' title='bbox 879 1085 921 1122; x_wconf 88' lang='lat' dir='ltr'><strong>res</strong></span> <span class='ocrx_word' id='word_1_83' title='bbox 940 1063 1077 1144; x_wconf 80' lang='lat' dir='ltr'><strong>improbi,</strong></span> <span class='ocrx_word' id='word_1_84' title='bbox 1093 1084 1179 1142; x_wconf 91' lang='lat' dir='ltr'><strong>neque</strong></span> <span class='ocrx_word' id='word_1_85' title='bbox 1199 1063 1390 1123; x_wconf 87' lang='lat' dir='ltr'><strong>humanitatem</strong></span> <span class='ocrx_word' id='word_1_86' title='bbox 1409 1065 1467 1144; x_wconf 86' lang='lat' dir='ltr'><strong>ejus</strong></span> <span class='ocrx_word' id='word_1_87' title='bbox 1485 1086 1500 1123; x_wconf 87' lang='lat' dir='ltr'><strong>a</strong></span> <span class='ocrx_word' id='word_1_88' title='bbox 1520 1064 1619 1125; x_wconf 83' lang='lat' dir='ltr'><strong>deitate</strong></span> 
     </span>
    </p>
   </div>
   <div class='ocr_carea' id='block_1_8' title="bbox 58 1141 1617 1283">
    <p class='ocr_par' dir='ltr' id='par_1_8' title="bbox 58 1141 1617 1283">
     <span class='ocr_line' id='line_1_13' title="bbox 58 1141 1617 1283; baseline 0.003 -84"><span class='ocrx_word' id='word_1_89' title='bbox 58 1141 136 1215; x_wconf 82' lang='grc' dir='ltr'><strong>νησθε</strong></span> <span class='ocrx_word' id='word_1_90' title='bbox 152 1149 203 1203; x_wconf 84' lang='grc' dir='ltr'><strong>τῶν</strong></span> <span class='ocrx_word' id='word_1_91' title='bbox 221 1145 369 1225; x_wconf 84' lang='grc' dir='ltr'><strong>ἀμερίστων</strong></span> <span class='ocrx_word' id='word_1_92' title='bbox 383 1142 461 1202; x_wconf 79' lang='grc' dir='ltr'><strong>κακοὶ</strong></span> <span class='ocrx_word' id='word_1_93' title='bbox 478 1142 822 1243; x_wconf 48' lang='grc' dir='ltr'><strong>μερισταλ,,μηδό·διέλητι</strong></span> <span class='ocrx_word' id='word_1_94' title='bbox 842 1171 861 1215; x_wconf 61' lang='grc' dir='ltr'><strong>Α</strong></span> <span class='ocrx_word' id='word_1_95' title='bbox 880 1155 1036 1222; x_wconf 76' lang='lat' dir='ltr'><strong>segregetis,</strong></span> <span class='ocrx_word' id='word_1_96' title='bbox 1046 1156 1114 1280; x_wconf 70' lang='lat' dir='ltr'><strong>post</strong></span> <span class='ocrx_word' id='word_1_97' title='bbox 1129 1143 1256 1202; x_wconf 90' lang='lat' dir='ltr'><strong>unionem</strong></span> <span class='ocrx_word' id='word_1_98' title='bbox 1275 1145 1348 1202; x_wconf 86' lang='lat' dir='ltr'><strong>enim</strong></span> <span class='ocrx_word' id='word_1_99' title='bbox 1361 1143 1408 1201; x_wconf 89' lang='lat' dir='ltr'><strong>ilia</strong></span> <span class='ocrx_word' id='word_1_100' title='bbox 1422 1164 1470 1203; x_wconf 90' lang='lat' dir='ltr'><strong>nec</strong></span> <span class='ocrx_word' id='word_1_101' title='bbox 1483 1146 1617 1283; x_wconf 61' lang='lat' dir='ltr'><strong>seqregari</strong></span> 
     </span>
    </p>
   </div>
   <div class='ocr_carea' id='block_1_9' title="bbox 56 1222 824 2018">
    <p class='ocr_par' dir='ltr' id='par_1_9' title="bbox 56 1222 824 2018">
     <span class='ocr_line' id='line_1_14' title="bbox 57 1222 824 1305; baseline 0.004 -25"><span class='ocrx_word' id='word_1_102' title='bbox 57 1224 105 1292; x_wconf 76' lang='grc' dir='ltr'><strong>τήν</strong></span> <span class='ocrx_word' id='word_1_103' title='bbox 129 1223 320 1305; x_wconf 86' lang='grc' dir='ltr'><strong>ἀνθρωπότητα</strong></span> <span class='ocrx_word' id='word_1_104' title='bbox 341 1226 420 1283; x_wconf 75' lang='grc' dir='ltr'><strong>αὑτοῦ</strong></span> <span class='ocrx_word' id='word_1_105' title='bbox 442 1222 495 1281; x_wconf 75' lang='lat' dir='ltr'><strong>atat</strong></span> <span class='ocrx_word' id='word_1_106' title='bbox 514 1227 562 1295; x_wconf 77' lang='grc' dir='ltr'><strong>τῆς</strong></span> <span class='ocrx_word' id='word_1_107' title='bbox 587 1227 708 1295; x_wconf 91' lang='grc' dir='ltr'><strong>θεοτητος</strong></span> <span class='ocrx_word' id='word_1_108' title='bbox 731 1227 824 1283; x_wconf 75' lang='grc' dir='ltr'><strong>αὐτοῦ’.</strong></span> 
     </span>
     <span class='ocr_line' id='line_1_15' title="bbox 59 1301 822 1383; baseline 0 -23"><span class='ocrx_word' id='word_1_109' title='bbox 59 1302 203 1383; x_wconf 79' lang='grc' dir='ltr'><strong>ἀδιαίρετος</strong></span> <span class='ocrx_word' id='word_1_110' title='bbox 212 1303 263 1382; x_wconf 77' lang='grc' dir='ltr'><strong>γὰρ</strong></span> <span class='ocrx_word' id='word_1_111' title='bbox 274 1302 339 1375; x_wconf 82' lang='grc' dir='ltr'><strong>αὐτή</strong></span> <span class='ocrx_word' id='word_1_112' title='bbox 350 1303 395 1360; x_wconf 78' lang='grc' dir='ltr'><strong>καὶ</strong></span> <span class='ocrx_word' id='word_1_113' title='bbox 409 1301 556 1380; x_wconf 81' lang='grc' dir='ltr'><strong>άσύγχυτος</strong></span> <span class='ocrx_word' id='word_1_114' title='bbox 569 1302 637 1379; x_wconf 85' lang='grc' dir='ltr'><strong>μετθι</strong></span> <span class='ocrx_word' id='word_1_115' title='bbox 651 1301 699 1372; x_wconf 71' lang='grc' dir='ltr'><strong>τήν</strong></span> <span class='ocrx_word' id='word_1_116' title='bbox 714 1301 822 1362; x_wconf 72' lang='grc' dir='ltr'><strong>ἕνωσιν·</strong></span> 
     </span>
     <span class='ocr_line' id='line_1_16' title="bbox 58 1381 823 1463; baseline 0.001 -23"><span class='ocrx_word' id='word_1_117' title='bbox 58 1382 95 1457; x_wconf 77' lang='grc' dir='ltr'><strong>μή</strong></span> <span class='ocrx_word' id='word_1_118' title='bbox 106 1384 238 1462; x_wconf 84' lang='grc' dir='ltr'><strong>χωρίσητε</strong></span> <span class='ocrx_word' id='word_1_119' title='bbox 255 1383 289 1441; x_wconf 74' lang='grc' dir='ltr'><strong>τὰ</strong></span> <span class='ocrx_word' id='word_1_120' title='bbox 299 1386 336 1450; x_wconf 84' lang='grc' dir='ltr'><strong>εἰς</strong></span> <span class='ocrx_word' id='word_1_121' title='bbox 348 1382 433 1453; x_wconf 80' lang='grc' dir='ltr'><strong>αὐτὸν,</strong></span> <span class='ocrx_word' id='word_1_122' title='bbox 446 1381 514 1439; x_wconf 68' lang='lat' dir='ltr'><strong>stit</strong></span> <span class='ocrx_word' id='word_1_123' title='bbox 524 1382 670 1463; x_wconf 78' lang='grc' dir='ltr'><strong>γνωρίσατε</strong></span> <span class='ocrx_word' id='word_1_124' title='bbox 682 1381 715 1440; x_wconf 74' lang='lat' dir='ltr'><strong>sd</strong></span> <span class='ocrx_word' id='word_1_125' title='bbox 728 1385 755 1442; x_wconf 75' lang='lat' dir='ltr'><strong>lv</strong></span> <span class='ocrx_word' id='word_1_126' title='bbox 772 1384 823 1441; x_wconf 83' lang='grc' dir='ltr'><strong>αὖ·</strong></span> 
     </span>
     <span class='ocr_line' id='line_1_17' title="bbox 56 1460 823 1542; baseline 0.004 -25"><span class='ocrx_word' id='word_1_127' title='bbox 56 1466 104 1540; x_wconf 82' lang='grc' dir='ltr'><strong>τῷ·</strong></span> <span class='ocrx_word' id='word_1_128' title='bbox 119 1461 156 1539; x_wconf 77' lang='grc' dir='ltr'><strong>μή</strong></span> <span class='ocrx_word' id='word_1_129' title='bbox 171 1462 298 1535; x_wconf 76' lang='grc' dir='ltr'><strong>ποιήσητε</strong></span> <span class='ocrx_word' id='word_1_130' title='bbox 322 1460 367 1520; x_wconf 88' lang='grc' dir='ltr'><strong>δύο</strong></span> <span class='ocrx_word' id='word_1_131' title='bbox 382 1460 512 1542; x_wconf 85' lang='grc' dir='ltr'><strong>πρόσωπα</strong></span> <span class='ocrx_word' id='word_1_132' title='bbox 534 1461 565 1520; x_wconf 82' lang='grc' dir='ltr'><strong>τὸ</strong></span> <span class='ocrx_word' id='word_1_133' title='bbox 582 1461 608 1520; x_wconf 78' lang='grc' dir='ltr'><strong>ἓν</strong></span> <span class='ocrx_word' id='word_1_134' title='bbox 624 1460 764 1541; x_wconf 86' lang='grc' dir='ltr'><strong>πρόσωπον</strong></span> <span class='ocrx_word' id='word_1_135' title='bbox 777 1467 823 1520; x_wconf 82' lang='grc' dir='ltr'><strong>τοῦ</strong></span> 
     </span>
     <span class='ocr_line' id='line_1_18' title="bbox 58 1539 823 1623; baseline 0 -24"><span class='ocrx_word' id='word_1_136' title='bbox 58 1543 191 1618; x_wconf 80' lang='grc' dir='ltr'><strong>Χριστοῦ·</strong></span> <span class='ocrx_word' id='word_1_137' title='bbox 207 1542 244 1617; x_wconf 76' lang='grc' dir='ltr'><strong>μή</strong></span> <span class='ocrx_word' id='word_1_138' title='bbox 258 1540 462 1623; x_wconf 79' lang='grc' dir='ltr'><strong>χειροτονήσητε</strong></span> <span class='ocrx_word' id='word_1_139' title='bbox 481 1539 525 1600; x_wconf 84' lang='grc' dir='ltr'><strong>δύο</strong></span> <span class='ocrx_word' id='word_1_140' title='bbox 547 1551 693 1618; x_wconf 87' lang='grc' dir='ltr'><strong>μονογενεῖς</strong></span> <span class='ocrx_word' id='word_1_141' title='bbox 715 1541 759 1600; x_wconf 83' lang='grc' dir='ltr'><strong>τὸν</strong></span> <span class='ocrx_word' id='word_1_142' title='bbox 778 1541 823 1600; x_wconf 72' lang='grc' dir='ltr'><strong>ἕνα</strong></span> 
     </span>
     <span class='ocr_line' id='line_1_19' title="bbox 58 1620 824 1698; baseline 0.003 -21"><span class='ocrx_word' id='word_1_143' title='bbox 58 1623 202 1697; x_wconf 79' lang='grc' dir='ltr'><strong>Μονογενῆ·</strong></span> <span class='ocrx_word' id='word_1_144' title='bbox 215 1621 252 1698; x_wconf 78' lang='grc' dir='ltr'><strong>μή</strong></span> <span class='ocrx_word' id='word_1_145' title='bbox 270 1621 384 1694; x_wconf 86' lang='grc' dir='ltr'><strong>στήσητε</strong></span> <span class='ocrx_word' id='word_1_146' title='bbox 406 1620 536 1697; x_wconf 81' lang='grc' dir='ltr'><strong>άναμάρος</strong></span> <span class='ocrx_word' id='word_1_147' title='bbox 548 1620 592 1680; x_wconf 82' lang='grc' dir='ltr'><strong>τόν</strong></span> <span class='ocrx_word' id='word_1_148' title='bbox 607 1621 670 1696; x_wconf 82' lang='grc' dir='ltr'><strong>ἐμόν</strong></span> <span class='ocrx_word' id='word_1_149' title='bbox 682 1620 763 1695; x_wconf 66' lang='lat' dir='ltr'><strong>rtis,</strong></span> <span class='ocrx_word' id='word_1_150' title='bbox 778 1620 824 1680; x_wconf 78' lang='grc' dir='ltr'><strong>καὶ</strong></span> 
     </span>
     <span class='ocr_line' id='line_1_20' title="bbox 57 1699 823 1780; baseline 0.003 -23"><span class='ocrx_word' id='word_1_151' title='bbox 57 1699 186 1779; x_wconf 82' lang='grc' dir='ltr'><strong>ἀναμέρος</strong></span> <span class='ocrx_word' id='word_1_152' title='bbox 203 1701 233 1759; x_wconf 85' lang='grc' dir='ltr'><strong>τθ</strong></span> <span class='ocrx_word' id='word_1_153' title='bbox 246 1700 343 1780; x_wconf 74' lang='grc' dir='ltr'><strong>ληφθὲν</strong></span> <span class='ocrx_word' id='word_1_154' title='bbox 356 1703 420 1780; x_wconf 89' lang='grc' dir='ltr'><strong>παρ’</strong></span> <span class='ocrx_word' id='word_1_155' title='bbox 436 1702 525 1759; x_wconf 80' lang='grc' dir='ltr'><strong>αὐτοῦ·</strong></span> <span class='ocrx_word' id='word_1_156' title='bbox 542 1700 579 1778; x_wconf 78' lang='grc' dir='ltr'><strong>μὴ</strong></span> <span class='ocrx_word' id='word_1_157' title='bbox 593 1699 745 1777; x_wconf 80' lang='grc' dir='ltr'><strong>τολμήσητε</strong></span> <span class='ocrx_word' id='word_1_158' title='bbox 767 1701 823 1760; x_wconf 82' lang='grc' dir='ltr'><strong>διε-</strong></span> 
     </span>
     <span class='ocr_line' id='line_1_21' title="bbox 56 1778 822 1859; baseline 0.004 -23"><span class='ocrx_word' id='word_1_159' title='bbox 56 1780 111 1837; x_wconf 88' lang='grc' dir='ltr'><strong>λεῖν</strong></span> <span class='ocrx_word' id='word_1_160' title='bbox 133 1779 182 1849; x_wconf 77' lang='grc' dir='ltr'><strong>τήν</strong></span> <span class='ocrx_word' id='word_1_161' title='bbox 206 1779 353 1859; x_wconf 65' lang='grc' dir='ltr'><strong>άσύγγυτον</strong></span> <span class='ocrx_word' id='word_1_162' title='bbox 375 1779 484 1850; x_wconf 76' lang='grc' dir='ltr'><strong>ἕνωσιν,</strong></span> <span class='ocrx_word' id='word_1_163' title='bbox 502 1778 534 1849; x_wconf 77' lang='grc' dir='ltr'><strong>ἣν</strong></span> <span class='ocrx_word' id='word_1_164' title='bbox 555 1783 665 1850; x_wconf 77' lang='grc' dir='ltr'>λυθῆναι</span> <span class='ocrx_word' id='word_1_165' title='bbox 686 1779 822 1839; x_wconf 78' lang='grc' dir='ltr'><strong>ἀδύνατον·</strong></span> 
     </span>
     <span class='ocr_line' id='line_1_22' title="bbox 58 1857 823 1940; baseline 0.003 -24"><span class='ocrx_word' id='word_1_166' title='bbox 58 1858 126 1935; x_wconf 85' lang='grc' dir='ltr'><strong>μήτε</strong></span> <span class='ocrx_word' id='word_1_167' title='bbox 140 1857 209 1919; x_wconf 81' lang='grc' dir='ltr'><strong>θεὸν</strong></span> <span class='ocrx_word' id='word_1_168' title='bbox 223 1860 336 1938; x_wconf 86' lang='grc' dir='ltr'><strong>γυμνὸν,</strong></span> <span class='ocrx_word' id='word_1_169' title='bbox 355 1859 422 1936; x_wconf 88' lang='grc' dir='ltr'><strong>μήτε</strong></span> <span class='ocrx_word' id='word_1_170' title='bbox 442 1858 519 1939; x_wconf 77' lang='grc' dir='ltr'><strong>ψιλὸν</strong></span> <span class='ocrx_word' id='word_1_171' title='bbox 538 1859 675 1940; x_wconf 80' lang='grc' dir='ltr'><strong>ἄνθρωπον</strong></span> <span class='ocrx_word' id='word_1_172' title='bbox 689 1858 823 1923; x_wconf 53' lang='grc' dir='ltr'><strong>ὑποπτεύτ</strong></span> 
     </span>
     <span class='ocr_line' id='line_1_23' title="bbox 56 1935 824 2018; baseline 0.001 -22"><span class='ocrx_word' id='word_1_173' title='bbox 56 1961 120 2010; x_wconf 86' lang='grc' dir='ltr'><strong>σητε</strong></span> <span class='ocrx_word' id='word_1_174' title='bbox 142 1938 187 1998; x_wconf 82' lang='grc' dir='ltr'><strong>τὸν</strong></span> <span class='ocrx_word' id='word_1_175' title='bbox 211 1938 449 2018; x_wconf 76' lang='grc' dir='ltr'><strong>ἔνανθρωπήσαντα</strong></span> <span class='ocrx_word' id='word_1_176' title='bbox 465 1937 579 2015; x_wconf 79' lang='grc' dir='ltr'><strong>Κύριον,</strong></span> <span class='ocrx_word' id='word_1_177' title='bbox 598 1935 666 1998; x_wconf 86' lang='grc' dir='ltr'><strong>άλλθι</strong></span> <span class='ocrx_word' id='word_1_178' title='bbox 684 1940 753 1999; x_wconf 83' lang='grc' dir='ltr'><strong>Θεὸν</strong></span> <span class='ocrx_word' id='word_1_179' title='bbox 767 1939 824 2016; x_wconf 80' lang='grc' dir='ltr'><strong>ἅμα</strong></span> 
     </span>
    </p>
   </div>
   <div class='ocr_carea' id='block_1_10' title="bbox 878 1218 1619 2011">
    <p class='ocr_par' dir='ltr' id='par_1_10' title="bbox 878 1218 1619 2011">
     <span class='ocr_line' id='line_1_24' title="bbox 881 1218 1617 1304; baseline 0.004 -24"><span class='ocrx_word' id='word_1_180' title='bbox 881 1243 928 1281; x_wconf 91' lang='lat' dir='ltr'><strong>nec</strong></span> <span class='ocrx_word' id='word_1_181' title='bbox 946 1222 1043 1281; x_wconf 85' lang='lat' dir='ltr'><strong>coufuu</strong></span> <span class='ocrx_word' id='word_1_182' title='bbox 1066 1243 1074 1280; x_wconf 90' lang='grc' dir='ltr'><strong>ι</strong></span> <span class='ocrx_word' id='word_1_183' title='bbox 1097 1218 1198 1304; x_wconf 81' lang='lat' dir='ltr'><strong>potesl:</strong></span> <span class='ocrx_word' id='word_1_184' title='bbox 1215 1241 1249 1280; x_wconf 92' lang='lat' dir='ltr'><strong>ne</strong></span> <span class='ocrx_word' id='word_1_185' title='bbox 1266 1225 1394 1303; x_wconf 89' lang='lat' dir='ltr'><strong>separetis</strong></span> <span class='ocrx_word' id='word_1_186' title='bbox 1410 1243 1469 1300; x_wconf 83' lang='lat' dir='ltr'><strong>quae</strong></span> <span class='ocrx_word' id='word_1_187' title='bbox 1489 1246 1502 1282; x_wconf 85' lang='lat' dir='ltr'><strong>a</strong></span> <span class='ocrx_word' id='word_1_188' title='bbox 1538 1225 1617 1283; x_wconf 86' lang='lat' dir='ltr'><strong>illum</strong></span> 
     </span>
     <span class='ocr_line' id='line_1_25' title="bbox 880 1300 1616 1381; baseline 0.004 -21"><span class='ocrx_word' id='word_1_189' title='bbox 880 1301 1013 1381; x_wconf 87' lang='lat' dir='ltr'><strong>pertinent</strong></span> <span class='ocrx_word' id='word_1_190' title='bbox 1019 1345 1028 1376; x_wconf 99' lang='lat'><strong>,</strong></span> <span class='ocrx_word' id='word_1_191' title='bbox 1041 1300 1088 1361; x_wconf 86' lang='lat' dir='ltr'><strong>sed</strong></span> <span class='ocrx_word' id='word_1_192' title='bbox 1102 1323 1160 1380; x_wconf 83' lang='lat' dir='ltr'><strong>quae</strong></span> <span class='ocrx_word' id='word_1_193' title='bbox 1175 1301 1201 1359; x_wconf 94' lang='lat' dir='ltr'><strong>in</strong></span> <span class='ocrx_word' id='word_1_194' title='bbox 1218 1301 1265 1361; x_wconf 93' lang='lat' dir='ltr'><strong>illo</strong></span> <span class='ocrx_word' id='word_1_195' title='bbox 1283 1314 1345 1361; x_wconf 88' lang='lat' dir='ltr'><strong>sunt</strong></span> <span class='ocrx_word' id='word_1_196' title='bbox 1364 1303 1519 1381; x_wconf 84' lang='lat' dir='ltr'><strong>agnoscite:</strong></span> <span class='ocrx_word' id='word_1_197' title='bbox 1535 1324 1616 1363; x_wconf 79' lang='lat' dir='ltr'><strong>sinam</strong></span> 
     </span>
     <span class='ocr_line' id='line_1_26' title="bbox 879 1379 1618 1462; baseline 0.004 -23"><span class='ocrx_word' id='word_1_198' title='bbox 879 1381 980 1440; x_wconf 84' lang='lat' dir='ltr'><strong>Christi</strong></span> <span class='ocrx_word' id='word_1_199' title='bbox 996 1402 1136 1461; x_wconf 86' lang='lat' dir='ltr'><strong>personam</strong></span> <span class='ocrx_word' id='word_1_200' title='bbox 1156 1380 1224 1440; x_wconf 90' lang='lat' dir='ltr'><strong>duas</strong></span> <span class='ocrx_word' id='word_1_201' title='bbox 1249 1402 1301 1440; x_wconf 92' lang='lat' dir='ltr'><strong>non</strong></span> <span class='ocrx_word' id='word_1_202' title='bbox 1325 1379 1404 1441; x_wconf 83' lang='lat' dir='ltr'><strong>facite</strong></span> <span class='ocrx_word' id='word_1_203' title='bbox 1426 1403 1570 1462; x_wconf 78' lang='lat' dir='ltr'><strong>personas,</strong></span> <span class='ocrx_word' id='word_1_204' title='bbox 1584 1404 1618 1442; x_wconf 93' lang='lat' dir='ltr'><strong>ne</strong></span> 
     </span>
     <span class='ocr_line' id='line_1_27' title="bbox 878 1459 1615 1542; baseline 0 -23"><span class='ocrx_word' id='word_1_205' title='bbox 878 1459 1045 1519; x_wconf 88' lang='lat' dir='ltr'><strong>constituatis</strong></span> <span class='ocrx_word' id='word_1_206' title='bbox 1063 1462 1131 1520; x_wconf 91' lang='lat' dir='ltr'><strong>duos</strong></span> <span class='ocrx_word' id='word_1_207' title='bbox 1154 1460 1304 1538; x_wconf 71' lang='lat' dir='ltr'><strong>unigenitos</strong></span> <span class='ocrx_word' id='word_1_208' title='bbox 1325 1482 1359 1519; x_wconf 86' lang='lat' dir='ltr'><strong>ex</strong></span> <span class='ocrx_word' id='word_1_209' title='bbox 1380 1481 1434 1520; x_wconf 93' lang='lat' dir='ltr'><strong>nno</strong></span> <span class='ocrx_word' id='word_1_210' title='bbox 1450 1463 1615 1542; x_wconf 80' lang='lat' dir='ltr'><strong>Unigenito:</strong></span> 
     </span>
     <span class='ocr_line' id='line_1_28' title="bbox 878 1539 1617 1621; baseline 0.003 -24"><span class='ocrx_word' id='word_1_211' title='bbox 878 1560 911 1598; x_wconf 90' lang='lat' dir='ltr'><strong>ue</strong></span> <span class='ocrx_word' id='word_1_212' title='bbox 923 1540 1067 1620; x_wconf 79' lang='lat' dir='ltr'><strong>separatim</strong></span> <span class='ocrx_word' id='word_1_213' title='bbox 1081 1541 1185 1621; x_wconf 89' lang='lat' dir='ltr'><strong>ponatis</strong></span> <span class='ocrx_word' id='word_1_214' title='bbox 1199 1539 1300 1600; x_wconf 84' lang='lat' dir='ltr'><strong>Filium</strong></span> <span class='ocrx_word' id='word_1_215' title='bbox 1315 1561 1420 1610; x_wconf 90' lang='lat' dir='ltr'><strong>meum,</strong></span> <span class='ocrx_word' id='word_1_216' title='bbox 1433 1554 1460 1599; x_wconf 93' lang='lat' dir='ltr'><strong>et</strong></span> <span class='ocrx_word' id='word_1_217' title='bbox 1474 1562 1501 1600; x_wconf 91' lang='lat' dir='ltr'><strong>se</strong></span> <span class='ocrx_word' id='word_1_218' title='bbox 1520 1543 1617 1600; x_wconf 80' lang='lat' dir='ltr'><strong>anatim</strong></span> 
     </span>
     <span class='ocr_line' id='line_1_29' title="bbox 878 1617 1618 1698; baseline 0.007 -22"><span class='ocrx_word' id='word_1_219' title='bbox 878 1617 951 1697; x_wconf 91' lang='lat' dir='ltr'><strong>quod</strong></span> <span class='ocrx_word' id='word_1_220' title='bbox 966 1619 1001 1678; x_wconf 90' lang='lat' dir='ltr'><strong>ab</strong></span> <span class='ocrx_word' id='word_1_221' title='bbox 1017 1620 1063 1679; x_wconf 92' lang='lat' dir='ltr'><strong>illo</strong></span> <span class='ocrx_word' id='word_1_222' title='bbox 1077 1630 1225 1679; x_wconf 83' lang='lat' dir='ltr'><strong>assumtum</strong></span> <span class='ocrx_word' id='word_1_223' title='bbox 1238 1635 1296 1679; x_wconf 90' lang='lat' dir='ltr'><strong>est:</strong></span> <span class='ocrx_word' id='word_1_224' title='bbox 1310 1641 1344 1680; x_wconf 91' lang='lat' dir='ltr'><strong>ne</strong></span> <span class='ocrx_word' id='word_1_225' title='bbox 1358 1618 1477 1698; x_wconf 81' lang='lat' dir='ltr'><strong>audeatis</strong></span> <span class='ocrx_word' id='word_1_226' title='bbox 1516 1621 1618 1681; x_wconf 77' lang='lat' dir='ltr'><strong>&#39;ridere</strong></span> 
     </span>
     <span class='ocr_line' id='line_1_30' title="bbox 879 1698 1615 1778; baseline 0.004 -22"><span class='ocrx_word' id='word_1_227' title='bbox 879 1699 1004 1759; x_wconf 90' lang='lat' dir='ltr'><strong>unionem</strong></span> <span class='ocrx_word' id='word_1_228' title='bbox 1020 1719 1073 1758; x_wconf 91' lang='lat' dir='ltr'><strong>non</strong></span> <span class='ocrx_word' id='word_1_229' title='bbox 1088 1698 1319 1773; x_wconf 86' lang='lat' dir='ltr'><strong>confundendam,</strong></span> <span class='ocrx_word' id='word_1_230' title='bbox 1334 1702 1414 1778; x_wconf 85' lang='lat' dir='ltr'><strong>quain</strong></span> <span class='ocrx_word' id='word_1_231' title='bbox 1431 1699 1544 1760; x_wconf 86' lang='lat' dir='ltr'><strong>dissolvi</strong></span> <span class='ocrx_word' id='word_1_232' title='bbox 1562 1703 1615 1759; x_wconf 90' lang='lat' dir='ltr'><strong>im-</strong></span> 
     </span>
     <span class='ocr_line' id='line_1_31' title="bbox 879 1778 1618 1859; baseline 0.004 -23"><span class='ocrx_word' id='word_1_233' title='bbox 879 1779 1008 1858; x_wconf 90' lang='lat' dir='ltr'><strong>possibile</strong></span> <span class='ocrx_word' id='word_1_234' title='bbox 1020 1793 1077 1850; x_wconf 90' lang='lat' dir='ltr'><strong>est,</strong></span> <span class='ocrx_word' id='word_1_235' title='bbox 1102 1801 1189 1858; x_wconf 90' lang='lat' dir='ltr'><strong>neque</strong></span> <span class='ocrx_word' id='word_1_236' title='bbox 1208 1778 1313 1839; x_wconf 89' lang='lat' dir='ltr'><strong>undum</strong></span> <span class='ocrx_word' id='word_1_237' title='bbox 1332 1781 1440 1855; x_wconf 89' lang='lat' dir='ltr'><strong>Deum,</strong></span> <span class='ocrx_word' id='word_1_238' title='bbox 1455 1790 1539 1859; x_wconf 84' lang='lat' dir='ltr'><strong>neque</strong></span> <span class='ocrx_word' id='word_1_239' title='bbox 1548 1781 1618 1839; x_wconf 87' lang='lat' dir='ltr'><strong>sirn-</strong></span> 
     </span>
     <span class='ocr_line' id='line_1_32' title="bbox 899 1857 1617 1940; baseline 0.006 -24"><span class='ocrx_word' id='word_1_240' title='bbox 899 1858 977 1917; x_wconf 91' lang='lat' dir='ltr'><strong>licem</strong></span> <span class='ocrx_word' id='word_1_241' title='bbox 1001 1857 1137 1936; x_wconf 83' lang='lat' dir='ltr'><strong>bominem</strong></span> <span class='ocrx_word' id='word_1_242' title='bbox 1165 1879 1221 1918; x_wconf 87' lang='lat' dir='ltr'><strong>esse</strong></span> <span class='ocrx_word' id='word_1_243' title='bbox 1252 1857 1425 1940; x_wconf 89' lang='lat' dir='ltr'><strong>suspicemini</strong></span> <span class='ocrx_word' id='word_1_244' title='bbox 1450 1860 1617 1920; x_wconf 89' lang='lat' dir='ltr'><strong>incarnatum</strong></span> 
     </span>
     <span class='ocr_line' id='line_1_33' title="bbox 878 1879 1619 2011; baseline 0.004 -15"><span class='ocrx_word' id='word_1_245' title='bbox 878 1879 1096 2011; x_wconf 74' lang='lat' dir='ltr'><strong>llominum3sed</strong></span> <span class='ocrx_word' id='word_1_246' title='bbox 1111 1940 1197 1996; x_wconf 88' lang='lat' dir='ltr'><strong>Deum</strong></span> <span class='ocrx_word' id='word_1_247' title='bbox 1212 1938 1332 1998; x_wconf 90' lang='lat' dir='ltr'><strong>simulet</strong></span> <span class='ocrx_word' id='word_1_248' title='bbox 1347 1939 1481 1998; x_wconf 89' lang='lat' dir='ltr'><strong>bominem</strong></span> <span class='ocrx_word' id='word_1_249' title='bbox 1495 1961 1551 1999; x_wconf 90' lang='lat' dir='ltr'><strong>esse</strong></span> <span class='ocrx_word' id='word_1_250' title='bbox 1563 1960 1619 2000; x_wconf 87' lang='lat' dir='ltr'><strong>cre·</strong></span> 
     </span>
    </p>
   </div>
   <div class='ocr_carea' id='block_1_11' title="bbox 57 2016 1616 2098">
    <p class='ocr_par' dir='ltr' id='par_1_11' title="bbox 57 2016 1616 2098">
     <span class='ocr_line' id='line_1_34' title="bbox 57 2016 1616 2098; baseline 0.002 -23"><span class='ocrx_word' id='word_1_251' title='bbox 57 2018 102 2076; x_wconf 76' lang='lat' dir='ltr'><strong>sal</strong></span> <span class='ocrx_word' id='word_1_252' title='bbox 117 2019 253 2098; x_wconf 74' lang='lat' dir='ltr'><strong>uiuiparos</strong></span> <span class='ocrx_word' id='word_1_253' title='bbox 265 2018 439 2092; x_wconf 80' lang='grc' dir='ltr'><strong>πιστεύσατε,</strong></span> <span class='ocrx_word' id='word_1_254' title='bbox 451 2017 494 2076; x_wconf 83' lang='grc' dir='ltr'><strong>τὸν</strong></span> <span class='ocrx_word' id='word_1_255' title='bbox 506 2018 635 2077; x_wconf 73' lang='lat' dir='ltr'><strong>sirivalai</strong></span> <span class='ocrx_word' id='word_1_256' title='bbox 650 2017 761 2095; x_wconf 77' lang='grc' dir='ltr'><strong>μένοντα</strong></span> <span class='ocrx_word' id='word_1_257' title='bbox 773 2019 823 2077; x_wconf 86' lang='grc' dir='ltr'><strong>άν-</strong></span> <span class='ocrx_word' id='word_1_258' title='bbox 842 2018 862 2069; x_wconf 80' lang='grc' dir='ltr'><strong>Β</strong></span> <span class='ocrx_word' id='word_1_259' title='bbox 878 2016 949 2076; x_wconf 89' lang='lat' dir='ltr'><strong>datis</strong></span> <span class='ocrx_word' id='word_1_260' title='bbox 969 2017 1106 2092; x_wconf 90' lang='lat' dir='ltr'><strong>eumdem,</strong></span> <span class='ocrx_word' id='word_1_261' title='bbox 1129 2038 1234 2098; x_wconf 89' lang='lat' dir='ltr'><strong>semper</strong></span> <span class='ocrx_word' id='word_1_262' title='bbox 1255 2017 1391 2077; x_wconf 86' lang='lat' dir='ltr'><strong>hominem</strong></span> <span class='ocrx_word' id='word_1_263' title='bbox 1415 2032 1563 2078; x_wconf 89' lang='lat' dir='ltr'><strong>manentem</strong></span> <span class='ocrx_word' id='word_1_264' title='bbox 1590 2033 1616 2079; x_wconf 92' lang='lat' dir='ltr'><strong>et</strong></span> 
     </span>
    </p>
   </div>
   <div class='ocr_carea' id='block_1_12' title="bbox 56 2096 825 2891">
    <p class='ocr_par' dir='ltr' id='par_1_12' title="bbox 56 2096 825 2891">
     <span class='ocr_line' id='line_1_35' title="bbox 56 2096 824 2176; baseline 0 -22"><span class='ocrx_word' id='word_1_265' title='bbox 56 2103 170 2176; x_wconf 91' lang='grc' dir='ltr'><strong>θρωπον,</strong></span> <span class='ocrx_word' id='word_1_266' title='bbox 179 2098 224 2156; x_wconf 82' lang='grc' dir='ltr'><strong>καὶ</strong></span> <span class='ocrx_word' id='word_1_267' title='bbox 234 2099 285 2176; x_wconf 81' lang='grc' dir='ltr'><strong>πρὸ</strong></span> <span class='ocrx_word' id='word_1_268' title='bbox 298 2098 360 2156; x_wconf 85' lang='grc' dir='ltr'><strong>ὄντα</strong></span> <span class='ocrx_word' id='word_1_269' title='bbox 375 2097 453 2157; x_wconf 83' lang='grc' dir='ltr'><strong>Θεόν·</strong></span> <span class='ocrx_word' id='word_1_270' title='bbox 461 2099 508 2156; x_wconf 81' lang='grc' dir='ltr'><strong>οὐκ</strong></span> <span class='ocrx_word' id='word_1_271' title='bbox 519 2096 589 2165; x_wconf 65' lang='lat' dir='ltr'><strong>llari</strong></span> <span class='ocrx_word' id='word_1_272' title='bbox 602 2097 665 2156; x_wconf 84' lang='grc' dir='ltr'><strong>ὄντα</strong></span> <span class='ocrx_word' id='word_1_273' title='bbox 678 2096 724 2157; x_wconf 85' lang='grc' dir='ltr'><strong>άνθ</strong></span> <span class='ocrx_word' id='word_1_274' title='bbox 765 2120 824 2174; x_wconf 81' lang='grc' dir='ltr'><strong>πον,</strong></span> 
     </span>
     <span class='ocr_line' id='line_1_36' title="bbox 57 2168 825 2258; baseline 0.003 -24"><span class='ocrx_word' id='word_1_275' title='bbox 57 2176 84 2244; x_wconf 79' lang='grc' dir='ltr'><strong>ἐξ</strong></span> <span class='ocrx_word' id='word_1_276' title='bbox 97 2177 195 2237; x_wconf 77' lang='grc' dir='ltr'><strong>ἰκεθνου</strong></span> <span class='ocrx_word' id='word_1_277' title='bbox 209 2175 237 2234; x_wconf 76' lang='grc' dir='ltr'><strong>δὲ</strong></span> <span class='ocrx_word' id='word_1_278' title='bbox 256 2177 319 2236; x_wconf 81' lang='grc' dir='ltr'><strong>ὄντα</strong></span> <span class='ocrx_word' id='word_1_279' title='bbox 332 2177 377 2235; x_wconf 77' lang='grc' dir='ltr'><strong>καλ</strong></span> <span class='ocrx_word' id='word_1_280' title='bbox 391 2176 528 2254; x_wconf 86' lang='grc' dir='ltr'><strong>γενόμενον</strong></span> <span class='ocrx_word' id='word_1_281' title='bbox 542 2176 715 2256; x_wconf 81' lang='grc' dir='ltr'><strong>άνθρωπον,ἐ</strong></span> <span class='ocrx_word' id='word_1_282' title='bbox 743 2168 825 2258; x_wconf 77' lang='grc' dir='ltr'><strong>οθπερ</strong></span> 
     </span>
     <span class='ocr_line' id='line_1_37' title="bbox 57 2255 824 2337; baseline 0.001 -21"><span class='ocrx_word' id='word_1_283' title='bbox 57 2256 170 2327; x_wconf 84' lang='grc' dir='ltr'><strong>θελήσας</strong></span> <span class='ocrx_word' id='word_1_284' title='bbox 195 2256 338 2315; x_wconf 67' lang='grc' dir='ltr'><strong>ἐπελάθετο</strong></span> <span class='ocrx_word' id='word_1_285' title='bbox 364 2263 410 2316; x_wconf 78' lang='grc' dir='ltr'><strong>τοῦ</strong></span> <span class='ocrx_word' id='word_1_286' title='bbox 436 2256 588 2337; x_wconf 78' lang='grc' dir='ltr'><strong>σπέρματος</strong></span> <span class='ocrx_word' id='word_1_287' title='bbox 610 2255 741 2335; x_wconf 77' lang='grc' dir='ltr'><strong>Ἀύραάμ.</strong></span> <span class='ocrx_word' id='word_1_288' title='bbox 767 2256 824 2317; x_wconf 78' lang='grc' dir='ltr'><strong>Κθν</strong></span> 
     </span>
     <span class='ocr_line' id='line_1_38' title="bbox 57 2333 823 2416; baseline 0.003 -24"><span class='ocrx_word' id='word_1_289' title='bbox 57 2336 131 2405; x_wconf 73' lang='grc' dir='ltr'><strong>ἴδητε</strong></span> <span class='ocrx_word' id='word_1_290' title='bbox 146 2339 236 2394; x_wconf 78' lang='grc' dir='ltr'><strong>τοῦτον</strong></span> <span class='ocrx_word' id='word_1_291' title='bbox 255 2335 300 2394; x_wconf 85' lang='grc' dir='ltr'><strong>τὸν</strong></span> <span class='ocrx_word' id='word_1_292' title='bbox 317 2334 379 2411; x_wconf 81' lang='grc' dir='ltr'><strong>ἐμὸν</strong></span> <span class='ocrx_word' id='word_1_293' title='bbox 393 2333 457 2394; x_wconf 73' lang='grc' dir='ltr'><strong>Υἱθν</strong></span> <span class='ocrx_word' id='word_1_294' title='bbox 473 2340 619 2406; x_wconf 83' lang='grc' dir='ltr'><strong>πεινῶντα,</strong></span> <span class='ocrx_word' id='word_1_295' title='bbox 631 2334 648 2407; x_wconf 70' lang='grc' dir='ltr'>ἢ</span> <span class='ocrx_word' id='word_1_296' title='bbox 662 2336 792 2416; x_wconf 80' lang='grc' dir='ltr'><strong>διψῶντα,</strong></span> <span class='ocrx_word' id='word_1_297' title='bbox 805 2335 823 2410; x_wconf 78' lang='grc' dir='ltr'>ἦ</span> 
     </span>
     <span class='ocr_line' id='line_1_39' title="bbox 58 2413 825 2493; baseline 0.005 -22"><span class='ocrx_word' id='word_1_298' title='bbox 58 2415 228 2486; x_wconf 86' lang='grc' dir='ltr'><strong>καθεύδοντα,</strong></span> <span class='ocrx_word' id='word_1_299' title='bbox 242 2413 259 2484; x_wconf 77' lang='grc' dir='ltr'>ἢ</span> <span class='ocrx_word' id='word_1_300' title='bbox 275 2413 455 2492; x_wconf 79' lang='grc' dir='ltr'><strong>βαδίζοντα,ἣ</strong></span> <span class='ocrx_word' id='word_1_301' title='bbox 471 2417 615 2486; x_wconf 85' lang='grc' dir='ltr'><strong>κοπιῶντα,</strong></span> <span class='ocrx_word' id='word_1_302' title='bbox 630 2413 648 2485; x_wconf 77' lang='grc' dir='ltr'>ἣ</span> <span class='ocrx_word' id='word_1_303' title='bbox 663 2415 825 2493; x_wconf 85' lang='grc' dir='ltr'><strong>μαστιζόμε·</strong></span> 
     </span>
     <span class='ocr_line' id='line_1_40' title="bbox 58 2492 823 2576; baseline 0.007 -26"><span class='ocrx_word' id='word_1_304' title='bbox 58 2517 111 2566; x_wconf 87' lang='grc' dir='ltr'><strong>νον,</strong></span> <span class='ocrx_word' id='word_1_305' title='bbox 126 2492 347 2573; x_wconf 73' lang='grc' dir='ltr'><strong>ἢσταυρούμενον</strong></span> <span class='ocrx_word' id='word_1_306' title='bbox 360 2493 502 2564; x_wconf 79' lang='grc' dir='ltr'><strong>ἑκουσίως,</strong></span> <span class='ocrx_word' id='word_1_307' title='bbox 515 2493 532 2565; x_wconf 80' lang='lat' dir='ltr'><strong>i,</strong></span> <span class='ocrx_word' id='word_1_308' title='bbox 551 2501 605 2562; x_wconf 90' lang='grc' dir='ltr'><strong>τοῖς</strong></span> <span class='ocrx_word' id='word_1_309' title='bbox 621 2492 694 2565; x_wconf 74' lang='grc' dir='ltr'><strong>ἥλοις</strong></span> <span class='ocrx_word' id='word_1_310' title='bbox 707 2493 823 2576; x_wconf 79' lang='grc' dir='ltr'><strong>κατεχό·</strong></span> 
     </span>
     <span class='ocr_line' id='line_1_41' title="bbox 59 2571 824 2654; baseline 0.003 -23"><span class='ocrx_word' id='word_1_311' title='bbox 59 2596 136 2649; x_wconf 92' lang='grc' dir='ltr'><strong>μενον</strong></span> <span class='ocrx_word' id='word_1_312' title='bbox 149 2573 201 2631; x_wconf 82' lang='grc' dir='ltr'><strong>άπὸ</strong></span> <span class='ocrx_word' id='word_1_313' title='bbox 214 2573 337 2652; x_wconf 77' lang='grc' dir='ltr'><strong>γνώμης,</strong></span> <span class='ocrx_word' id='word_1_314' title='bbox 354 2571 371 2644; x_wconf 76' lang='grc' dir='ltr'>ἢ</span> <span class='ocrx_word' id='word_1_315' title='bbox 392 2573 562 2653; x_wconf 87' lang='grc' dir='ltr'><strong>νεκρούμενον</strong></span> <span class='ocrx_word' id='word_1_316' title='bbox 577 2573 634 2654; x_wconf 74' lang='lat' dir='ltr'><strong>ttlp</strong></span> <span class='ocrx_word' id='word_1_317' title='bbox 652 2573 824 2652; x_wconf 74' lang='grc' dir='ltr'><strong>θελήματι,ἣ</strong></span> 
     </span>
     <span class='ocr_line' id='line_1_42' title="bbox 58 2652 824 2735; baseline 0.004 -25"><span class='ocrx_word' id='word_1_318' title='bbox 58 2655 249 2732; x_wconf 80' lang='grc' dir='ltr'><strong>φρουρούμενον</strong></span> <span class='ocrx_word' id='word_1_319' title='bbox 263 2655 299 2720; x_wconf 84' lang='grc' dir='ltr'><strong>ὡς</strong></span> <span class='ocrx_word' id='word_1_320' title='bbox 312 2652 401 2733; x_wconf 83' lang='grc' dir='ltr'><strong>νεκρὸν</strong></span> <span class='ocrx_word' id='word_1_321' title='bbox 411 2655 437 2712; x_wconf 79' lang='grc' dir='ltr'><strong>ὶν</strong></span> <span class='ocrx_word' id='word_1_322' title='bbox 448 2657 485 2733; x_wconf 83' lang='grc' dir='ltr'><strong>τῷ</strong></span> <span class='ocrx_word' id='word_1_323' title='bbox 499 2653 618 2731; x_wconf 75' lang='grc' dir='ltr'><strong>μνήματι</strong></span> <span class='ocrx_word' id='word_1_324' title='bbox 634 2655 667 2732; x_wconf 82' lang='grc' dir='ltr'><strong>τῇ</strong></span> <span class='ocrx_word' id='word_1_325' title='bbox 682 2654 761 2735; x_wconf 83' lang='grc' dir='ltr'><strong>σαρκὶ</strong></span> <span class='ocrx_word' id='word_1_326' title='bbox 774 2657 824 2714; x_wconf 85' lang='grc' dir='ltr'><strong>αθ-</strong></span> 
     </span>
     <span class='ocr_line' id='line_1_43' title="bbox 57 2729 825 2814; baseline 0.005 -24"><span class='ocrx_word' id='word_1_327' title='bbox 57 2736 113 2807; x_wconf 83' lang='grc' dir='ltr'><strong>τοῦ,</strong></span> <span class='ocrx_word' id='word_1_328' title='bbox 125 2737 206 2790; x_wconf 82' lang='grc' dir='ltr'><strong>ταῦτα</strong></span> <span class='ocrx_word' id='word_1_329' title='bbox 220 2729 396 2814; x_wconf 80' lang='grc' dir='ltr'><strong>προσμείνατε</strong></span> <span class='ocrx_word' id='word_1_330' title='bbox 407 2734 444 2799; x_wconf 82' lang='grc' dir='ltr'><strong>ὡς</strong></span> <span class='ocrx_word' id='word_1_331' title='bbox 456 2730 552 2812; x_wconf 83' lang='grc' dir='ltr'><strong>σαρκός</strong></span> <span class='ocrx_word' id='word_1_332' title='bbox 561 2729 697 2813; x_wconf 73' lang='grc' dir='ltr'><strong>γεγονότος</strong></span> <span class='ocrx_word' id='word_1_333' title='bbox 709 2738 755 2792; x_wconf 83' lang='grc' dir='ltr'><strong>τοῦ</strong></span> <span class='ocrx_word' id='word_1_334' title='bbox 770 2734 825 2794; x_wconf 87' lang='grc' dir='ltr'><strong>Δό-</strong></span> 
     </span>
     <span class='ocr_line' id='line_1_44' title="bbox 58 2810 825 2891; baseline 0.005 -21"><span class='ocrx_word' id='word_1_335' title='bbox 58 2811 183 2891; x_wconf 73' lang='grc' dir='ltr'><strong>γοο.1(α“ι</strong></span> <span class='ocrx_word' id='word_1_336' title='bbox 201 2812 280 2870; x_wconf 86' lang='grc' dir='ltr'><strong>πάλιν</strong></span> <span class='ocrx_word' id='word_1_337' title='bbox 296 2810 340 2870; x_wconf 77' lang='lat' dir='ltr'><strong>tta</strong></span> <span class='ocrx_word' id='word_1_338' title='bbox 356 2811 428 2883; x_wconf 79' lang='grc' dir='ltr'><strong>[δητε</strong></span> <span class='ocrx_word' id='word_1_339' title='bbox 448 2819 539 2872; x_wconf 78' lang='grc' dir='ltr'><strong>τοῦτον</strong></span> <span class='ocrx_word' id='word_1_340' title='bbox 559 2811 603 2871; x_wconf 82' lang='grc' dir='ltr'><strong>τόν</strong></span> <span class='ocrx_word' id='word_1_341' title='bbox 624 2812 687 2890; x_wconf 76' lang='grc' dir='ltr'><strong>ἐμόν</strong></span> <span class='ocrx_word' id='word_1_342' title='bbox 698 2813 763 2881; x_wconf 79' lang='grc' dir='ltr'><strong>Υίθν</strong></span> <span class='ocrx_word' id='word_1_343' title='bbox 780 2812 825 2874; x_wconf 76' lang='grc' dir='ltr'><strong>λό-</strong></span> 
     </span>
    </p>
   </div>
   <div class='ocr_carea' id='block_1_13' title="bbox 879 2096 1618 2570">
    <p class='ocr_par' dir='ltr' id='par_1_13' title="bbox 879 2096 1618 2570">
     <span class='ocr_line' id='line_1_45' title="bbox 880 2096 1617 2175; baseline 0.005 -21"><span class='ocrx_word' id='word_1_344' title='bbox 880 2096 955 2175; x_wconf 87' lang='lat' dir='ltr'><strong>prius</strong></span> <span class='ocrx_word' id='word_1_345' title='bbox 978 2097 1147 2156; x_wconf 84' lang='lat' dir='ltr'><strong>exsistentem</strong></span> <span class='ocrx_word' id='word_1_346' title='bbox 1164 2099 1267 2170; x_wconf 87' lang='lat' dir='ltr'><strong>Deum;</strong></span> <span class='ocrx_word' id='word_1_347' title='bbox 1282 2118 1333 2156; x_wconf 92' lang='lat' dir='ltr'><strong>nun</strong></span> <span class='ocrx_word' id='word_1_348' title='bbox 1357 2097 1392 2156; x_wconf 90' lang='lat' dir='ltr'><strong>ab</strong></span> <span class='ocrx_word' id='word_1_349' title='bbox 1414 2111 1511 2157; x_wconf 78' lang='lat' dir='ltr'><strong>aeterno</strong></span> <span class='ocrx_word' id='word_1_350' title='bbox 1525 2098 1617 2158; x_wconf 88' lang='lat' dir='ltr'><strong>homi·</strong></span> 
     </span>
     <span class='ocr_line' id='line_1_46' title="bbox 880 2176 1617 2256; baseline 0.005 -23"><span class='ocrx_word' id='word_1_351' title='bbox 880 2196 940 2235; x_wconf 90' lang='lat' dir='ltr'><strong>uem</strong></span> <span class='ocrx_word' id='word_1_352' title='bbox 951 2220 961 2253; x_wconf 92' lang='lat'><strong>,</strong></span> <span class='ocrx_word' id='word_1_353' title='bbox 973 2197 1007 2236; x_wconf 86' lang='lat' dir='ltr'><strong>ex</strong></span> <span class='ocrx_word' id='word_1_354' title='bbox 1020 2197 1050 2236; x_wconf 90' lang='lat' dir='ltr'><strong>eo</strong></span> <span class='ocrx_word' id='word_1_355' title='bbox 1062 2189 1152 2237; x_wconf 84' lang='lat' dir='ltr'><strong>antem</strong></span> <span class='ocrx_word' id='word_1_356' title='bbox 1165 2189 1285 2256; x_wconf 89' lang='lat' dir='ltr'><strong>tempure</strong></span> <span class='ocrx_word' id='word_1_357' title='bbox 1296 2176 1466 2237; x_wconf 85' lang='lat' dir='ltr'><strong>exsistentem</strong></span> <span class='ocrx_word' id='word_1_358' title='bbox 1478 2192 1504 2236; x_wconf 92' lang='lat' dir='ltr'><strong>et</strong></span> <span class='ocrx_word' id='word_1_359' title='bbox 1518 2178 1617 2237; x_wconf 84' lang='lat' dir='ltr'><strong>lactum</strong></span> 
     </span>
     <span class='ocr_line' id='line_1_47' title="bbox 879 2254 1617 2333; baseline 0.007 -21"><span class='ocrx_word' id='word_1_360' title='bbox 879 2254 1016 2317; x_wconf 88' lang='lat' dir='ltr'><strong>bominem</strong></span> <span class='ocrx_word' id='word_1_361' title='bbox 1024 2301 1032 2329; x_wconf 95' lang='lat'><strong>,</strong></span> <span class='ocrx_word' id='word_1_362' title='bbox 1041 2276 1075 2314; x_wconf 85' lang='lat' dir='ltr'><strong>ex</strong></span> <span class='ocrx_word' id='word_1_363' title='bbox 1085 2256 1241 2333; x_wconf 89' lang='lat' dir='ltr'><strong>quolubens</strong></span> <span class='ocrx_word' id='word_1_364' title='bbox 1253 2255 1379 2316; x_wconf 73' lang='lat' dir='ltr'><strong>assumsit</strong></span> <span class='ocrx_word' id='word_1_365' title='bbox 1391 2277 1479 2316; x_wconf 89' lang='lat' dir='ltr'><strong>semen</strong></span> <span class='ocrx_word' id='word_1_366' title='bbox 1491 2256 1617 2319; x_wconf 76' lang='lat' dir='ltr'><strong>Abrahae.</strong></span> 
     </span>
     <span class='ocr_line' id='line_1_48' title="bbox 880 2332 1617 2407; baseline 0 -12"><span class='ocrx_word' id='word_1_367' title='bbox 880 2334 909 2395; x_wconf 83' lang='lat' dir='ltr'><strong>Si</strong></span> <span class='ocrx_word' id='word_1_368' title='bbox 922 2332 1035 2395; x_wconf 83' lang='lat' dir='ltr'><strong>videatis</strong></span> <span class='ocrx_word' id='word_1_369' title='bbox 1046 2335 1117 2393; x_wconf 90' lang='lat' dir='ltr'><strong>bunc</strong></span> <span class='ocrx_word' id='word_1_370' title='bbox 1124 2337 1146 2394; x_wconf 86' lang='lat' dir='ltr'>F</span> <span class='ocrx_word' id='word_1_371' title='bbox 1147 2334 1225 2393; x_wconf 90' lang='lat' dir='ltr'><strong>ilium</strong></span> <span class='ocrx_word' id='word_1_372' title='bbox 1236 2356 1324 2395; x_wconf 89' lang='lat' dir='ltr'><strong>meum</strong></span> <span class='ocrx_word' id='word_1_373' title='bbox 1336 2336 1506 2407; x_wconf 84' lang='lat' dir='ltr'><strong>esurientem,</strong></span> <span class='ocrx_word' id='word_1_374' title='bbox 1519 2338 1562 2397; x_wconf 88' lang='lat' dir='ltr'><strong>vel</strong></span> <span class='ocrx_word' id='word_1_375' title='bbox 1576 2337 1617 2396; x_wconf 83' lang='lat' dir='ltr'><strong>si-</strong></span> 
     </span>
     <span class='ocr_line' id='line_1_49' title="bbox 880 2413 1617 2493; baseline 0.007 -22"><span class='ocrx_word' id='word_1_376' title='bbox 880 2413 998 2488; x_wconf 90' lang='lat' dir='ltr'><strong>tientem,</strong></span> <span class='ocrx_word' id='word_1_377' title='bbox 1007 2414 1050 2474; x_wconf 85' lang='lat' dir='ltr'><strong>vel</strong></span> <span class='ocrx_word' id='word_1_378' title='bbox 1058 2413 1246 2487; x_wconf 85' lang='lat' dir='ltr'><strong>dormientem,</strong></span> <span class='ocrx_word' id='word_1_379' title='bbox 1254 2415 1298 2473; x_wconf 83' lang='lat' dir='ltr'><strong>vel</strong></span> <span class='ocrx_word' id='word_1_380' title='bbox 1308 2414 1502 2493; x_wconf 80' lang='lat' dir='ltr'><strong>ambulantem,</strong></span> <span class='ocrx_word' id='word_1_381' title='bbox 1511 2429 1557 2476; x_wconf 88' lang='lat' dir='ltr'><strong>aut</strong></span> <span class='ocrx_word' id='word_1_382' title='bbox 1565 2416 1617 2476; x_wconf 90' lang='lat' dir='ltr'><strong>las·</strong></span> 
     </span>
     <span class='ocr_line' id='line_1_50' title="bbox 880 2493 1618 2570; baseline 0.007 -20"><span class='ocrx_word' id='word_1_383' title='bbox 880 2508 1003 2569; x_wconf 88' lang='lat' dir='ltr'><strong>sum,aut</strong></span> <span class='ocrx_word' id='word_1_384' title='bbox 1011 2493 1325 2570; x_wconf 84' lang='lat' dir='ltr'><strong>verberatum,autcruci</strong></span> <span class='ocrx_word' id='word_1_385' title='bbox 1334 2495 1618 2565; x_wconf 83' lang='lat' dir='ltr'><strong>voluntarieassixum,</strong></span> 
     </span>
    </p>
   </div>
   <div class='ocr_carea' id='block_1_14' title="bbox 863 2572 1618 2665">
    <p class='ocr_par' dir='ltr' id='par_1_14' title="bbox 863 2572 1618 2665">
     <span class='ocr_line' id='line_1_51' title="bbox 863 2572 1618 2665; baseline 0.007 -35"><span class='ocrx_word' id='word_1_386' title='bbox 863 2626 868 2637; x_wconf 84' lang='grc'><strong>,</strong></span> <span class='ocrx_word' id='word_1_387' title='bbox 881 2587 926 2632; x_wconf 90' lang='lat' dir='ltr'><strong>aut</strong></span> <span class='ocrx_word' id='word_1_388' title='bbox 938 2595 972 2634; x_wconf 85' lang='lat' dir='ltr'><strong>ex</strong></span> <span class='ocrx_word' id='word_1_389' title='bbox 985 2573 1122 2665; x_wconf 81' lang='lat' dir='ltr'><strong>proposito</strong></span> <span class='ocrx_word' id='word_1_390' title='bbox 1133 2575 1183 2632; x_wconf 86' lang='lat' dir='ltr'><strong>stin</strong></span> <span class='ocrx_word' id='word_1_391' title='bbox 1192 2572 1277 2633; x_wconf 84' lang='lat' dir='ltr'><strong>clasis</strong></span> <span class='ocrx_word' id='word_1_392' title='bbox 1287 2573 1414 2652; x_wconf 83' lang='lat' dir='ltr'><strong>affixum,</strong></span> <span class='ocrx_word' id='word_1_393' title='bbox 1425 2587 1472 2633; x_wconf 87' lang='lat' dir='ltr'><strong>ant</strong></span> <span class='ocrx_word' id='word_1_394' title='bbox 1481 2588 1618 2635; x_wconf 79' lang='lat' dir='ltr'><strong>manuum</strong></span> 
     </span>
    </p>
   </div>
   <div class='ocr_carea' id='block_1_15' title="bbox 881 2653 1618 2891">
    <p class='ocr_par' dir='ltr' id='par_1_15' title="bbox 881 2653 1618 2891">
     <span class='ocr_line' id='line_1_52' title="bbox 881 2653 1617 2734; baseline 0.004 -23"><span class='ocrx_word' id='word_1_395' title='bbox 881 2673 914 2712; x_wconf 85' lang='lat' dir='ltr'><strong>ex</strong></span> <span class='ocrx_word' id='word_1_396' title='bbox 935 2671 1043 2734; x_wconf 81' lang='lat' dir='ltr'><strong>propria</strong></span> <span class='ocrx_word' id='word_1_397' title='bbox 1063 2653 1220 2723; x_wconf 81' lang='lat' dir='ltr'><strong>voluntate,</strong></span> <span class='ocrx_word' id='word_1_398' title='bbox 1237 2654 1280 2714; x_wconf 82' lang='lat' dir='ltr'><strong>vel</strong></span> <span class='ocrx_word' id='word_1_399' title='bbox 1297 2654 1366 2712; x_wconf 86' lang='lat' dir='ltr'><strong>sieut</strong></span> <span class='ocrx_word' id='word_1_400' title='bbox 1383 2653 1558 2714; x_wconf 78' lang='lat' dir='ltr'><strong>mortuum&#39;in</strong></span> <span class='ocrx_word' id='word_1_401' title='bbox 1570 2662 1617 2714; x_wconf 88' lang='lat' dir='ltr'><strong>&#39;se-</strong></span> 
     </span>
     <span class='ocr_line' id='line_1_53' title="bbox 902 2731 1617 2812; baseline 0.006 -23"><span class='ocrx_word' id='word_1_402' title='bbox 902 2732 996 2792; x_wconf 89' lang='lat' dir='ltr'><strong>ulchro</strong></span> <span class='ocrx_word' id='word_1_403' title='bbox 1010 2731 1172 2792; x_wconf 88' lang='lat' dir='ltr'><strong>custoditum</strong></span> <span class='ocrx_word' id='word_1_404' title='bbox 1182 2732 1271 2812; x_wconf 89' lang='lat' dir='ltr'><strong>quoad</strong></span> <span class='ocrx_word' id='word_1_405' title='bbox 1284 2752 1389 2794; x_wconf 88' lang='lat' dir='ltr'><strong>caruem</strong></span> <span class='ocrx_word' id='word_1_406' title='bbox 1403 2753 1495 2791; x_wconf 90' lang='lat' dir='ltr'><strong>suam:</strong></span> <span class='ocrx_word' id='word_1_407' title='bbox 1508 2733 1567 2793; x_wconf 77' lang='lat' dir='ltr'><strong>haec</strong></span> <span class='ocrx_word' id='word_1_408' title='bbox 1578 2748 1617 2793; x_wconf 92' lang='lat' dir='ltr'><strong>to·</strong></span> 
     </span>
     <span class='ocr_line' id='line_1_54' title="bbox 881 2753 1618 2891; baseline 0.003 -21"><span class='ocrx_word' id='word_1_409' title='bbox 881 2753 1020 2885; x_wconf 87' lang='lat' dir='ltr'><strong>lerate,eo</strong></span> <span class='ocrx_word' id='word_1_410' title='bbox 1032 2812 1106 2891; x_wconf 92' lang='lat' dir='ltr'><strong>quod</strong></span> <span class='ocrx_word' id='word_1_411' title='bbox 1118 2812 1245 2871; x_wconf 87' lang='lat' dir='ltr'><strong>decarne</strong></span> <span class='ocrx_word' id='word_1_412' title='bbox 1258 2832 1345 2872; x_wconf 87' lang='lat' dir='ltr'><strong>sermo</strong></span> <span class='ocrx_word' id='word_1_413' title='bbox 1358 2812 1499 2873; x_wconf 85' lang='lat' dir='ltr'><strong>habeatur.</strong></span> <span class='ocrx_word' id='word_1_414' title='bbox 1512 2815 1546 2873; x_wconf 86' lang='lat' dir='ltr'><strong>Et</strong></span> <span class='ocrx_word' id='word_1_415' title='bbox 1559 2835 1618 2872; x_wconf 88' lang='lat' dir='ltr'><strong>rnr-</strong></span> 
     </span>
    </p>
   </div>
   <div class='ocr_carea' id='block_1_16' title="bbox 57 2889 1619 2975">
    <p class='ocr_par' dir='ltr' id='par_1_16' title="bbox 57 2889 1619 2975">
     <span class='ocr_line' id='line_1_55' title="bbox 57 2889 1619 2975; baseline 0.003 -26"><span class='ocrx_word' id='word_1_416' title='bbox 57 2914 127 2970; x_wconf 83' lang='grc' dir='ltr'><strong>πραν</strong></span> <span class='ocrx_word' id='word_1_417' title='bbox 144 2890 287 2959; x_wconf 80' lang='grc' dir='ltr'><strong>ἀποξέοντα</strong></span> <span class='ocrx_word' id='word_1_418' title='bbox 301 2890 418 2970; x_wconf 81' lang='grc' dir='ltr'><strong>ῥήματι,</strong></span> <span class='ocrx_word' id='word_1_419' title='bbox 428 2889 446 2962; x_wconf 75' lang='lat' dir='ltr'><strong>i,</strong></span> <span class='ocrx_word' id='word_1_420' title='bbox 458 2890 592 2972; x_wconf 86' lang='grc' dir='ltr'><strong>τύφλωσιν</strong></span> <span class='ocrx_word' id='word_1_421' title='bbox 606 2891 734 2970; x_wconf 76' lang='grc' dir='ltr'><strong>ὀμμάτων</strong></span> <span class='ocrx_word' id='word_1_422' title='bbox 746 2896 825 2975; x_wconf 82' lang='grc' dir='ltr'><strong>πηλῷ</strong></span> <span class='ocrx_word' id='word_1_423' title='bbox 843 2892 862 2941; x_wconf 82' lang='lat' dir='ltr'><strong>G</strong></span> <span class='ocrx_word' id='word_1_424' title='bbox 881 2912 927 2949; x_wconf 86' lang='lat' dir='ltr'><strong>sus</strong></span> <span class='ocrx_word' id='word_1_425' title='bbox 939 2891 962 2950; x_wconf 90' lang='lat' dir='ltr'><strong>si</strong></span> <span class='ocrx_word' id='word_1_426' title='bbox 975 2891 1089 2953; x_wconf 79' lang='lat' dir='ltr'><strong>videatis</strong></span> <span class='ocrx_word' id='word_1_427' title='bbox 1102 2892 1175 2951; x_wconf 93' lang='lat' dir='ltr'><strong>bunc</strong></span> <span class='ocrx_word' id='word_1_428' title='bbox 1198 2891 1286 2953; x_wconf 85' lang='lat' dir='ltr'><strong>lilium</strong></span> <span class='ocrx_word' id='word_1_429' title='bbox 1306 2913 1395 2951; x_wconf 89' lang='lat' dir='ltr'><strong>meum</strong></span> <span class='ocrx_word' id='word_1_430' title='bbox 1414 2891 1516 2974; x_wconf 87' lang='lat' dir='ltr'><strong>lepram</strong></span> <span class='ocrx_word' id='word_1_431' title='bbox 1534 2893 1619 2954; x_wconf 87' lang='lat' dir='ltr'><strong>verbo</strong></span> 
     </span>
    </p>
   </div>
   <div class='ocr_carea' id='block_1_17' title="bbox 57 2969 826 3529">
    <p class='ocr_par' dir='ltr' id='par_1_17' title="bbox 57 2969 826 3529">
     <span class='ocr_line' id='line_1_56' title="bbox 58 2969 825 3053; baseline 0.005 -24"><span class='ocrx_word' id='word_1_432' title='bbox 58 2969 243 3052; x_wconf 82' lang='grc' dir='ltr'><strong>θεραπεύοντα,</strong></span> <span class='ocrx_word' id='word_1_433' title='bbox 251 2971 295 3029; x_wconf 78' lang='grc' dir='ltr'><strong>καὶ</strong></span> <span class='ocrx_word' id='word_1_434' title='bbox 307 2970 355 3044; x_wconf 81' lang='grc' dir='ltr'><strong>τήν</strong></span> <span class='ocrx_word' id='word_1_435' title='bbox 369 2969 445 3050; x_wconf 91' lang='grc' dir='ltr'><strong>φύσιν</strong></span> <span class='ocrx_word' id='word_1_436' title='bbox 460 2971 661 3032; x_wconf 78' lang='grc' dir='ltr'><strong>ἀναπλάττοντα</strong></span> <span class='ocrx_word' id='word_1_437' title='bbox 670 2976 708 3053; x_wconf 82' lang='grc' dir='ltr'><strong>τῷ</strong></span> <span class='ocrx_word' id='word_1_438' title='bbox 715 2971 825 3051; x_wconf 76' lang='grc' dir='ltr'><strong>ῥήματι,</strong></span> 
     </span>
     <span class='ocr_line' id='line_1_57' title="bbox 59 3049 825 3132; baseline 0.001 -22"><span class='ocrx_word' id='word_1_439' title='bbox 59 3054 89 3110; x_wconf 80' lang='grc' dir='ltr'><strong>ἐκ</strong></span> <span class='ocrx_word' id='word_1_440' title='bbox 110 3050 188 3110; x_wconf 79' lang='grc' dir='ltr'><strong>πέντε</strong></span> <span class='ocrx_word' id='word_1_441' title='bbox 209 3051 296 3131; x_wconf 89' lang='grc' dir='ltr'><strong>άρτων</strong></span> <span class='ocrx_word' id='word_1_442' title='bbox 320 3049 551 3130; x_wconf 80' lang='grc' dir='ltr'><strong>πεντακισχιλίους</strong></span> <span class='ocrx_word' id='word_1_443' title='bbox 572 3051 746 3132; x_wconf 86' lang='grc' dir='ltr'><strong>κορεννύντα,</strong></span> <span class='ocrx_word' id='word_1_444' title='bbox 763 3053 825 3111; x_wconf 77' lang='grc' dir='ltr'><strong>’καὶ</strong></span> 
     </span>
     <span class='ocr_line' id='line_1_58' title="bbox 57 3130 825 3212; baseline 0.005 -25"><span class='ocrx_word' id='word_1_445' title='bbox 57 3137 114 3197; x_wconf 88' lang='grc' dir='ltr'><strong>ταῖς</strong></span> <span class='ocrx_word' id='word_1_446' title='bbox 125 3130 261 3206; x_wconf 77' lang='grc' dir='ltr'><strong>παλάμαις</strong></span> <span class='ocrx_word' id='word_1_447' title='bbox 270 3132 321 3188; x_wconf 88' lang='grc' dir='ltr'><strong>τῶν</strong></span> <span class='ocrx_word' id='word_1_448' title='bbox 337 3134 461 3207; x_wconf 80' lang='grc' dir='ltr'><strong>μαθητῶν</strong></span> <span class='ocrx_word' id='word_1_449' title='bbox 472 3135 508 3197; x_wconf 84' lang='grc' dir='ltr'><strong>ὡς</strong></span> <span class='ocrx_word' id='word_1_450' title='bbox 519 3131 642 3210; x_wconf 89' lang='grc' dir='ltr'><strong>α’ρούραις</strong></span> <span class='ocrx_word' id='word_1_451' title='bbox 652 3133 825 3212; x_wconf 79' lang='grc' dir='ltr'><strong>ἓγγεωργσῦν·</strong></span> 
     </span>
     <span class='ocr_line' id='line_1_59' title="bbox 58 3207 824 3288; baseline 0.004 -21"><span class='ocrx_word' id='word_1_452' title='bbox 58 3234 92 3267; x_wconf 90' lang='grc' dir='ltr'><strong>τα</strong></span> <span class='ocrx_word' id='word_1_453' title='bbox 116 3209 192 3286; x_wconf 91' lang='grc' dir='ltr'><strong>κόρον</strong></span> <span class='ocrx_word' id='word_1_454' title='bbox 214 3207 381 3288; x_wconf 62' lang='grc' dir='ltr'><strong>αθτοσρέδιον</strong></span> <span class='ocrx_word' id='word_1_455' title='bbox 403 3207 589 3288; x_wconf 76' lang='grc' dir='ltr'><strong>ἀγεώργητον,</strong></span> <span class='ocrx_word' id='word_1_456' title='bbox 616 3209 663 3280; x_wconf 80' lang='grc' dir='ltr'><strong>τήν</strong></span> <span class='ocrx_word' id='word_1_457' title='bbox 690 3210 824 3270; x_wconf 88' lang='grc' dir='ltr'><strong>θάλασσαν</strong></span> 
     </span>
     <span class='ocr_line' id='line_1_60' title="bbox 60 3287 826 3391; baseline 0.004 -47"><span class='ocrx_word' id='word_1_458' title='bbox 60 3288 220 3364; x_wconf 75' lang='grc' dir='ltr'><strong>μαινομένην</strong></span> <span class='ocrx_word' id='word_1_459' title='bbox 240 3288 285 3345; x_wconf 79' lang='grc' dir='ltr'><strong>καλ</strong></span> <span class='ocrx_word' id='word_1_460' title='bbox 305 3287 470 3365; x_wconf 70' lang='grc' dir='ltr'><strong>μιμουμένην</strong></span> <span class='ocrx_word' id='word_1_461' title='bbox 488 3288 535 3353; x_wconf 74' lang='lat' dir='ltr'><strong>sb&lt;</strong></span> <span class='ocrx_word' id='word_1_462' title='bbox 548 3291 629 3346; x_wconf 85' lang='grc' dir='ltr'><strong>τῶνό</strong></span> <span class='ocrx_word' id='word_1_463' title='bbox 647 3288 696 3347; x_wconf 85' lang='grc' dir='ltr'><strong>ε’ων</strong></span> <span class='ocrx_word' id='word_1_464' title='bbox 712 3312 775 3391; x_wconf 84' lang='grc' dir='ltr'><strong>κορυ</strong></span> <span class='ocrx_word' id='word_1_465' title='bbox 796 3288 826 3357; x_wconf 71' lang='lat' dir='ltr'><strong>l&lt;</strong></span> 
     </span>
     <span class='ocr_line' id='line_1_61' title="bbox 58 3312 826 3446; baseline 0.005 -22"><span class='ocrx_word' id='word_1_466' title='bbox 58 3365 245 3443; x_wconf 75' lang='grc' dir='ltr'><strong>ἐξομαλύζοντα</strong></span> <span class='ocrx_word' id='word_1_467' title='bbox 263 3371 295 3443; x_wconf 82' lang='grc' dir='ltr'><strong>τῇ</strong></span> <span class='ocrx_word' id='word_1_468' title='bbox 315 3370 387 3446; x_wconf 81' lang='grc' dir='ltr'><strong>φωνῇ</strong></span> <span class='ocrx_word' id='word_1_469' title='bbox 402 3364 453 3425; x_wconf 65' lang='grc' dir='ltr'><strong>ιδτθ</strong></span> <span class='ocrx_word' id='word_1_470' title='bbox 464 3367 587 3445; x_wconf 79' lang='grc' dir='ltr'><strong>πέλαγος,</strong></span> <span class='ocrx_word' id='word_1_471' title='bbox 600 3312 645 3426; x_wconf 69' lang='grc' dir='ltr'><strong>καλ</strong></span> <span class='ocrx_word' id='word_1_472' title='bbox 660 3370 695 3435; x_wconf 82' lang='grc' dir='ltr'><strong>ὡς</strong></span> <span class='ocrx_word' id='word_1_473' title='bbox 710 3369 745 3427; x_wconf 73' lang='grc' dir='ltr'><strong>ἐπ</strong></span> <span class='ocrx_word' id='word_1_474' title='bbox 767 3312 826 3428; x_wconf 76' lang='lat' dir='ltr'><strong>tiat-</strong></span> 
     </span>
     <span class='ocr_line' id='line_1_62' title="bbox 59 3445 826 3529; baseline 0.004 -25"><span class='ocrx_word' id='word_1_475' title='bbox 59 3470 121 3524; x_wconf 86' lang='grc' dir='ltr'><strong>φους</strong></span> <span class='ocrx_word' id='word_1_476' title='bbox 136 3445 292 3514; x_wconf 87' lang='grc' dir='ltr'><strong>πεζεύοντα·</strong></span> <span class='ocrx_word' id='word_1_477' title='bbox 306 3451 340 3517; x_wconf 79' lang='grc' dir='ltr'><strong>τῆ</strong></span> <span class='ocrx_word' id='word_1_478' title='bbox 355 3445 458 3518; x_wconf 79' lang='grc' dir='ltr'><strong>θεότητι</strong></span> <span class='ocrx_word' id='word_1_479' title='bbox 473 3449 552 3505; x_wconf 79' lang='grc' dir='ltr'><strong>αὐτοῦ</strong></span> <span class='ocrx_word' id='word_1_480' title='bbox 564 3450 648 3505; x_wconf 77' lang='grc' dir='ltr'><strong>ταῦτα</strong></span> <span class='ocrx_word' id='word_1_481' title='bbox 662 3446 826 3529; x_wconf 79' lang='grc' dir='ltr'><strong>προσάψητε.</strong></span> 
     </span>
    </p>
   </div>
   <div class='ocr_carea' id='block_1_18' title="bbox 58 3513 826 3605">
    <p class='ocr_par' dir='ltr' id='par_1_18' title="bbox 58 3513 826 3605">
     <span class='ocr_line' id='line_1_63' title="bbox 58 3513 826 3605; baseline 0.004 -22"><span class='ocrx_word' id='word_1_482' title='bbox 58 3524 106 3595; x_wconf 75' lang='grc' dir='ltr'><strong>Μή</strong></span> <span class='ocrx_word' id='word_1_483' title='bbox 118 3523 197 3584; x_wconf 85' lang='grc' dir='ltr'><strong>άλλου</strong></span> <span class='ocrx_word' id='word_1_484' title='bbox 208 3524 276 3590; x_wconf 84' lang='grc' dir='ltr'><strong>τινὸς</strong></span> <span class='ocrx_word' id='word_1_485' title='bbox 290 3513 427 3605; x_wconf 68' lang='grc' dir='ltr'><strong>εθιθψηλθι</strong></span> <span class='ocrx_word' id='word_1_486' title='bbox 441 3529 493 3583; x_wconf 83' lang='grc' dir='ltr'><strong>τῶν</strong></span> <span class='ocrx_word' id='word_1_487' title='bbox 508 3526 688 3603; x_wconf 77' lang='grc' dir='ltr'><strong>πραγμάτων,</strong></span> <span class='ocrx_word' id='word_1_488' title='bbox 702 3526 784 3586; x_wconf 84' lang='grc' dir='ltr'><strong>άλλου</strong></span> <span class='ocrx_word' id='word_1_489' title='bbox 798 3526 826 3586; x_wconf 75' lang='grc' dir='ltr'><strong>δὲ</strong></span> 
     </span>
    </p>
   </div>
   <div class='ocr_carea' id='block_1_19' title="bbox 857 2969 1670 3043">
    <p class='ocr_par' dir='ltr' id='par_1_19' title="bbox 857 2969 1670 3043">
     <span class='ocr_line' id='line_1_64' title="bbox 857 2969 1670 3043; baseline 0.009 -18"><span class='ocrx_word' id='word_1_490' title='bbox 857 3014 861 3023; x_wconf 82' lang='lat'><strong>.</strong></span> <span class='ocrx_word' id='word_1_491' title='bbox 880 2969 1068 3043; x_wconf 88' lang='lat' dir='ltr'><strong>abradentem,</strong></span> <span class='ocrx_word' id='word_1_492' title='bbox 1084 2986 1130 3030; x_wconf 88' lang='lat' dir='ltr'><strong>ant</strong></span> <span class='ocrx_word' id='word_1_493' title='bbox 1143 2969 1283 3030; x_wconf 88' lang='lat' dir='ltr'><strong>oculorum</strong></span> <span class='ocrx_word' id='word_1_494' title='bbox 1297 2972 1441 3031; x_wconf 70' lang='lat' dir='ltr'><strong>cecitatem</strong></span> <span class='ocrx_word' id='word_1_495' title='bbox 1452 2972 1509 3031; x_wconf 92' lang='lat' dir='ltr'><strong>luto</strong></span> <span class='ocrx_word' id='word_1_496' title='bbox 1518 2993 1618 3033; x_wconf 90' lang='lat' dir='ltr'><strong>sauau-</strong></span> <span class='ocrx_word' id='word_1_497' title='bbox 1665 2981 1670 2992; x_wconf 88' lang='lat'>&#39;</span> 
     </span>
    </p>
   </div>
   <div class='ocr_carea' id='block_1_20' title="bbox 880 3050 1619 3528">
    <p class='ocr_par' dir='ltr' id='par_1_20' title="bbox 880 3050 1619 3528">
     <span class='ocr_line' id='line_1_65' title="bbox 881 3050 1618 3132; baseline 0.005 -24"><span class='ocrx_word' id='word_1_498' title='bbox 881 3064 953 3125; x_wconf 89' lang='lat' dir='ltr'><strong>tem,</strong></span> <span class='ocrx_word' id='word_1_499' title='bbox 972 3065 1018 3109; x_wconf 90' lang='lat' dir='ltr'><strong>aut</strong></span> <span class='ocrx_word' id='word_1_500' title='bbox 1042 3064 1164 3110; x_wconf 85' lang='lat' dir='ltr'><strong>naturam</strong></span> <span class='ocrx_word' id='word_1_501' title='bbox 1184 3050 1269 3111; x_wconf 80' lang='lat' dir='ltr'><strong>verbo</strong></span> <span class='ocrx_word' id='word_1_502' title='bbox 1285 3051 1459 3128; x_wconf 74' lang='lat' dir='ltr'><strong>formantem,</strong></span> <span class='ocrx_word' id='word_1_503' title='bbox 1484 3073 1519 3110; x_wconf 85' lang='lat' dir='ltr'><strong>ex</strong></span> <span class='ocrx_word' id='word_1_504' title='bbox 1537 3053 1618 3132; x_wconf 89' lang='lat' dir='ltr'><strong>quin-</strong></span> 
     </span>
     <span class='ocr_line' id='line_1_66' title="bbox 880 3129 1618 3210; baseline 0.005 -23"><span class='ocrx_word' id='word_1_505' title='bbox 880 3129 956 3208; x_wconf 86' lang='lat' dir='ltr'><strong>quies</strong></span> <span class='ocrx_word' id='word_1_506' title='bbox 965 3129 1232 3210; x_wconf 88' lang='lat' dir='ltr'><strong>panibusqnioquies</strong></span> <span class='ocrx_word' id='word_1_507' title='bbox 1241 3129 1318 3190; x_wconf 88' lang='lat' dir='ltr'><strong>mille</strong></span> <span class='ocrx_word' id='word_1_508' title='bbox 1328 3130 1449 3190; x_wconf 90' lang='lat' dir='ltr'><strong>homines</strong></span> <span class='ocrx_word' id='word_1_509' title='bbox 1460 3131 1618 3206; x_wconf 84' lang='lat' dir='ltr'><strong>satiantem,</strong></span> 
     </span>
     <span class='ocr_line' id='line_1_67' title="bbox 880 3209 1619 3291; baseline 0.004 -23"><span class='ocrx_word' id='word_1_510' title='bbox 880 3222 906 3268; x_wconf 91' lang='lat' dir='ltr'><strong>et</strong></span> <span class='ocrx_word' id='word_1_511' title='bbox 919 3209 1113 3291; x_wconf 85' lang='lat' dir='ltr'><strong>discipulorum</strong></span> <span class='ocrx_word' id='word_1_512' title='bbox 1132 3209 1257 3269; x_wconf 89' lang='lat' dir='ltr'><strong>manibus</strong></span> <span class='ocrx_word' id='word_1_513' title='bbox 1270 3210 1347 3287; x_wconf 88' lang='lat' dir='ltr'><strong>quasi</strong></span> <span class='ocrx_word' id='word_1_514' title='bbox 1369 3210 1465 3269; x_wconf 89' lang='lat' dir='ltr'><strong>aratris</strong></span> <span class='ocrx_word' id='word_1_515' title='bbox 1488 3211 1619 3271; x_wconf 88' lang='lat' dir='ltr'><strong>colentem</strong></span> 
     </span>
     <span class='ocr_line' id='line_1_68' title="bbox 881 3288 1616 3350; baseline 0.005 -4"><span class='ocrx_word' id='word_1_516' title='bbox 881 3301 979 3346; x_wconf 86' lang='lat' dir='ltr'><strong>terram</strong></span> <span class='ocrx_word' id='word_1_517' title='bbox 994 3288 1088 3348; x_wconf 87' lang='lat' dir='ltr'><strong>rudem</strong></span> <span class='ocrx_word' id='word_1_518' title='bbox 1099 3303 1125 3347; x_wconf 89' lang='lat' dir='ltr'><strong>et</strong></span> <span class='ocrx_word' id='word_1_519' title='bbox 1133 3288 1262 3347; x_wconf 88' lang='lat' dir='ltr'><strong>incultam</strong></span> <span class='ocrx_word' id='word_1_520' title='bbox 1279 3311 1285 3344; x_wconf 74' lang='grc' dir='ltr'><strong>ι</strong></span> <span class='ocrx_word' id='word_1_521' title='bbox 1305 3310 1378 3348; x_wconf 87' lang='lat' dir='ltr'><strong>mare</strong></span> <span class='ocrx_word' id='word_1_522' title='bbox 1390 3289 1523 3348; x_wconf 87' lang='lat' dir='ltr'><strong>in&#39;sanieus</strong></span> <span class='ocrx_word' id='word_1_523' title='bbox 1538 3304 1616 3350; x_wconf 83' lang='lat' dir='ltr'><strong>mon&#39;·</strong></span> 
     </span>
     <span class='ocr_line' id='line_1_69' title="bbox 882 3367 1617 3447; baseline 0.005 -23"><span class='ocrx_word' id='word_1_524' title='bbox 882 3367 1079 3447; x_wconf 80' lang='lat' dir='ltr'><strong>tiumquejuga</strong></span> <span class='ocrx_word' id='word_1_525' title='bbox 1098 3368 1219 3440; x_wconf 83' lang='lat' dir='ltr'><strong>imitans,</strong></span> <span class='ocrx_word' id='word_1_526' title='bbox 1235 3367 1294 3447; x_wconf 83' lang='lat' dir='ltr'><strong>pela</strong></span> <span class='ocrx_word' id='word_1_527' title='bbox 1316 3390 1359 3426; x_wconf 90' lang='lat' dir='ltr'><strong>um</strong></span> <span class='ocrx_word' id='word_1_528' title='bbox 1374 3369 1485 3447; x_wconf 89' lang='lat' dir='ltr'><strong>planum</strong></span> <span class='ocrx_word' id='word_1_529' title='bbox 1500 3371 1617 3428; x_wconf 82' lang='lat' dir='ltr'><strong>roce&#39;l&#39;a·</strong></span> 
     </span>
     <span class='ocr_line' id='line_1_70' title="bbox 882 3388 1619 3528; baseline 0.004 -24"><span class='ocrx_word' id='word_1_530' title='bbox 882 3445 1008 3520; x_wconf 90' lang='lat' dir='ltr'><strong>cientem,</strong></span> <span class='ocrx_word' id='word_1_531' title='bbox 1017 3460 1042 3506; x_wconf 91' lang='lat' dir='ltr'><strong>et</strong></span> <span class='ocrx_word' id='word_1_532' title='bbox 1053 3447 1128 3526; x_wconf 90' lang='lat' dir='ltr'><strong>qnasi</strong></span> <span class='ocrx_word' id='word_1_533' title='bbox 1139 3448 1166 3506; x_wconf 93' lang='lat' dir='ltr'><strong>in</strong></span> <span class='ocrx_word' id='word_1_534' title='bbox 1178 3447 1234 3506; x_wconf 90' lang='lat' dir='ltr'><strong>solo</strong></span> <span class='ocrx_word' id='word_1_535' title='bbox 1246 3388 1334 3506; x_wconf 79' lang='lat' dir='ltr'><strong>salillo</strong></span> <span class='ocrx_word' id='word_1_536' title='bbox 1348 3447 1546 3523; x_wconf 66' lang='lat' dir='ltr'><strong>ambulantem</strong></span> <span class='ocrx_word' id='word_1_537' title='bbox 1560 3451 1619 3528; x_wconf 88' lang='lat' dir='ltr'><strong>ejus</strong></span> 
     </span>
    </p>
   </div>
   <div class='ocr_carea' id='block_1_21' title="bbox 864 3525 1619 3606">
    <p class='ocr_par' dir='ltr' id='par_1_21' title="bbox 864 3525 1619 3606">
     <span class='ocr_line' id='line_1_71' title="bbox 864 3525 1619 3606; baseline 0.004 -23"><span class='ocrx_word' id='word_1_538' title='bbox 864 3525 977 3584; x_wconf 79' lang='lat' dir='ltr'><strong>deitati</strong></span> <span class='ocrx_word' id='word_1_539' title='bbox 992 3525 1050 3584; x_wconf 82' lang='lat' dir='ltr'><strong>baec</strong></span> <span class='ocrx_word' id='word_1_540' title='bbox 1064 3525 1213 3585; x_wconf 84' lang='lat' dir='ltr'><strong>attribuite.</strong></span> <span class='ocrx_word' id='word_1_541' title='bbox 1230 3527 1270 3584; x_wconf 89' lang='lat' dir='ltr'><strong>Ne</strong></span> <span class='ocrx_word' id='word_1_542' title='bbox 1283 3525 1392 3585; x_wconf 89' lang='lat' dir='ltr'><strong>alterius</strong></span> <span class='ocrx_word' id='word_1_543' title='bbox 1409 3527 1568 3606; x_wconf 83' lang='lat' dir='ltr'><strong>cujusquam</strong></span> <span class='ocrx_word' id='word_1_544' title='bbox 1578 3529 1619 3604; x_wconf 79' lang='lat' dir='ltr'><strong>la·</strong></span> 
     </span>
    </p>
   </div>
   <div class='ocr_carea' id='block_1_22' title="bbox 56 3603 1620 3857">
    <p class='ocr_par' dir='ltr' id='par_1_22' title="bbox 56 3603 1620 3857">
     <span class='ocr_line' id='line_1_72' title="bbox 58 3603 1619 3686; baseline 0.003 -24"><span class='ocrx_word' id='word_1_545' title='bbox 58 3605 129 3669; x_wconf 86' lang='grc' dir='ltr'><strong>τινὸς</strong></span> <span class='ocrx_word' id='word_1_546' title='bbox 148 3603 182 3663; x_wconf 75' lang='grc' dir='ltr'><strong>τά</strong></span> <span class='ocrx_word' id='word_1_547' title='bbox 201 3604 312 3663; x_wconf 81' lang='grc' dir='ltr'><strong>ταπεινθ</strong></span> <span class='ocrx_word' id='word_1_548' title='bbox 333 3609 385 3662; x_wconf 85' lang='grc' dir='ltr'><strong>τῶν</strong></span> <span class='ocrx_word' id='word_1_549' title='bbox 405 3603 549 3683; x_wconf 77' lang='grc' dir='ltr'><strong>γινομίνων</strong></span> <span class='ocrx_word' id='word_1_550' title='bbox 566 3605 685 3684; x_wconf 75' lang='grc' dir='ltr'><strong>νομίσῃς,</strong></span> <span class='ocrx_word' id='word_1_551' title='bbox 698 3607 757 3665; x_wconf 78' lang='grc' dir='ltr'><strong>ἀλλ’</strong></span> <span class='ocrx_word' id='word_1_552' title='bbox 772 3604 828 3675; x_wconf 76' lang='grc' dir='ltr'><strong>ἑνός</strong></span> <span class='ocrx_word' id='word_1_553' title='bbox 882 3617 924 3663; x_wconf 88' lang='lat' dir='ltr'><strong>eta</strong></span> <span class='ocrx_word' id='word_1_554' title='bbox 932 3605 1069 3679; x_wconf 89' lang='lat' dir='ltr'><strong>sublimia,</strong></span> <span class='ocrx_word' id='word_1_555' title='bbox 1086 3605 1196 3664; x_wconf 89' lang='lat' dir='ltr'><strong>alterius</strong></span> <span class='ocrx_word' id='word_1_556' title='bbox 1207 3625 1269 3665; x_wconf 81' lang='lat' dir='ltr'><strong>vero</strong></span> <span class='ocrx_word' id='word_1_557' title='bbox 1279 3605 1394 3664; x_wconf 87' lang='lat' dir='ltr'><strong>bomilia</strong></span> <span class='ocrx_word' id='word_1_558' title='bbox 1402 3606 1469 3665; x_wconf 88' lang='lat' dir='ltr'><strong>facta</strong></span> <span class='ocrx_word' id='word_1_559' title='bbox 1477 3607 1619 3686; x_wconf 87' lang='lat' dir='ltr'><strong>reputetis,</strong></span> 
     </span>
     <span class='ocr_line' id='line_1_73' title="bbox 57 3683 1620 3778; baseline 0.003 -37"><span class='ocrx_word' id='word_1_560' title='bbox 57 3684 102 3742; x_wconf 75' lang='grc' dir='ltr'><strong>καλ</strong></span> <span class='ocrx_word' id='word_1_561' title='bbox 117 3689 162 3743; x_wconf 79' lang='grc' dir='ltr'><strong>τοῦ</strong></span> <span class='ocrx_word' id='word_1_562' title='bbox 182 3687 260 3743; x_wconf 80' lang='grc' dir='ltr'><strong>αὐτοῦ</strong></span> <span class='ocrx_word' id='word_1_563' title='bbox 273 3687 383 3742; x_wconf 80' lang='grc' dir='ltr'><strong>κάκεῖνα</strong></span> <span class='ocrx_word' id='word_1_564' title='bbox 404 3683 449 3740; x_wconf 82' lang='grc' dir='ltr'><strong>καλ</strong></span> <span class='ocrx_word' id='word_1_565' title='bbox 467 3689 553 3742; x_wconf 81' lang='grc' dir='ltr'><strong>ταῦτα</strong></span> <span class='ocrx_word' id='word_1_566' title='bbox 576 3684 732 3763; x_wconf 85' lang='grc' dir='ltr'><strong>λογίσασθε·</strong></span> <span class='ocrx_word' id='word_1_567' title='bbox 747 3686 827 3746; x_wconf 83' lang='grc' dir='ltr'><strong>αὗτοῦ</strong></span> <span class='ocrx_word' id='word_1_568' title='bbox 845 3695 864 3741; x_wconf 88' lang='lat' dir='ltr'><strong>u</strong></span> <span class='ocrx_word' id='word_1_569' title='bbox 882 3683 929 3743; x_wconf 87' lang='lat' dir='ltr'><strong>sed</strong></span> <span class='ocrx_word' id='word_1_570' title='bbox 942 3683 1059 3776; x_wconf 75' lang='lat' dir='ltr'><strong>unisset</strong></span> <span class='ocrx_word' id='word_1_571' title='bbox 1072 3685 1192 3777; x_wconf 84' lang='lat' dir='ltr'><strong>ejusdem</strong></span> <span class='ocrx_word' id='word_1_572' title='bbox 1206 3697 1265 3776; x_wconf 83' lang='lat' dir='ltr'><strong>tum</strong></span> <span class='ocrx_word' id='word_1_573' title='bbox 1278 3684 1327 3776; x_wconf 76' lang='lat' dir='ltr'><strong>illa</strong></span> <span class='ocrx_word' id='word_1_574' title='bbox 1340 3684 1620 3778; x_wconf 31' lang='lat' dir='ltr'><strong>tumbaeqexnistima·</strong></span> 
     </span>
     <span class='ocr_line' id='line_1_74' title="bbox 56 3761 1620 3857; baseline 0.001 -34"><span class='ocrx_word' id='word_1_575' title='bbox 56 3764 108 3842; x_wconf 75' lang='grc' dir='ltr'><strong>γὰρ</strong></span> <span class='ocrx_word' id='word_1_576' title='bbox 123 3763 156 3823; x_wconf 70' lang='grc' dir='ltr'><strong>τό</strong></span> <span class='ocrx_word' id='word_1_577' title='bbox 171 3767 228 3821; x_wconf 87' lang='grc' dir='ltr'><strong>θεῖα</strong></span> <span class='ocrx_word' id='word_1_578' title='bbox 242 3761 342 3835; x_wconf 89' lang='grc' dir='ltr'><strong>πάντα,</strong></span> <span class='ocrx_word' id='word_1_579' title='bbox 358 3763 485 3823; x_wconf 63' lang='lat' dir='ltr'><strong>abscisi</strong></span> <span class='ocrx_word' id='word_1_580' title='bbox 501 3761 653 3841; x_wconf 77' lang='grc' dir='ltr'><strong>ἀνθρώπινα</strong></span> <span class='ocrx_word' id='word_1_581' title='bbox 670 3763 765 3839; x_wconf 86' lang='grc' dir='ltr'><strong>πάντα,</strong></span> <span class='ocrx_word' id='word_1_582' title='bbox 779 3766 827 3823; x_wconf 81' lang='grc' dir='ltr'><strong>αθ·</strong></span> <span class='ocrx_word' id='word_1_583' title='bbox 882 3776 923 3822; x_wconf 89' lang='lat' dir='ltr'><strong>te:</strong></span> <span class='ocrx_word' id='word_1_584' title='bbox 942 3785 1027 3845; x_wconf 81' lang='lat' dir='ltr'><strong>ipsius</strong></span> <span class='ocrx_word' id='word_1_585' title='bbox 1048 3785 1120 3823; x_wconf 91' lang='lat' dir='ltr'><strong>emm</strong></span> <span class='ocrx_word' id='word_1_586' title='bbox 1144 3777 1208 3823; x_wconf 92' lang='lat' dir='ltr'><strong>sunt</strong></span> <span class='ocrx_word' id='word_1_587' title='bbox 1227 3762 1321 3823; x_wconf 81' lang='lat' dir='ltr'><strong>divina</strong></span> <span class='ocrx_word' id='word_1_588' title='bbox 1335 3784 1440 3840; x_wconf 83' lang='lat' dir='ltr'><strong>omnia,</strong></span> <span class='ocrx_word' id='word_1_589' title='bbox 1456 3785 1541 3857; x_wconf 65' lang='lat' dir='ltr'><strong>rpspus</strong></span> <span class='ocrx_word' id='word_1_590' title='bbox 1565 3765 1620 3824; x_wconf 90' lang='lat' dir='ltr'><strong>hu·</strong></span> 
     </span>
    </p>
   </div>
   <div class='ocr_carea' id='block_1_23' title="bbox 56 3835 827 4578">
    <p class='ocr_par' dir='ltr' id='par_1_23' title="bbox 56 3835 827 4578">
     <span class='ocr_line' id='line_1_75' title="bbox 56 3835 826 3923; baseline 0.001 -22"><span class='ocrx_word' id='word_1_591' title='bbox 56 3849 102 3902; x_wconf 79' lang='grc' dir='ltr'><strong>τοῦ</strong></span> <span class='ocrx_word' id='word_1_592' title='bbox 122 3844 155 3902; x_wconf 79' lang='grc' dir='ltr'><strong>τὰ</strong></span> <span class='ocrx_word' id='word_1_593' title='bbox 175 3841 451 3923; x_wconf 86' lang='grc' dir='ltr'><strong>θαυματουργήματα,</strong></span> <span class='ocrx_word' id='word_1_594' title='bbox 466 3845 545 3903; x_wconf 76' lang='grc' dir='ltr'><strong>αὐτοῦ</strong></span> <span class='ocrx_word' id='word_1_595' title='bbox 558 3841 592 3901; x_wconf 78' lang='lat' dir='ltr'><strong>sb</strong></span> <span class='ocrx_word' id='word_1_596' title='bbox 611 3844 766 3920; x_wconf 68' lang='lat' dir='ltr'><strong>credipotest.</strong></span> <span class='ocrx_word' id='word_1_597' title='bbox 779 3835 826 3913; x_wconf 80' lang='grc' dir='ltr'><strong>Εἷς</strong></span> 
     </span>
     <span class='ocr_line' id='line_1_76' title="bbox 56 3920 826 4002; baseline 0.003 -21"><span class='ocrx_word' id='word_1_598' title='bbox 56 3923 107 4002; x_wconf 73' lang='grc' dir='ltr'><strong>γάρ</strong></span> <span class='ocrx_word' id='word_1_599' title='bbox 121 3924 166 3981; x_wconf 79' lang='grc' dir='ltr'><strong>καὶ</strong></span> <span class='ocrx_word' id='word_1_600' title='bbox 182 3926 196 3980; x_wconf 85' lang='grc' dir='ltr'><strong>θ</strong></span> <span class='ocrx_word' id='word_1_601' title='bbox 210 3920 285 3990; x_wconf 79' lang='grc' dir='ltr'><strong>αὐτός</strong></span> <span class='ocrx_word' id='word_1_602' title='bbox 299 3924 370 3989; x_wconf 79' lang='grc' dir='ltr'><strong>ἔστιν</strong></span> <span class='ocrx_word' id='word_1_603' title='bbox 383 3923 446 3989; x_wconf 59' lang='lat' dir='ltr'><strong>rtis</strong></span> <span class='ocrx_word' id='word_1_604' title='bbox 460 3922 535 3999; x_wconf 76' lang='grc' dir='ltr'><strong>ἐμός,</strong></span> <span class='ocrx_word' id='word_1_605' title='bbox 552 3921 586 3982; x_wconf 79' lang='lat' dir='ltr'><strong>sd</strong></span> <span class='ocrx_word' id='word_1_606' title='bbox 599 3927 646 3994; x_wconf 80' lang='grc' dir='ltr'><strong>τῆς</strong></span> <span class='ocrx_word' id='word_1_607' title='bbox 661 3925 755 3982; x_wconf 70' lang='grc' dir='ltr'><strong>ἐαυτοῦ</strong></span> <span class='ocrx_word' id='word_1_608' title='bbox 768 3923 826 3983; x_wconf 83' lang='grc' dir='ltr'><strong>θεό·</strong></span> 
     </span>
     <span class='ocr_line' id='line_1_77' title="bbox 57 4001 826 4106; baseline 0.003 -47"><span class='ocrx_word' id='word_1_609' title='bbox 57 4025 136 4072; x_wconf 75' lang='grc' dir='ltr'><strong>τητος</strong></span> <span class='ocrx_word' id='word_1_610' title='bbox 151 4002 322 4083; x_wconf 78' lang='grc' dir='ltr'><strong>ἐργαζόμενος</strong></span> <span class='ocrx_word' id='word_1_611' title='bbox 338 4001 416 4080; x_wconf 86' lang='grc' dir='ltr'><strong>ἔργα,</strong></span> <span class='ocrx_word' id='word_1_612' title='bbox 432 4003 478 4061; x_wconf 80' lang='grc' dir='ltr'><strong>καὶ</strong></span> <span class='ocrx_word' id='word_1_613' title='bbox 494 4003 530 4060; x_wconf 75' lang='grc' dir='ltr'><strong>τά</strong></span> <span class='ocrx_word' id='word_1_614' title='bbox 546 4006 593 4074; x_wconf 78' lang='grc' dir='ltr'><strong>τῆς</strong></span> <span class='ocrx_word' id='word_1_615' title='bbox 616 4006 709 4062; x_wconf 69' lang='grc' dir='ltr'><strong>ἑαυτοῦ</strong></span> <span class='ocrx_word' id='word_1_616' title='bbox 729 4003 826 4106; x_wconf 75' lang='grc' dir='ltr'><strong>σαρκὸς</strong></span> 
     </span>
     <span class='ocr_line' id='line_1_78' title="bbox 58 4071 825 4160; baseline 0.001 -21"><span class='ocrx_word' id='word_1_617' title='bbox 58 4081 232 4158; x_wconf 82' lang='grc' dir='ltr'><strong>οἰκειούμενος</strong></span> <span class='ocrx_word' id='word_1_618' title='bbox 251 4081 348 4139; x_wconf 88' lang='grc' dir='ltr'><strong>πάντα.</strong></span> <span class='ocrx_word' id='word_1_619' title='bbox 366 4071 452 4149; x_wconf 68' lang='lat' dir='ltr'><strong>olel&lt;</strong></span> <span class='ocrx_word' id='word_1_620' title='bbox 471 4083 543 4140; x_wconf 76' lang='grc' dir='ltr'><strong>ἔστιν</strong></span> <span class='ocrx_word' id='word_1_621' title='bbox 556 4085 571 4140; x_wconf 84' lang='grc' dir='ltr'><strong>ὁ</strong></span> <span class='ocrx_word' id='word_1_622' title='bbox 583 4081 646 4148; x_wconf 77' lang='grc' dir='ltr'><strong>Υἱός</strong></span> <span class='ocrx_word' id='word_1_623' title='bbox 665 4104 715 4160; x_wconf 91' lang='grc' dir='ltr'><strong>μου</strong></span> <span class='ocrx_word' id='word_1_624' title='bbox 729 4086 743 4140; x_wconf 85' lang='grc' dir='ltr'><strong>θ</strong></span> <span class='ocrx_word' id='word_1_625' title='bbox 757 4105 825 4159; x_wconf 80' lang='grc' dir='ltr'><strong>αγα·</strong></span> 
     </span>
     <span class='ocr_line' id='line_1_79' title="bbox 58 4150 827 4243; baseline 0.007 -26"><span class='ocrx_word' id='word_1_626' title='bbox 58 4161 152 4232; x_wconf 81' lang='grc' dir='ltr'><strong>πητθς,</strong></span> <span class='ocrx_word' id='word_1_627' title='bbox 164 4163 189 4218; x_wconf 82' lang='grc' dir='ltr'><strong>ἐν</strong></span> <span class='ocrx_word' id='word_1_628' title='bbox 200 4150 223 4239; x_wconf 74' lang='grc' dir='ltr'><em>ᾧ</em></span> <span class='ocrx_word' id='word_1_629' title='bbox 233 4158 377 4231; x_wconf 83' lang='grc' dir='ltr'><strong>ηὐδόκησα.</strong></span> <span class='ocrx_word' id='word_1_630' title='bbox 389 4151 474 4228; x_wconf 70' lang='lat' dir='ltr'><strong>olel&lt;</strong></span> <span class='ocrx_word' id='word_1_631' title='bbox 488 4164 557 4219; x_wconf 75' lang='grc' dir='ltr'><strong>ἐστιν</strong></span> <span class='ocrx_word' id='word_1_632' title='bbox 569 4160 686 4237; x_wconf 78' lang='grc' dir='ltr'><strong>ἄμπελος</strong></span> <span class='ocrx_word' id='word_1_633' title='bbox 699 4161 744 4221; x_wconf 77' lang='grc' dir='ltr'><strong>καὶ</strong></span> <span class='ocrx_word' id='word_1_634' title='bbox 760 4162 827 4243; x_wconf 90' lang='grc' dir='ltr'><strong>θύρα</strong></span> 
     </span>
     <span class='ocr_line' id='line_1_80' title="bbox 57 4236 827 4321; baseline 0.001 -23"><span class='ocrx_word' id='word_1_635' title='bbox 57 4244 110 4298; x_wconf 87' lang='grc' dir='ltr'><strong>τῶν</strong></span> <span class='ocrx_word' id='word_1_636' title='bbox 125 4236 334 4310; x_wconf 76' lang='grc' dir='ltr'><strong>πεπλανημένων</strong></span> <span class='ocrx_word' id='word_1_637' title='bbox 355 4238 506 4317; x_wconf 81' lang='grc' dir='ltr'><strong>προθάτων·</strong></span> <span class='ocrx_word' id='word_1_638' title='bbox 518 4239 650 4316; x_wconf 82' lang='grc' dir='ltr'><strong>ἄμπελος,</strong></span> <span class='ocrx_word' id='word_1_639' title='bbox 665 4243 692 4299; x_wconf 74' lang='grc' dir='ltr'><strong>ἒν</strong></span> <span class='ocrx_word' id='word_1_640' title='bbox 709 4244 827 4321; x_wconf 82' lang='grc' dir='ltr'><strong>οὐρανοῖς</strong></span> 
     </span>
     <span class='ocr_line' id='line_1_81' title="bbox 58 4316 827 4400; baseline 0.007 -24"><span class='ocrx_word' id='word_1_641' title='bbox 58 4318 106 4395; x_wconf 82' lang='grc' dir='ltr'><strong>μὲν</strong></span> <span class='ocrx_word' id='word_1_642' title='bbox 118 4316 216 4398; x_wconf 80' lang='grc' dir='ltr'><strong>ἔχουσα</strong></span> <span class='ocrx_word' id='word_1_643' title='bbox 231 4317 279 4389; x_wconf 80' lang='grc' dir='ltr'><strong>τήν</strong></span> <span class='ocrx_word' id='word_1_644' title='bbox 291 4316 372 4398; x_wconf 77' lang='grc' dir='ltr'><strong>ῥίζαν,</strong></span> <span class='ocrx_word' id='word_1_645' title='bbox 383 4318 427 4376; x_wconf 79' lang='grc' dir='ltr'><strong>ἐπὶ</strong></span> <span class='ocrx_word' id='word_1_646' title='bbox 439 4323 488 4397; x_wconf 76' lang='grc' dir='ltr'><strong>γῆς</strong></span> <span class='ocrx_word' id='word_1_647' title='bbox 503 4319 530 4377; x_wconf 83' lang='grc' dir='ltr'><strong>δὲ</strong></span> <span class='ocrx_word' id='word_1_648' title='bbox 544 4320 577 4377; x_wconf 74' lang='grc' dir='ltr'><strong>τὰ</strong></span> <span class='ocrx_word' id='word_1_649' title='bbox 591 4320 725 4396; x_wconf 82' lang='grc' dir='ltr'><strong>κλήματα·</strong></span> <span class='ocrx_word' id='word_1_650' title='bbox 740 4320 827 4400; x_wconf 84' lang='grc' dir='ltr'><strong>άμπε-</strong></span> 
     </span>
     <span class='ocr_line' id='line_1_82' title="bbox 57 4395 827 4478; baseline 0.003 -21"><span class='ocrx_word' id='word_1_651' title='bbox 57 4402 102 4466; x_wconf 90' lang='grc' dir='ltr'><strong>λος</strong></span> <span class='ocrx_word' id='word_1_652' title='bbox 116 4395 293 4474; x_wconf 77' lang='grc' dir='ltr'><strong>κλαδευομένη</strong></span> <span class='ocrx_word' id='word_1_653' title='bbox 313 4397 344 4456; x_wconf 80' lang='grc' dir='ltr'><strong>τὸ</strong></span> <span class='ocrx_word' id='word_1_654' title='bbox 356 4400 450 4473; x_wconf 83' lang='grc' dir='ltr'><strong>σῶμα,</strong></span> <span class='ocrx_word' id='word_1_655' title='bbox 462 4399 520 4456; x_wconf 75' lang='grc' dir='ltr'><strong>ἀλλ’</strong></span> <span class='ocrx_word' id='word_1_656' title='bbox 533 4400 562 4456; x_wconf 84' lang='grc' dir='ltr'><strong>οὐ</strong></span> <span class='ocrx_word' id='word_1_657' title='bbox 577 4398 626 4469; x_wconf 77' lang='grc' dir='ltr'><strong>τήν</strong></span> <span class='ocrx_word' id='word_1_658' title='bbox 638 4399 827 4478; x_wconf 72' lang='grc' dir='ltr'><strong>ῥίζανάμπε·</strong></span> 
     </span>
     <span class='ocr_line' id='line_1_83' title="bbox 58 4475 827 4578; baseline 0.001 -41"><span class='ocrx_word' id='word_1_659' title='bbox 58 4482 102 4545; x_wconf 89' lang='grc' dir='ltr'><strong>λος</strong></span> <span class='ocrx_word' id='word_1_660' title='bbox 124 4475 192 4555; x_wconf 71' lang='grc' dir='ltr'><strong>μετά</strong></span> <span class='ocrx_word' id='word_1_661' title='bbox 218 4477 309 4578; x_wconf 77' lang='grc' dir='ltr'><strong>τρίτην</strong></span> <span class='ocrx_word' id='word_1_662' title='bbox 331 4475 434 4558; x_wconf 83' lang='grc' dir='ltr'><strong>ήμάραν</strong></span> <span class='ocrx_word' id='word_1_663' title='bbox 455 4482 502 4536; x_wconf 80' lang='grc' dir='ltr'><strong>τοῦ</strong></span> <span class='ocrx_word' id='word_1_664' title='bbox 516 4478 691 4559; x_wconf 76' lang='grc' dir='ltr'><strong>κλαδεοθῆναι</strong></span> <span class='ocrx_word' id='word_1_665' title='bbox 712 4480 827 4558; x_wconf 86' lang='grc' dir='ltr'><strong>βλαστά-</strong></span> 
     </span>
    </p>
   </div>
   <div class='ocr_carea' id='block_1_24' title="bbox 57 4547 865 4640">
    <p class='ocr_par' dir='ltr' id='par_1_24' title="bbox 57 4547 865 4640">
     <span class='ocr_line' id='line_1_84' title="bbox 57 4547 865 4640; baseline 0.004 -27"><span class='ocrx_word' id='word_1_666' title='bbox 57 4578 138 4616; x_wconf 80' lang='lat' dir='ltr'><strong>vonas</strong></span> <span class='ocrx_word' id='word_1_667' title='bbox 152 4557 196 4618; x_wconf 79' lang='grc' dir='ltr'><strong>τὸν</strong></span> <span class='ocrx_word' id='word_1_668' title='bbox 211 4560 306 4637; x_wconf 86' lang='grc' dir='ltr'><strong>βοτρυν</strong></span> <span class='ocrx_word' id='word_1_669' title='bbox 324 4559 372 4628; x_wconf 81' lang='grc' dir='ltr'><strong>τῆς</strong></span> <span class='ocrx_word' id='word_1_670' title='bbox 386 4556 563 4624; x_wconf 74' lang='grc' dir='ltr'><strong>ἀναστάσεως.</strong></span> <span class='ocrx_word' id='word_1_671' title='bbox 578 4547 663 4626; x_wconf 69' lang='grc' dir='ltr'><strong>Οὗτός</strong></span> <span class='ocrx_word' id='word_1_672' title='bbox 677 4559 735 4617; x_wconf 72' lang='grc' dir='ltr'><strong>ἔστι</strong></span> <span class='ocrx_word' id='word_1_673' title='bbox 753 4558 827 4640; x_wconf 88' lang='grc' dir='ltr'><strong>θύρα·</strong></span> <span class='ocrx_word' id='word_1_674' title='bbox 845 4568 865 4616; x_wconf 82' lang='lat' dir='ltr'><strong>tt</strong></span> 
     </span>
    </p>
   </div>
   <div class='ocr_carea' id='block_1_25' title="bbox 57 4628 829 4876">
    <p class='ocr_par' dir='ltr' id='par_1_25' title="bbox 57 4628 829 4876">
     <span class='ocr_line' id='line_1_85' title="bbox 59 4628 829 4719; baseline 0.003 -25"><span class='ocrx_word' id='word_1_675' title='bbox 59 4639 92 4694; x_wconf 87' lang='grc' dir='ltr'><strong>δι’</strong></span> <span class='ocrx_word' id='word_1_676' title='bbox 109 4639 187 4695; x_wconf 78' lang='grc' dir='ltr'><strong>αὐτοῦ</strong></span> <span class='ocrx_word' id='word_1_677' title='bbox 200 4636 251 4716; x_wconf 74' lang='grc' dir='ltr'><strong>γάρ</strong></span> <span class='ocrx_word' id='word_1_678' title='bbox 265 4640 279 4695; x_wconf 85' lang='grc' dir='ltr'><strong>ό</strong></span> <span class='ocrx_word' id='word_1_679' title='bbox 293 4633 425 4696; x_wconf 85' lang='grc' dir='ltr'><strong>πιστεύων</strong></span> <span class='ocrx_word' id='word_1_680' title='bbox 440 4635 589 4717; x_wconf 75' lang='grc' dir='ltr'><strong>εἰσέρχεται</strong></span> <span class='ocrx_word' id='word_1_681' title='bbox 607 4636 674 4719; x_wconf 87' lang='grc' dir='ltr'><strong>πρός</strong></span> <span class='ocrx_word' id='word_1_682' title='bbox 694 4659 741 4716; x_wconf 87' lang='grc' dir='ltr'><strong>με·</strong></span> <span class='ocrx_word' id='word_1_683' title='bbox 755 4628 829 4706; x_wconf 67' lang='lat' dir='ltr'><strong>obed&lt;</strong></span> 
     </span>
     <span class='ocr_line' id='line_1_86' title="bbox 58 4714 829 4792; baseline 0.004 -18"><span class='ocrx_word' id='word_1_684' title='bbox 58 4720 116 4774; x_wconf 80' lang='grc' dir='ltr'><strong>ἐστι</strong></span> <span class='ocrx_word' id='word_1_685' title='bbox 139 4714 247 4790; x_wconf 85' lang='grc' dir='ltr'><strong>μεσίτης</strong></span> <span class='ocrx_word' id='word_1_686' title='bbox 262 4715 324 4792; x_wconf 70' lang='lat' dir='ltr'><strong>spi&lt;</strong></span> <span class='ocrx_word' id='word_1_687' title='bbox 342 4716 388 4774; x_wconf 78' lang='grc' dir='ltr'><strong>καὶ</strong></span> <span class='ocrx_word' id='word_1_688' title='bbox 407 4720 459 4775; x_wconf 79' lang='grc' dir='ltr'><strong>τῶν</strong></span> <span class='ocrx_word' id='word_1_689' title='bbox 480 4717 577 4776; x_wconf 85' lang='grc' dir='ltr'><strong>δούλων</strong></span> <span class='ocrx_word' id='word_1_690' title='bbox 594 4718 689 4775; x_wconf 76' lang='grc' dir='ltr'><strong>αὐτοῦ·</strong></span> <span class='ocrx_word' id='word_1_691' title='bbox 703 4717 829 4777; x_wconf 85' lang='grc' dir='ltr'><strong>συνάπτει</strong></span> 
     </span>
     <span class='ocr_line' id='line_1_87' title="bbox 57 4786 829 4876; baseline 0.004 -23"><span class='ocrx_word' id='word_1_692' title='bbox 57 4795 110 4871; x_wconf 90' lang='grc' dir='ltr'><strong>γάρ</strong></span> <span class='ocrx_word' id='word_1_693' title='bbox 126 4816 171 4871; x_wconf 89' lang='grc' dir='ltr'><strong>μοι</strong></span> <span class='ocrx_word' id='word_1_694' title='bbox 186 4793 255 4860; x_wconf 79' lang='grc' dir='ltr'><strong>τοὺς,</strong></span> <span class='ocrx_word' id='word_1_695' title='bbox 266 4795 510 4876; x_wconf 86' lang='grc' dir='ltr'><strong>προσκεκρουκότας</strong></span> <span class='ocrx_word' id='word_1_696' title='bbox 534 4798 620 4856; x_wconf 83' lang='grc' dir='ltr'><strong>αὐτῶ·</strong></span> <span class='ocrx_word' id='word_1_697' title='bbox 638 4786 713 4865; x_wconf 78' lang='grc' dir='ltr'><strong>ούτός</strong></span> <span class='ocrx_word' id='word_1_698' title='bbox 732 4800 829 4857; x_wconf 75' lang='grc' dir='ltr'><strong>ἐστινὸ</strong></span> 
     </span>
    </p>
   </div>
   <div class='ocr_carea' id='block_1_26' title="bbox 59 4854 843 4956">
    <p class='ocr_par' dir='ltr' id='par_1_26' title="bbox 59 4854 843 4956">
     <span class='ocr_line' id='line_1_88' title="bbox 59 4854 843 4956; baseline -0.001 -23"><span class='ocrx_word' id='word_1_699' title='bbox 59 4873 124 4939; x_wconf 83' lang='grc' dir='ltr'><strong>Υἱός</strong></span> <span class='ocrx_word' id='word_1_700' title='bbox 143 4896 193 4949; x_wconf 90' lang='grc' dir='ltr'><strong>μου</strong></span> <span class='ocrx_word' id='word_1_701' title='bbox 213 4874 257 4931; x_wconf 80' lang='grc' dir='ltr'><strong>καλ</strong></span> <span class='ocrx_word' id='word_1_702' title='bbox 270 4875 375 4951; x_wconf 76' lang='grc' dir='ltr'><strong>θάμνος</strong></span> <span class='ocrx_word' id='word_1_703' title='bbox 388 4917 395 4947; x_wconf 87' lang='grc'><strong>,</strong></span> <span class='ocrx_word' id='word_1_704' title='bbox 412 4878 427 4933; x_wconf 86' lang='grc' dir='ltr'><strong>θ</strong></span> <span class='ocrx_word' id='word_1_705' title='bbox 444 4875 521 4943; x_wconf 68' lang='lat' dir='ltr'><strong>ababa</strong></span> <span class='ocrx_word' id='word_1_706' title='bbox 534 4854 617 4956; x_wconf 77' lang='grc' dir='ltr'><strong>ἱερεύς</strong></span> <span class='ocrx_word' id='word_1_707' title='bbox 631 4874 677 4935; x_wconf 78' lang='grc' dir='ltr'><strong>καλ</strong></span> <span class='ocrx_word' id='word_1_708' title='bbox 694 4879 803 4956; x_wconf 82' lang='grc' dir='ltr'><strong>ἱερεῖον,</strong></span> <span class='ocrx_word' id='word_1_709' title='bbox 815 4880 843 4935; x_wconf 87' lang='grc' dir='ltr'><strong>θ.</strong></span> 
     </span>
    </p>
   </div>
   <div class='ocr_carea' id='block_1_27' title="bbox 881 3843 1680 4956">
    <p class='ocr_par' dir='ltr' id='par_1_27' title="bbox 881 3843 1623 4559">
     <span class='ocr_line' id='line_1_89' title="bbox 883 3843 1622 3936; baseline 0.003 -34"><span class='ocrx_word' id='word_1_710' title='bbox 883 3863 962 3902; x_wconf 90' lang='lat' dir='ltr'><strong>mana</strong></span> <span class='ocrx_word' id='word_1_711' title='bbox 979 3843 1087 3921; x_wconf 88' lang='lat' dir='ltr'><strong>omnia,</strong></span> <span class='ocrx_word' id='word_1_712' title='bbox 1101 3843 1186 3936; x_wconf 89' lang='lat' dir='ltr'><strong>ipsius</strong></span> <span class='ocrx_word' id='word_1_713' title='bbox 1206 3856 1269 3902; x_wconf 92' lang='lat' dir='ltr'><strong>sunt</strong></span> <span class='ocrx_word' id='word_1_714' title='bbox 1282 3843 1428 3914; x_wconf 85' lang='lat' dir='ltr'><strong>miracula,</strong></span> <span class='ocrx_word' id='word_1_715' title='bbox 1445 3845 1530 3926; x_wconf 82' lang='lat' dir='ltr'><strong>ipsius</strong></span> <span class='ocrx_word' id='word_1_716' title='bbox 1545 3866 1622 3904; x_wconf 50' lang='lat' dir='ltr'><strong>aeru-¹</strong></span> 
     </span>
     <span class='ocr_line' id='line_1_90' title="bbox 883 3921 1619 4006; baseline 0.005 -26"><span class='ocrx_word' id='word_1_717' title='bbox 883 3943 961 3983; x_wconf 80' lang='lat' dir='ltr'><strong>rnnae.</strong></span> <span class='ocrx_word' id='word_1_718' title='bbox 980 3925 1057 3983; x_wconf 90' lang='lat' dir='ltr'><strong>Unus</strong></span> <span class='ocrx_word' id='word_1_719' title='bbox 1077 3944 1149 3984; x_wconf 89' lang='lat' dir='ltr'><strong>emm</strong></span> <span class='ocrx_word' id='word_1_720' title='bbox 1165 3936 1191 3981; x_wconf 91' lang='lat' dir='ltr'><strong>et</strong></span> <span class='ocrx_word' id='word_1_721' title='bbox 1206 3921 1277 3982; x_wconf 91' lang='lat' dir='ltr'><strong>idem</strong></span> <span class='ocrx_word' id='word_1_722' title='bbox 1291 3936 1330 3981; x_wconf 87' lang='lat' dir='ltr'><strong>est</strong></span> <span class='ocrx_word' id='word_1_723' title='bbox 1345 3922 1433 3982; x_wconf 86' lang='lat' dir='ltr'><strong>Filius</strong></span> <span class='ocrx_word' id='word_1_724' title='bbox 1446 3945 1520 3983; x_wconf 87' lang='lat' dir='ltr'><strong>meus</strong></span> <span class='ocrx_word' id='word_1_725' title='bbox 1529 3970 1538 4002; x_wconf 91' lang='lat'><strong>,</strong></span> <span class='ocrx_word' id='word_1_726' title='bbox 1557 3946 1619 4006; x_wconf 85' lang='lat' dir='ltr'><strong>ope·</strong></span> 
     </span>
     <span class='ocr_line' id='line_1_91' title="bbox 883 4001 1618 4081; baseline 0.005 -21"><span class='ocrx_word' id='word_1_727' title='bbox 883 4023 911 4060; x_wconf 84' lang='lat' dir='ltr'><strong>ra</strong></span> <span class='ocrx_word' id='word_1_728' title='bbox 931 4002 1039 4062; x_wconf 90' lang='lat' dir='ltr'><strong>deitatis</strong></span> <span class='ocrx_word' id='word_1_729' title='bbox 1053 4024 1107 4063; x_wconf 78' lang='lat' dir='ltr'><strong>sure</strong></span> <span class='ocrx_word' id='word_1_730' title='bbox 1121 4001 1240 4080; x_wconf 83' lang='lat' dir='ltr'><strong>iaciens,</strong></span> <span class='ocrx_word' id='word_1_731' title='bbox 1254 4015 1280 4061; x_wconf 90' lang='lat' dir='ltr'><strong>et</strong></span> <span class='ocrx_word' id='word_1_732' title='bbox 1293 4023 1353 4081; x_wconf 78' lang='lat' dir='ltr'><strong>qua</strong></span> <span class='ocrx_word' id='word_1_733' title='bbox 1373 4024 1428 4063; x_wconf 77' lang='lat' dir='ltr'><strong>suae</strong></span> <span class='ocrx_word' id='word_1_734' title='bbox 1450 4005 1538 4064; x_wconf 86' lang='lat' dir='ltr'><strong>caruis</strong></span> <span class='ocrx_word' id='word_1_735' title='bbox 1557 4018 1618 4064; x_wconf 89' lang='lat' dir='ltr'><strong>suut</strong></span> 
     </span>
     <span class='ocr_line' id='line_1_92' title="bbox 882 4081 1620 4143; baseline 0.003 -3"><span class='ocrx_word' id='word_1_736' title='bbox 882 4081 934 4140; x_wconf 91' lang='lat' dir='ltr'><strong>sibi</strong></span> <span class='ocrx_word' id='word_1_737' title='bbox 952 4081 1094 4142; x_wconf 73' lang='lat' dir='ltr'><strong>vindicans</strong></span> <span class='ocrx_word' id='word_1_738' title='bbox 1111 4081 1212 4142; x_wconf 91' lang='lat' dir='ltr'><strong>omnia.</strong></span> <span class='ocrx_word' id='word_1_739' title='bbox 1231 4083 1289 4141; x_wconf 78' lang='lat' dir='ltr'><strong>Hic</strong></span> <span class='ocrx_word' id='word_1_740' title='bbox 1303 4095 1345 4140; x_wconf 90' lang='lat' dir='ltr'><strong>est</strong></span> <span class='ocrx_word' id='word_1_741' title='bbox 1359 4084 1457 4142; x_wconf 80' lang='lat' dir='ltr'><strong>Filius</strong></span> <span class='ocrx_word' id='word_1_742' title='bbox 1472 4104 1553 4143; x_wconf 85' lang='lat' dir='ltr'><strong>meus</strong></span> <span class='ocrx_word' id='word_1_743' title='bbox 1574 4086 1620 4143; x_wconf 84' lang='lat' dir='ltr'><strong>di-</strong></span> 
     </span>
     <span class='ocr_line' id='line_1_93' title="bbox 883 4161 1620 4241; baseline 0.005 -23"><span class='ocrx_word' id='word_1_744' title='bbox 883 4161 990 4238; x_wconf 86' lang='lat' dir='ltr'><strong>lectus,</strong></span> <span class='ocrx_word' id='word_1_745' title='bbox 1009 4166 1040 4220; x_wconf 81' lang='lat' dir='ltr'><strong>irs</strong></span> <span class='ocrx_word' id='word_1_746' title='bbox 1062 4182 1120 4241; x_wconf 85' lang='lat' dir='ltr'><strong>qno</strong></span> <span class='ocrx_word' id='word_1_747' title='bbox 1141 4161 1212 4219; x_wconf 84' lang='lat' dir='ltr'><strong>milli</strong></span> <span class='ocrx_word' id='word_1_748' title='bbox 1230 4162 1405 4241; x_wconf 82' lang='lat' dir='ltr'><strong>complacui.</strong></span> <span class='ocrx_word' id='word_1_749' title='bbox 1425 4162 1476 4223; x_wconf 80' lang='lat' dir='ltr'><strong>ilic</strong></span> <span class='ocrx_word' id='word_1_750' title='bbox 1498 4177 1537 4222; x_wconf 89' lang='lat' dir='ltr'><strong>est</strong></span> <span class='ocrx_word' id='word_1_751' title='bbox 1556 4165 1620 4223; x_wconf 84' lang='lat' dir='ltr'><strong>vitis</strong></span> 
     </span>
     <span class='ocr_line' id='line_1_94' title="bbox 881 4240 1622 4321; baseline 0.003 -23"><span class='ocrx_word' id='word_1_752' title='bbox 881 4253 907 4298; x_wconf 88' lang='lat' dir='ltr'><strong>et</strong></span> <span class='ocrx_word' id='word_1_753' title='bbox 928 4243 1011 4321; x_wconf 83' lang='lat' dir='ltr'><strong>janua</strong></span> <span class='ocrx_word' id='word_1_754' title='bbox 1036 4241 1182 4300; x_wconf 89' lang='lat' dir='ltr'><strong>errantium</strong></span> <span class='ocrx_word' id='word_1_755' title='bbox 1206 4240 1320 4301; x_wconf 84' lang='lat' dir='ltr'><strong>ovium:</strong></span> <span class='ocrx_word' id='word_1_756' title='bbox 1336 4240 1400 4301; x_wconf 86' lang='lat' dir='ltr'><strong>vitis</strong></span> <span class='ocrx_word' id='word_1_757' title='bbox 1413 4240 1439 4300; x_wconf 91' lang='lat' dir='ltr'><strong>in</strong></span> <span class='ocrx_word' id='word_1_758' title='bbox 1463 4242 1536 4301; x_wconf 80' lang='lat' dir='ltr'><strong>caelis</strong></span> <span class='ocrx_word' id='word_1_759' title='bbox 1557 4244 1622 4318; x_wconf 91' lang='lat' dir='ltr'><strong>qni·</strong></span> 
     </span>
     <span class='ocr_line' id='line_1_95' title="bbox 881 4318 1620 4401; baseline 0.001 -23"><span class='ocrx_word' id='word_1_760' title='bbox 881 4319 943 4379; x_wconf 89' lang='lat' dir='ltr'><strong>dem</strong></span> <span class='ocrx_word' id='word_1_761' title='bbox 967 4319 1085 4380; x_wconf 87' lang='lat' dir='ltr'><strong>radicem</strong></span> <span class='ocrx_word' id='word_1_762' title='bbox 1108 4320 1228 4399; x_wconf 88' lang='lat' dir='ltr'><strong>babens,</strong></span> <span class='ocrx_word' id='word_1_763' title='bbox 1244 4319 1366 4388; x_wconf 80' lang='lat' dir='ltr'><strong>interra</strong></span> <span class='ocrx_word' id='word_1_764' title='bbox 1391 4318 1455 4379; x_wconf 83' lang='lat' dir='ltr'><strong>&#39;vero</strong></span> <span class='ocrx_word' id='word_1_765' title='bbox 1479 4322 1620 4401; x_wconf 83' lang='lat' dir='ltr'><strong>palmites3</strong></span> 
     </span>
     <span class='ocr_line' id='line_1_96' title="bbox 882 4399 1622 4490; baseline -0.001 -31"><span class='ocrx_word' id='word_1_766' title='bbox 882 4399 946 4473; x_wconf 81' lang='lat' dir='ltr'><strong>vitis</strong></span> <span class='ocrx_word' id='word_1_767' title='bbox 971 4399 1015 4459; x_wconf 91' lang='lat' dir='ltr'><strong>cui</strong></span> <span class='ocrx_word' id='word_1_768' title='bbox 1040 4400 1189 4459; x_wconf 89' lang='lat' dir='ltr'><strong>seeundum</strong></span> <span class='ocrx_word' id='word_1_769' title='bbox 1216 4419 1314 4490; x_wconf 88' lang='lat' dir='ltr'><strong>eorpus</strong></span> <span class='ocrx_word' id='word_1_770' title='bbox 1337 4399 1460 4478; x_wconf 87' lang='lat' dir='ltr'><strong>palmites</strong></span> <span class='ocrx_word' id='word_1_771' title='bbox 1481 4413 1622 4479; x_wconf 82' lang='lat' dir='ltr'><strong>amputau-</strong></span> 
     </span>
     <span class='ocr_line' id='line_1_97' title="bbox 883 4476 1623 4559; baseline -0.001 -21"><span class='ocrx_word' id='word_1_772' title='bbox 883 4492 943 4557; x_wconf 88' lang='lat' dir='ltr'><strong>tur,</strong></span> <span class='ocrx_word' id='word_1_773' title='bbox 969 4478 1014 4538; x_wconf 89' lang='lat' dir='ltr'><strong>scd</strong></span> <span class='ocrx_word' id='word_1_774' title='bbox 1034 4500 1085 4538; x_wconf 91' lang='lat' dir='ltr'><strong>non</strong></span> <span class='ocrx_word' id='word_1_775' title='bbox 1099 4479 1181 4538; x_wconf 79' lang='lat' dir='ltr'><strong>radis</strong></span> <span class='ocrx_word' id='word_1_776' title='bbox 1194 4502 1203 4555; x_wconf 70' lang='grc' dir='ltr'><strong>ς</strong></span> <span class='ocrx_word' id='word_1_777' title='bbox 1218 4478 1283 4537; x_wconf 80' lang='lat' dir='ltr'><strong>vitis</strong></span> <span class='ocrx_word' id='word_1_778' title='bbox 1305 4479 1384 4536; x_wconf 90' lang='lat' dir='ltr'><strong>tertio</strong></span> <span class='ocrx_word' id='word_1_779' title='bbox 1408 4476 1549 4559; x_wconf 86' lang='lat' dir='ltr'><strong>postquam</strong></span> <span class='ocrx_word' id='word_1_780' title='bbox 1562 4501 1623 4537; x_wconf 91' lang='lat' dir='ltr'><strong>am-</strong></span> 
     </span>
    </p>

    <p class='ocr_par' dir='ltr' id='par_1_28' title="bbox 882 4557 1680 4956">
     <span class='ocr_line' id='line_1_98' title="bbox 905 4557 1680 4631; baseline 0.003 -17"><span class='ocrx_word' id='word_1_781' title='bbox 905 4572 976 4618; x_wconf 89' lang='lat' dir='ltr'><strong>utata</strong></span> <span class='ocrx_word' id='word_1_782' title='bbox 999 4573 1039 4618; x_wconf 88' lang='lat' dir='ltr'><strong>est</strong></span> <span class='ocrx_word' id='word_1_783' title='bbox 1057 4557 1118 4631; x_wconf 92' lang='lat' dir='ltr'><strong>die,</strong></span> <span class='ocrx_word' id='word_1_784' title='bbox 1134 4558 1243 4617; x_wconf 89' lang='lat' dir='ltr'><strong>botrum</strong></span> <span class='ocrx_word' id='word_1_785' title='bbox 1264 4557 1387 4616; x_wconf 90' lang='lat' dir='ltr'><strong>emittens</strong></span> <span class='ocrx_word' id='word_1_786' title='bbox 1413 4558 1622 4618; x_wconf 77' lang='lat' dir='ltr'><strong>resurrectionis.</strong></span> <span class='ocrx_word' id='word_1_787' title='bbox 1679 4621 1680 4625; x_wconf 44' lang='lat'><strong>,</strong></span> 
     </span>
     <span class='ocr_line' id='line_1_99' title="bbox 882 4582 1622 4718; baseline 0.001 -22"><span class='ocrx_word' id='word_1_788' title='bbox 882 4582 933 4698; x_wconf 82' lang='lat' dir='ltr'><strong>llic</strong></span> <span class='ocrx_word' id='word_1_789' title='bbox 948 4638 1097 4717; x_wconf 82' lang='lat' dir='ltr'><strong>estjanna3</strong></span> <span class='ocrx_word' id='word_1_790' title='bbox 1114 4636 1254 4718; x_wconf 87' lang='lat' dir='ltr'><strong>perillum</strong></span> <span class='ocrx_word' id='word_1_791' title='bbox 1278 4634 1348 4695; x_wconf 90' lang='lat' dir='ltr'><strong>enim</strong></span> <span class='ocrx_word' id='word_1_792' title='bbox 1368 4636 1391 4696; x_wconf 93' lang='lat' dir='ltr'><strong>is</strong></span> <span class='ocrx_word' id='word_1_793' title='bbox 1409 4637 1457 4716; x_wconf 93' lang='lat' dir='ltr'><strong>qui</strong></span> <span class='ocrx_word' id='word_1_794' title='bbox 1482 4637 1566 4697; x_wconf 80' lang='lat' dir='ltr'><strong>credit</strong></span> <span class='ocrx_word' id='word_1_795' title='bbox 1587 4637 1622 4697; x_wconf 90' lang='lat' dir='ltr'><strong>ad</strong></span> 
     </span>
     <span class='ocr_line' id='line_1_100' title="bbox 883 4715 1623 4777; baseline 0.001 -1"><span class='ocrx_word' id='word_1_796' title='bbox 883 4739 926 4777; x_wconf 90' lang='lat' dir='ltr'><strong>me</strong></span> <span class='ocrx_word' id='word_1_797' title='bbox 946 4718 1028 4776; x_wconf 88' lang='lat' dir='ltr'><strong>intrat</strong></span> <span class='ocrx_word' id='word_1_798' title='bbox 1044 4716 1111 4775; x_wconf 87' lang='lat' dir='ltr'><strong>:hie</strong></span> <span class='ocrx_word' id='word_1_799' title='bbox 1131 4731 1172 4776; x_wconf 88' lang='lat' dir='ltr'><strong>est</strong></span> <span class='ocrx_word' id='word_1_800' title='bbox 1192 4715 1325 4775; x_wconf 85' lang='lat' dir='ltr'><strong>mediator</strong></span> <span class='ocrx_word' id='word_1_801' title='bbox 1340 4736 1416 4776; x_wconf 89' lang='lat' dir='ltr'><strong>meus</strong></span> <span class='ocrx_word' id='word_1_802' title='bbox 1437 4731 1465 4776; x_wconf 89' lang='lat' dir='ltr'><strong>et</strong></span> <span class='ocrx_word' id='word_1_803' title='bbox 1482 4738 1623 4777; x_wconf 77' lang='lat' dir='ltr'><strong>servorum</strong></span> 
     </span>
     <span class='ocr_line' id='line_1_101' title="bbox 882 4795 1668 4890; baseline -0.001 -34"><span class='ocrx_word' id='word_1_804' title='bbox 882 4818 993 4857; x_wconf 90' lang='lat' dir='ltr'><strong>suorum</strong></span> <span class='ocrx_word' id='word_1_805' title='bbox 1004 4797 1167 4876; x_wconf 76' lang='lat' dir='ltr'><strong>,conjungit</strong></span> <span class='ocrx_word' id='word_1_806' title='bbox 1188 4795 1261 4854; x_wconf 89' lang='lat' dir='ltr'><strong>enim</strong></span> <span class='ocrx_word' id='word_1_807' title='bbox 1283 4795 1351 4854; x_wconf 89' lang='lat' dir='ltr'><strong>mibi</strong></span> <span class='ocrx_word' id='word_1_808' title='bbox 1366 4796 1453 4871; x_wconf 86' lang='lat' dir='ltr'><strong>-illos,</strong></span> <span class='ocrx_word' id='word_1_809' title='bbox 1472 4805 1520 4876; x_wconf 84' lang='lat' dir='ltr'><strong>qni</strong></span> <span class='ocrx_word' id='word_1_810' title='bbox 1535 4799 1624 4890; x_wconf 90' lang='lat' dir='ltr'><strong>ipsum</strong></span> <span class='ocrx_word' id='word_1_811' title='bbox 1659 4796 1668 4806; x_wconf 81' lang='lat'>&#39;</span> 
     </span>
     <span class='ocr_line' id='line_1_102' title="bbox 883 4876 1624 4956; baseline -0.003 -19"><span class='ocrx_word' id='word_1_812' title='bbox 883 4876 1061 4937; x_wconf 76' lang='lat' dir='ltr'><strong>offenderunt.</strong></span> <span class='ocrx_word' id='word_1_813' title='bbox 1079 4878 1137 4934; x_wconf 79' lang='lat' dir='ltr'><strong>Hie</strong></span> <span class='ocrx_word' id='word_1_814' title='bbox 1148 4888 1190 4935; x_wconf 87' lang='lat' dir='ltr'><strong>est</strong></span> <span class='ocrx_word' id='word_1_815' title='bbox 1206 4876 1305 4935; x_wconf 81' lang='lat' dir='ltr'><strong>Filius</strong></span> <span class='ocrx_word' id='word_1_816' title='bbox 1314 4896 1393 4936; x_wconf 85' lang='lat' dir='ltr'><strong>meus</strong></span> <span class='ocrx_word' id='word_1_817' title='bbox 1407 4890 1433 4935; x_wconf 90' lang='lat' dir='ltr'><strong>et</strong></span> <span class='ocrx_word' id='word_1_818' title='bbox 1445 4877 1624 4956; x_wconf 78' lang='lat' dir='ltr'><strong>agnus31dem</strong></span> 
     </span>
    </p>
   </div>
   <div class='ocr_carea' id='block_1_28' title="bbox 59 4951 1704 5037">
    <p class='ocr_par' dir='ltr' id='par_1_29' title="bbox 59 4951 1704 5037">
     <span class='ocr_line' id='line_1_103' title="bbox 59 4951 1704 5037; baseline 0.005 -26"><span class='ocrx_word' id='word_1_819' title='bbox 59 4954 137 5020; x_wconf 80' lang='grc' dir='ltr'><strong>αὐτὸς</strong></span> <span class='ocrx_word' id='word_1_820' title='bbox 151 4951 306 5033; x_wconf 74' lang='grc' dir='ltr'><strong>προσφέρειν</strong></span> <span class='ocrx_word' id='word_1_821' title='bbox 322 4952 366 5012; x_wconf 85' lang='grc' dir='ltr'><strong>καὶ</strong></span> <span class='ocrx_word' id='word_1_822' title='bbox 380 4954 624 5037; x_wconf 80' lang='grc' dir='ltr'><strong>προοφερόμινος,ό</strong></span> <span class='ocrx_word' id='word_1_823' title='bbox 635 4955 711 5023; x_wconf 79' lang='grc' dir='ltr'><strong>αὐτὸς</strong></span> <span class='ocrx_word' id='word_1_824' title='bbox 724 4960 828 5037; x_wconf 83' lang='grc' dir='ltr'><strong>ἱερουρ-</strong></span> <span class='ocrx_word' id='word_1_825' title='bbox 883 4954 1007 5016; x_wconf 84' lang='lat' dir='ltr'><strong>sacerdos</strong></span> <span class='ocrx_word' id='word_1_826' title='bbox 1021 4953 1047 5014; x_wconf 86' lang='lat' dir='ltr'><strong>et</strong></span> <span class='ocrx_word' id='word_1_827' title='bbox 1061 4954 1236 5030; x_wconf 81' lang='lat' dir='ltr'><strong>sacrificium,</strong></span> <span class='ocrx_word' id='word_1_828' title='bbox 1247 4954 1318 5015; x_wconf 91' lang='lat' dir='ltr'><strong>idem</strong></span> <span class='ocrx_word' id='word_1_829' title='bbox 1331 4955 1445 5016; x_wconf 78' lang='lat' dir='ltr'><strong>offerens</strong></span> <span class='ocrx_word' id='word_1_830' title='bbox 1460 4969 1488 5015; x_wconf 90' lang='lat' dir='ltr'><strong>et</strong></span> <span class='ocrx_word' id='word_1_831' title='bbox 1504 4957 1625 5032; x_wconf 88' lang='lat' dir='ltr'><strong>oblatus;</strong></span> <span class='ocrx_word' id='word_1_832' title='bbox 1702 5013 1704 5019; x_wconf 80' lang='grc'><strong>,</strong></span> 
     </span>
    </p>
   </div>
   <div class='ocr_carea' id='block_1_29' title="bbox 60 5128 1629 5516">
    <p class='ocr_par' dir='ltr' id='par_1_30' title="bbox 60 5128 1629 5516">
     <span class='ocr_line' id='line_1_104' title="bbox 94 5128 1627 5201; baseline 0 -19"><span class='ocrx_word' id='word_1_833' title='bbox 94 5132 123 5200; x_wconf 84' lang='lat' dir='ltr'><strong>&#39;l</strong></span> <span class='ocrx_word' id='word_1_834' title='bbox 136 5129 216 5182; x_wconf 82' lang='lat' dir='ltr'><strong>Aliam</strong></span> <span class='ocrx_word' id='word_1_835' title='bbox 230 5131 381 5179; x_wconf 87' lang='lat' dir='ltr'><strong>sententiam</strong></span> <span class='ocrx_word' id='word_1_836' title='bbox 392 5128 434 5179; x_wconf 88' lang='lat' dir='ltr'><strong>hic</strong></span> <span class='ocrx_word' id='word_1_837' title='bbox 445 5133 567 5197; x_wconf 83' lang='lat' dir='ltr'><strong>expressit</strong></span> <span class='ocrx_word' id='word_1_838' title='bbox 579 5134 706 5200; x_wconf 78' lang='lat' dir='ltr'><strong>interpres</strong></span> <span class='ocrx_word' id='word_1_839' title='bbox 715 5131 816 5199; x_wconf 76' lang='lat' dir='ltr'><strong>sagina,</strong></span> <span class='ocrx_word' id='word_1_840' title='bbox 868 5136 998 5201; x_wconf 85' lang='lat' dir='ltr'><strong>quinquies</strong></span> <span class='ocrx_word' id='word_1_841' title='bbox 1010 5132 1077 5184; x_wconf 90' lang='lat' dir='ltr'><strong>mille</strong></span> <span class='ocrx_word' id='word_1_842' title='bbox 1088 5131 1242 5186; x_wconf 84' lang='lat' dir='ltr'><strong>bominibus.</strong></span> <span class='ocrx_word' id='word_1_843' title='bbox 1260 5133 1314 5186; x_wconf 70' lang='lat' dir='ltr'><strong>cta.</strong></span> <span class='ocrx_word' id='word_1_844' title='bbox 1328 5133 1420 5184; x_wconf 78' lang='lat' dir='ltr'><strong>Muttli.</strong></span> <span class='ocrx_word' id='word_1_845' title='bbox 1440 5136 1478 5184; x_wconf 79' lang='lat' dir='ltr'><strong>ts.</strong></span> <span class='ocrx_word' id='word_1_846' title='bbox 1498 5137 1537 5185; x_wconf 84' lang='lat' dir='ltr'><strong>l9.</strong></span> <span class='ocrx_word' id='word_1_847' title='bbox 1550 5132 1627 5186; x_wconf 77' lang='lat' dir='ltr'><strong>Paulo</strong></span> 
     </span>
     <span class='ocr_line' id='line_1_105' title="bbox 60 5209 1511 5280; baseline 0.003 -20"><span class='ocrx_word' id='word_1_848' title='bbox 60 5228 137 5278; x_wconf 75' lang='lat' dir='ltr'><strong>aquarn</strong></span> <span class='ocrx_word' id='word_1_849' title='bbox 150 5227 204 5276; x_wconf 77' lang='lat' dir='ltr'><strong>quaa</strong></span> <span class='ocrx_word' id='word_1_850' title='bbox 216 5209 323 5259; x_wconf 83' lang='lat' dir='ltr'><strong>habetor</strong></span> <span class='ocrx_word' id='word_1_851' title='bbox 333 5209 358 5259; x_wconf 90' lang='lat' dir='ltr'><strong>iu</strong></span> <span class='ocrx_word' id='word_1_852' title='bbox 369 5209 453 5260; x_wconf 80' lang='lat' dir='ltr'><strong>verbis</strong></span> <span class='ocrx_word' id='word_1_853' title='bbox 464 5211 566 5261; x_wconf 71' lang='lat' dir='ltr'><strong>Gracia.</strong></span> <span class='ocrx_word' id='word_1_854' title='bbox 576 5213 666 5266; x_wconf 85' lang='lat' dir='ltr'><strong>Verte:</strong></span> <span class='ocrx_word' id='word_1_855' title='bbox 679 5212 715 5263; x_wconf 84' lang='lat' dir='ltr'><strong>Et</strong></span> <span class='ocrx_word' id='word_1_856' title='bbox 725 5213 820 5280; x_wconf 76' lang='lat' dir='ltr'><strong>polanis</strong></span> <span class='ocrx_word' id='word_1_857' title='bbox 869 5227 928 5266; x_wconf 83' lang='lat' dir='ltr'><strong>ante</strong></span> <span class='ocrx_word' id='word_1_858' title='bbox 940 5216 1084 5279; x_wconf 85' lang='lat' dir='ltr'><strong>scripsimus</strong></span> <span class='ocrx_word' id='word_1_859' title='bbox 1095 5217 1271 5267; x_wconf 70' lang='grc' dir='ltr'><strong>ἀναπλάττοντα</strong></span> <span class='ocrx_word' id='word_1_860' title='bbox 1282 5229 1329 5279; x_wconf 85' lang='lat' dir='ltr'><strong>pro</strong></span> <span class='ocrx_word' id='word_1_861' title='bbox 1340 5213 1511 5277; x_wconf 75' lang='grc' dir='ltr'><strong>ανεκλὰττωνή</strong></span> 
     </span>
     <span class='ocr_line' id='line_1_106' title="bbox 61 5287 1629 5359; baseline -0.003 -16"><span class='ocrx_word' id='word_1_862' title='bbox 61 5291 242 5359; x_wconf 82' lang='lat' dir='ltr'><strong>discipulorum</strong></span> <span class='ocrx_word' id='word_1_863' title='bbox 261 5300 391 5357; x_wconf 84' lang='lat' dir='ltr'><strong>tamquam</strong></span> <span class='ocrx_word' id='word_1_864' title='bbox 412 5291 479 5340; x_wconf 79' lang='lat' dir='ltr'><strong>arvis</strong></span> <span class='ocrx_word' id='word_1_865' title='bbox 506 5292 647 5341; x_wconf 77' lang='lat' dir='ltr'><strong>iactantem</strong></span> <span class='ocrx_word' id='word_1_866' title='bbox 662 5290 822 5358; x_wconf 76' lang='lat' dir='ltr'><strong>serenitatem</strong></span> <span class='ocrx_word' id='word_1_867' title='bbox 905 5291 1000 5359; x_wconf 78' lang='lat' dir='ltr'><strong>b[Vel</strong></span> <span class='ocrx_word' id='word_1_868' title='bbox 1012 5289 1139 5343; x_wconf 87' lang='lat' dir='ltr'><strong>redundat</strong></span> <span class='ocrx_word' id='word_1_869' title='bbox 1155 5298 1183 5344; x_wconf 81' lang='grc' dir='ltr'><strong>τό</strong></span> <span class='ocrx_word' id='word_1_870' title='bbox 1193 5297 1300 5357; x_wconf 70' lang='grc' dir='ltr'><strong>τάλαρος,</strong></span> <span class='ocrx_word' id='word_1_871' title='bbox 1313 5289 1351 5340; x_wconf 83' lang='grc' dir='ltr'><strong>νεΙ</strong></span> <span class='ocrx_word' id='word_1_872' title='bbox 1363 5287 1458 5342; x_wconf 85' lang='lat' dir='ltr'><strong>excidit</strong></span> <span class='ocrx_word' id='word_1_873' title='bbox 1469 5290 1629 5356; x_wconf 80' lang='lat' dir='ltr'><strong>participium</strong></span> 
     </span>
     <span class='ocr_line' id='line_1_107' title="bbox 63 5366 1599 5440; baseline 0 -18"><span class='ocrx_word' id='word_1_874' title='bbox 63 5371 179 5422; x_wconf 83' lang='lat' dir='ltr'><strong>satiandi</strong></span> <span class='ocrx_word' id='word_1_875' title='bbox 191 5370 338 5419; x_wconf 78' lang='lat' dir='ltr'><strong>subitarium</strong></span> <span class='ocrx_word' id='word_1_876' title='bbox 358 5386 407 5419; x_wconf 84' lang='lat' dir='ltr'><strong>aon</strong></span> <span class='ocrx_word' id='word_1_877' title='bbox 419 5379 505 5419; x_wconf 83' lang='lat' dir='ltr'><strong>aratro</strong></span> <span class='ocrx_word' id='word_1_878' title='bbox 513 5369 628 5436; x_wconf 70' lang='lat' dir='ltr'><strong>flectam.</strong></span> <span class='ocrx_word' id='word_1_879' title='bbox 642 5368 775 5434; x_wconf 67' lang='lat' dir='ltr'><strong>Significat</strong></span> <span class='ocrx_word' id='word_1_880' title='bbox 786 5369 825 5421; x_wconf 91' lang='lat' dir='ltr'><strong>di·</strong></span> <span class='ocrx_word' id='word_1_881' title='bbox 874 5369 986 5440; x_wconf 86' lang='lat' dir='ltr'><strong>aliquod.</strong></span> <span class='ocrx_word' id='word_1_882' title='bbox 998 5371 1078 5438; x_wconf 86' lang='lat' dir='ltr'><strong>Supra</strong></span> <span class='ocrx_word' id='word_1_883' title='bbox 1090 5366 1235 5435; x_wconf 82' lang='lat' dir='ltr'><strong>scripsimus</strong></span> <span class='ocrx_word' id='word_1_884' title='bbox 1245 5373 1384 5437; x_wconf 75' lang='grc' dir='ltr'><strong>μαινσμόνην</strong></span> <span class='ocrx_word' id='word_1_885' title='bbox 1394 5380 1442 5434; x_wconf 80' lang='lat' dir='ltr'><strong>pto</strong></span> <span class='ocrx_word' id='word_1_886' title='bbox 1452 5368 1599 5439; x_wconf 80' lang='grc' dir='ltr'><strong>μενομόνην.]</strong></span> 
     </span>
     <span class='ocr_line' id='line_1_108' title="bbox 64 5445 827 5516; baseline -0.003 -14"><span class='ocrx_word' id='word_1_887' title='bbox 64 5448 174 5516; x_wconf 88' lang='lat' dir='ltr'><strong>scipulos</strong></span> <span class='ocrx_word' id='word_1_888' title='bbox 186 5445 290 5516; x_wconf 83' lang='lat' dir='ltr'><strong>jubente</strong></span> <span class='ocrx_word' id='word_1_889' title='bbox 312 5448 371 5500; x_wconf 83' lang='lat' dir='ltr'><strong>Jesu</strong></span> <span class='ocrx_word' id='word_1_890' title='bbox 393 5465 484 5516; x_wconf 81' lang='lat' dir='ltr'><strong>panem</strong></span> <span class='ocrx_word' id='word_1_891' title='bbox 503 5458 528 5501; x_wconf 92' lang='lat' dir='ltr'><strong>et</strong></span> <span class='ocrx_word' id='word_1_892' title='bbox 552 5449 632 5516; x_wconf 86' lang='lat' dir='ltr'><strong>pisces</strong></span> <span class='ocrx_word' id='word_1_893' title='bbox 654 5449 827 5502; x_wconf 84' lang='lat' dir='ltr'><strong>ministrantes</strong></span> 
     </span>
    </p>
   </div>
   <div class='ocr_carea' id='block_1_30' title="bbox 0 0 1885 6052">
    <p class='ocr_par' dir='ltr' id='par_1_31' title="bbox 0 0 1885 6052">
     <span class='ocr_line' id='line_1_109' title="bbox 0 0 1885 6052; baseline 0 0"><span class='ocrx_word' id='word_1_894' title='bbox 0 0 1885 6052; x_wconf 95' lang='lat' dir='ltr'><strong> </strong></span> 
     </span>
    </p>
   </div>
  </div>
 </body>
</html>
