3750 6052
782 521 899 571 srunn
925 521 1091 588 nonnisi.
1644 505 1713 600 247

152 662 225 719 ματα
238 643 275 709 τίς
288 647 397 702 τοιαῦτα
410 639 561 723 κατηνίχθη
572 639 726 722 σφάλματα.
739 641 786 714 Μή
801 634 846 704 οὖν
856 651 921 726 θαρ-
970 643 1018 720 tis,
1033 645 1093 723 Qui
1101 663 1132 704 se
1152 647 1303 705 existimat
1322 657 1417 717 stare,
1430 646 1535 706 videat
1555 667 1592 706 ne
1613 649 1712 710 cadat.
1727 693 1747 728 ,,
1763 679 1817 727 ς,,,
1826 693 1864 728 ω,

152 721 250 800 αήσῃς,
264 721 333 782 ἁλλὰ
348 723 409 781 καθ’
423 721 538 792 ἑκάστην
556 720 660 803 ἡμέραν
677 723 831 801 ἁσραλίζου,
845 723 921 804 δτχά-
971 723 1015 782 En
1038 723 1155 803 primam
1175 737 1301 803 causam3
1320 724 1379 804 jam
1397 723 1488 806 accipe
1501 724 1661 790 amendam:
1672 729 1761 790 Nan.

150 822 231 898 μενος
250 800 299 872 τήν
321 800 476 880 παραίνεσιν
489 805 536 859 τοῦ
549 799 698 860 ἁποστώλου
712 801 761 873 τήν
775 802 920 903 λίγουσαν·
969 815 1122 882 peccatores
1140 801 1175 862 de
1193 803 1289 884 seipsis
1303 801 1458 942 despotin,
1478 803 1528 864 sed
1544 804 1567 864 si
1625 805 1648 865 is
1668 807 1713 867 vel

160 880 284 937 Οδοκῶν
299 881 408 940 ἑστάναι
421 878 541 958 βλεπέτω
559 878 598 957 μὴ
618 879 778 958 πίση.Ἰδοδ
794 904 825 941 το
844 886 920 962 πρῶ-
970 881 1093 959 quotidie
1105 894 1207 962 peccet,
1221 897 1251 942 ut
1284 883 1339 941 uoti
1361 883 1386 942 ie
1399 883 1566 943 confiteatur.
1602 884 1713 946 idecios

151 979 195 1015 τον
211 957 303 1017 αίτιον·
315 959 436 1036 λάμάανε
448 958 495 1018 καί
507 959 539 1018 τδ
551 957 623 1019 osta
671 958 732 1019 ·ίνα
744 959 782 1037 μή
794 965 818 1021 οἱ
830 963 918 1042 ἁμαρ·
971 959 1070 1020 millies
1082 960 1246 1042 peccaveris,
1263 903 1352 1021 decies
1365 961 1464 1021 millies
1477 964 1604 1023 confitere
1616 986 1623 1021 ε
1643 965 1713 1025 nihil

151 1036 232 1095 τωλοί
253 1037 471 1115 ἁπογινώσκυσιν
484 1041 599 1112 ἑαυτῶν,
670 1038 718 1098 ἐί
732 1063 772 1107 τις
792 1039 837 1099 καί
859 1043 919 1101 καθ’
971 1040 1043 1099 enim
1055 1053 1095 1101 ost
1110 1039 1296 1132 desperatione
1308 1039 1437 1100 deterius.
1454 1041 1484 1102 Si
1496 1043 1558 1121 quis
1574 1063 1635 1106 cum
1650 1065 1712 1124 ρεσ-

152 1115 267 1188 ἕκάστην
281 1116 384 1198 ἡμέραν
396 1118 547 1197 ἁμαρτάνῃ,
559 1116 603 1177 ίνα
615 1120 674 1177 καθ’
688 1117 802 1193 ἑκάστην
815 1121 870 1199 ήμί
887 1143 918 1180 αν
971 1132 1030 1178 cata
1049 1119 1184 1179 commisit
1198 1120 1390 1200 desperaverit,
1410 1140 1462 1179 uon
1476 1141 1520 1179 am
1540 1120 1593 1181 iius
1603 1121 1638 1180 ad
1655 1144 1712 1183 me·

153 1194 352 1273 ίξομολαγῆται.
374 1197 431 1256 Κδιν
460 1219 495 1274 μυ
514 1197 582 1263 ιάκις
603 1197 772 1300 ἁμαρτάνης,
796 1222 919 1280 μυριακις
972 1196 1063 1258 delam
1078 1197 1171 1258 currit.
1186 1199 1372 1260 Nonnovides
1387 1143 1568 1261 medicosiP-si
1588 1201 1624 1260 de
1639 1222 1713 1279 quo-

152 1273 361 1354 ίξομολόγησαι·
380 1274 453 1335 οὐδὲν
475 1221 527 1356 γάρ
540 1283 631 1358 χεῖρον
655 1277 840 1356 απογνώσεως.
854 1279 919 1340 Ἐάν
935 1287 954 1337 C
971 1298 1055 1356 quam
1064 1277 1277 1359 desperaverint,
1292 1299 1344 1338 non
1355 1279 1473 1358 amplius
1487 1279 1620 1338 medelam
1632 1280 1712 1340 adhi-

153 1375 194 1419 τις
216 1357 323 1436 άπογνῷ
344 1355 476 1436 ἁμαρτίας
491 1355 663 1436 ἁμαρτήσας,
680 1357 727 1415 αθκ
746 1355 786 1416 ἔτι
798 1361 835 1427 εἰς
849 1359 920 1420 ίασιν
971 1355 1044 1433 bero,
1054 1356 1101 1417 scd
1111 1371 1210 1436 aegroto
1218 1357 1322 1420 dicere:
1333 1357 1363 1418 Si
1373 1356 1662 1437 quiddamveiis,non
1672 1381 1714 1420 ac·

153 1433 299 1513 ίπιτρίχεε.
323 1435 384 1513 Οθρ
403 1438 466 1513 δρᾷς
490 1434 550 1501 τοῦς
576 1434 696 1515 ίατρσίς;
714 1433 760 1496 tto
784 1442 920 1517 ἀπογνοῦσι
971 1437 1087 1519 cipimus
1098 1460 1105 1494 ε
1116 1436 1227 1497 morbus
1244 1437 1318 1497 enim
1327 1436 1375 1496 ille
1392 1457 1444 1497 non
1452 1437 1713 1518 ampliusadmede·

153 1511 232 1582 τινὸς,
247 1515 295 1571 οὐκ
314 1512 353 1571 in
367 1513 530 1594 προσάγωσι
544 1515 701 1594 θεραπείαν,
716 1515 785 1576 άλλίι
797 1518 919 1598 Ιλέγουσι
972 1517 1027 1574 lam
1036 1514 1171 1575 admittit:
1181 1515 1284 1576 malum
1295 1515 1382 1575 morbi
1394 1516 1532 1598 superavit
1542 1517 1608 1576 artis
1621 1538 1713 1578 reme-

152 1593 192 1668 τῷ
203 1595 320 1662 ἀσθενεῖ,
336 1591 395 1652 siit
410 1592 493 1660 θέλεις
505 1595 594 1653 δοῦναι
607 1599 683 1672 ἡμῖν,
695 1595 725 1653 οὐ
739 1595 919 1674 λαμὸοίνομεν·
970 1594 1109 1659 diatflaec
1117 1595 1213 1655 dicunt
1222 1595 1242 1654 ii
1250 1596 1298 1674 qui
1306 1595 1462 1676 desperant:
1471 1597 1493 1655 si
1502 1616 1565 1655 vero
1573 1597 1714 1658 sanitatem

153 1670 200 1727 οὐκ
216 1669 255 1729 ἔτι
273 1672 326 1750 γὰρ
343 1672 496 1752 ἐπιδέχεται
514 1673 545 1733 τδ
561 1672 667 1750 νόσημα
678 1678 756 1733 τοῦτο
769 1678 920 1756 θεραπείαν·
970 1688 1134 1753 exspectent,
1148 1675 1237 1734 omnia
1254 1675 1365 1749 iaciunt,
1383 1689 1410 1734 et
1426 1675 1619 1735 medicamenta
1634 1675 1715 1738 adhi-

152 1747 272 1820 ἐνίαησεν
286 1750 396 1823 ἡκακία
417 1759 463 1812 τοῦ
484 1751 633 1829 νοσήματος
652 1754 701 1826 τήν
719 1756 859 1833 θεραπείαν
873 1761 921 1827 τῆς
971 1751 1036 1812 bent
1053 1775 1102 1834 pro
1123 1754 1208 1814 salute
1228 1753 1330 1834 egroti.
1345 1756 1387 1813 lta
1408 1754 1431 1813 si
1451 1755 1512 1832 quis
1532 1753 1716 1835 desperaverit

151 1825 257 1907 πάχνης.
278 1831 372 1889 Ταῦτα
396 1830 428 1890 λί
493 1855 516 1890 ιν
541 1830 763 1914 ἀπαγορεύοντες·
791 1837 850 1893 ἁλλ’
874 1835 920 1895 ίὰν
972 1834 1008 1891 ob
1021 1846 1169 1912 peccatum,
1185 1846 1282 1914 putans
1295 1855 1347 1892 non
1361 1854 1419 1894 csse
1451 1833 1571 1892 (enitenti
1587 1833 1715 1911 salutem„

151 1909 369 1985 προσδοκήσασιν
384 1914 428 1989 ῦγι
441 1935 491 1982 αν,
512 1912 601 1970 πάντα
618 1917 741 1985 ποιοῦσι,
757 1913 803 1972 καί
820 1915 922 1997 προσά·
972 1911 1000 1970 iu
1015 1913 1116 1992 majora
1131 1912 1203 1971 mala
1216 1913 1337 1993 seipsum
1350 1855 1475 1993 impeliit.
1491 1912 1596 1972 ldciroo
1605 1913 1629 1972 si
1641 1913 1716 1993 cogi·

152 2008 229 2062 γουσι
250 1989 380 2067 ράρμακα
394 1990 459 2068 πρδς
482 1989 615 2072 σωτηρίαν
636 1996 683 2050 τοῦ
696 1997 841 2061 νοσοῦντος.
863 1993 922 2052 Οθ-
972 1992 1071 2050 taveris
1084 2012 1250 2051 summorum
1265 2005 1436 2070 peccatorum
1446 1991 1587 2051 homicidii
1598 1992 1715 2052 etadul·

152 2088 204 2132 τως
221 2066 266 2125 etv
282 2073 389 2149 ἀπογνῷ
401 2091 441 2136 τις
456 2069 521 2142 Ι’τῆς
535 2069 677 2149 ἁμαρτίας,
691 2069 732 2130 δτι
746 2077 793 2129 οὐκ
810 2073 868 2131 ἔστι
883 2077 921 2155 τῷ
935 2083 955 2130 n
972 2070 1034 2130 terii
1048 2071 1178 2133 medelam
1194 2084 1221 2129 et
1233 2070 1400 2130 curationem
1413 2070 1556 2149 contigisse
1566 2071 1714 2151 prophetae,

154 2151 324 2221 μετανοοῦντι
337 2149 520 2225 σωτηρία,είς
534 2148 641 2225 μείζονα
653 2149 725 2209 κακδι
738 2151 829 2210 ίαυτδν
847 2155 920 2212 ώθεῑ.
972 2149 1078 2208 etiamsi
1091 2150 1179 2209 decies
1193 2150 1293 2210 millies
1304 2170 1408 2229 pet-ces,
1424 2150 1541 2230 teipsum
1555 2151 1715 2210 confessioni

152 2223 205 2282 Διὰ
218 2229 311 2299 τοῦτο,
323 2224 368 2285 ε’διν
383 2228 508 2305 θννοήσης
524 2231 565 2297 δτι
579 2227 687 2288 καὶτῶν
701 2229 788 2308 ἁκρων
804 2232 860 2309 ἁμα
913 2261 922 2275 ·
972 2229 1066 2287 dedas.
1080 2231 1140 2288 Hoc
1154 2242 1245 2288 autem
1257 2228 1331 2304 dico,
1352 2248 1405 2287 non
1423 2227 1533 2288 hortans
1549 2228 1585 2288 ad
1599 2250 1714 2310 peccan-

154 2303 256 2378 μάτων,
269 2306 346 2385 ράνου
360 2306 405 2364 καί
422 2331 466 2384 μο·
478 2305 642 2387 είας,γίγονε
656 2308 783 2388 θεραπεία
797 2311 843 2369 καί
864 2336 923 2380 ασις
973 2308 1053 2383 dnm,
1070 2307 1118 2367 scd
1164 2322 1296 2368 eccatores
1316 2305 1351 2366 ad
1375 2307 1565 2369 consessionem
1590 2328 1712 2374 vocans:

152 2380 219 2459 πρὸς
229 2384 274 2442 τὸν
288 2384 435 2464 προρήτην,
444 2331 494 2445 xiv
509 2387 629 2466 μυριάκις
644 2388 808 2465 ἁμαρτάνης,
819 2392 854 2458 είς
867 2389 923 2459 iio·
973 2330 1192 2467 qttsndoquidim
1215 2389 1302 2459 Deus,
1326 2386 1466 2445 homiuum
1487 2407 1592 2463 amans,
1616 2407 1714 2467 magna

154 2461 298 2539 μολόγησιν
314 2464 405 2523 ἑαυτὸν
422 2465 653 2547 παραδιῖις.Τοῦτο
668 2467 697 2527 δὲ
714 2454 800 2573 λίγώ,
811 2473 841 2529 οὐ
857 2494 922 2551 προ-
972 2467 1053 2541 etiam
1068 2480 1174 2545 peccata
1189 2464 1270 2525 delet.
1287 2465 1360 2537 Quid
1374 2465 1447 2525 enim
1463 2467 1552 2546 majus
1565 2465 1714 2529 homicidio

152 2542 314 2620 τρεπόμενος
331 2545 366 2610 είς
385 2544 416 2604 τδ
437 2545 615 2623 ἁμαρτάνειν,
631 2546 699 2605 ἁλλὰ
722 2569 782 2613 τους
795 2549 922 2627 ἁμαρτά·
972 2545 1161 2606 etaduitetio?
1173 2558 1200 2604 et
1213 2561 1302 2606 tamen
1311 2544 1377 2604 audi
1408 2544 1549 2626 rophetam
1559 2545 1653 2626 ipsum
1665 2546 1714 2624 qui

153 2641 245 2687 νοντας
265 2623 302 2688 εἰς
323 2621 509 2703 ἐξομολόγησιν
530 2625 772 2703 προσκαλούμενος·
794 2627 885 2700 ίπειδή
906 2634 921 2690 ὁ
971 2624 1094 2706 peccavit
1107 2625 1264 2684 dicentem:
1282 2624 1364 2697 Diei,
1378 2566 1547 2705 donfitebor
1558 2625 1714 2691 adversum
1723 2667 1855 2717 mm

151 2699 220 2766 θεὸς
239 2701 421 2781 φιλάνθρωπος
440 2702 476 2761 ὢν
490 2704 536 2764 καί
549 2702 583 2762 τὰ
598 2705 702 2784 μεγάλα
722 2710 775 2764 τῶν
798 2709 920 2788 ἁμαρτη·
971 2726 1017 2764 me
1029 2702 1203 2784 injustitiam
1219 2725 1314 2763 meam
1330 2705 1469 2775 Domino,
1488 2716 1516 2762 et
1531 2718 1563 2763 tu
1576 2709 1714 2768 remisisti
1830 2696 1866 2716 '⁶

151 2777 243 2854 μάτων
257 2779 396 2862 ἐξαλείρει.
406 2784 432 2840 'l’
434 2783 443 2841 i
456 2783 508 2862 γὰρ
522 2786 610 2861 μεῖζον
623 2783 702 2864 φόνου
715 2785 761 2843 καί
778 2787 919 2866 μσιγείαςς
971 2787 1149 2863 impietatem
1161 2785 1256 2842 cordis
1267 2787 1334 2841 mei.
1349 2781 1414 2842 Ideo
1428 2781 1555 2843 Christus
1568 2783 1713 2847 adveniens

149 2857 196 2915 καί
210 2862 282 2936 ὅμως
295 2861 406 2920 άκουσον
420 2868 466 2920 τοῦ
485 2863 620 2945 προφήτου
635 2864 769 2942 λέγοντος,
781 2855 859 2926 αὐτοῦ
872 2873 919 2926 τοῦ
935 2880 956 2930 Β
971 2865 1071 2944 majora
1092 2877 1201 2945 peccata
1215 2861 1387 2938 condonavit,
1407 2863 1538 2921 latronem
1558 2861 1586 2921 in
1601 2864 1713 2944 paradi·

151 2937 364 3021 ἁμαρτήσαντος·
377 2932 464 3015 Εἶτα,
477 2942 639 3048 ίὶαγορεώσω
651 2945 710 3002 κατ’
721 2945 787 3020 ἐμοῦ
800 2945 848 3018 τήν
859 2948 919 3005 dvo·
969 2963 1030 3002 snm
1052 2943 1215 3013 introduxit,
1231 2942 1409 3024 publicanum
1428 2941 1621 3020 evangelistam
1639 2944 1713 3018 fecit,

152 3016 216 3094 μίαν
231 3042 281 3096 μου
293 3024 332 3100 τῷ
345 3020 499 3101 Κυρίω,καλ
512 3047 543 3082 συ
555 3026 659 3103 άρῆκας
671 3021 719 3094 τήν
734 3023 858 3084 αἰσίάειαν
872 3029 920 3098 τῆς
970 3022 1195 3083 contumeliosum
1212 3037 1238 3081 ct
1254 3021 1442 3103 blasphemum
1457 3021 1573 3079 Panium
1591 3023 1654 3085 iecit
1669 3043 1714 3082 or·

151 3097 263 3176 καρδίας
283 3123 342 3176 μου.
364 3080 510 3160 Διδάτοῦτο
525 3102 571 3160 καὶ
584 3099 620 3161 τὰ
638 3103 743 3180 μεγάλα
765 3109 817 3164 τῶν
831 3106 888 3184 ἁμα
970 3101 1013 3160 bis
1031 3117 1163 3161 terrarum
1184 3124 1198 3159 a
1220 3102 1347 3173 ostolum,
1367 3114 1434 3158 utet
1448 3111 1606 3191 inpeccatis
1619 3102 1714 3162 nodo·

149 3176 277 3252 τημάτων
298 3180 441 3260 ὁΧριστδς
464 3181 632 3258 ἐπιδημήσας
658 3181 858 3263 συνεχώρησεν·
873 3128 920 3244 rii
970 3201 1068 3261 speres,
1085 3180 1132 3240 sod
1145 3124 1276 3240 coniceris
1291 3180 1422 3238 medelam
1438 3200 1565 3261 accipias.
1584 3182 1713 3263 Confite·
1722 3231 1777 3278 md

150 3255 251 3334 λῃστήν
272 3259 309 3323 εἰς
325 3258 369 3316 τὸν
392 3259 551 3360 παράδεισον
572 3260 714 3339 εἰσήγαγε,
733 3262 778 3322 τδν
802 3262 919 3337 τελώνην
970 3265 1043 3319 mini
1063 3262 1207 3333 Domino,
1230 3263 1370 3339 qnoniam
1393 3262 1497 3331 θοπυε,
1520 3265 1660 3336 quoniam
1680 3265 1712 3319 in
1727 3308 1746 3343 b
1778 3265 1784 3278 '
1808 3243 1862 3293 '¹⁷'

152 3334 340 3413 εὖαγγελισιήν
362 3337 520 3417 εἰργασατο,
534 3338 578 3398 τδν
597 3338 723 3419 tipum-tn
735 3341 781 3399 καὶ
797 3342 919 3424 βλάσρη-
970 3341 1109 3399 soecuium
1123 3339 1321 3398 misericordia
1333 3342 1407 3420 ejus.
1429 3337 1469 3396 Eo
1487 3338 1632 3398 secundam
1647 3360 1714 3398 cau·

151 3435 201 3489 μον
224 3417 331 3474 Παῦλον
350 3416 495 3477 ἀπόστολον
517 3421 564 3489 τῆς
585 3418 740 3496 οἰκουμίνης
758 3422 918 3499 πεποίηκεν,
969 3439 1045 3496 sam3
1060 3419 1152 3499 accipe
1164 3418 1281 3492 tertiam.
1296 3417 1422 3476 Salvator
1434 3430 1524 3475 noster
1537 3433 1665 3477 venturus
1676 3419 1713 3483 ad

150 3490 194 3552 ίνα
214 3495 259 3552 καί
278 3493 310 3552 σὺ
327 3494 364 3574 μή
386 3497 510 3576 άπαγνῶς
530 3497 586 3574 ἁμα
604 3498 705 3571 τάνων,
718 3501 776 3558 ἀλλ’
795 3498 919 3572 ίξομολο-
971 3511 1087 3559 noserat
1099 3498 1247 3557 secundum
1261 3498 1425 3557 incarnatam
1439 3495 1610 3576 praesentiam
1622 3518 1709 3570 suam,

149 3572 274 3650 γούμενος
285 3574 334 3648 τήν
353 3555 493 3652 θεραπείαί
508 3521 631 3657 ὑποδίὰῃ.
646 3575 862 3658 Ἐξομολογείσθε
880 3585 919 3664 τῷ
970 3593 997 3637 et
1011 3577 1100 3638 carnis
1118 3590 1216 3636 nostro
1232 3596 1348 3636 massam
1361 3589 1530 3634 assumturus
1544 3597 1649 3663 aecum
1662 3575 1711 3636 ho·
1809 3612 1816 3629 .

149 3652 250 3732 Κυρίῳ,
263 3654 305 3713 δτι
319 3655 430 3734 ἀγαθὸς,
441 3651 482 3715 δτι
496 3659 531 3723 εἰς
544 3657 589 3717 τδν
601 3659 685 3716 αἰῶνα
698 3659 729 3717 τδ
742 3657 813 3725 ἔλεος
827 3663 918 3721 αὐτοῦ.
972 3656 1094 3717 minibus
1108 3670 1263 3716 versaturus
1280 3679 1286 3711 ι
1302 3654 1351 3714 sed
1360 3654 1425 3733 quia
1440 3656 1512 3713 Deus
1523 3669 1589 3728 erat,
1601 3670 1628 3716 ot
1638 3655 1711 3717 solus

133 3727 218 3807 γ’ίδοθ
240 3731 359 3812 δεύτερον
375 3733 473 3794 αίτιον·
490 3735 557 3795 λάίε
574 3736 619 3796 καί
634 3736 666 3795 τδ
676 3737 774 3817 τρίτον.
785 3735 918 3817 ’,Εμτλλιν
935 3748 953 3795 F
970 3736 1028 3796 siue
1043 3750 1162 3816 peccato,
1175 3735 1305 3795 concessit
1320 3747 1351 3793 ut
1365 3733 1427 3792 'usti
1439 3755 1487 3815 per
1499 3731 1617 3794 liberum
1634 3735 1712 3795 arbi-

143 3812 273 3950 ιῥΣωι-ήρ
287 3817 365 3891 ήμῶν
379 3815 518 3916 ίπιδημρῑν
535 3814 673 3913 κατὰκτήν
696 3817 824 3899 ἔνσαρκον
838 3817 1053 3906 αὐτσῦωγίείιυυ
1066 3837 1146 3875 suum
1166 3816 1193 3873 in
1209 3815 1341 3874 humanos
1374 3834 1456 3894 apsns
1472 3812 1634 3905 inciderent3
1655 3835 1709 3906 non

145 3893 918 4059 minnistin}antemittit?
933 3921 953 3967 Α
969 3891 1710 4054 ti:{ittttttnffitpitfn'stitit:
1794 3902 1865 3998 i

148 4056 253 4129 φεσθαι·
266 4053 324 4109 ἀλλ·
340 4052 433 4123 ἐπειδή
445 4053 513 4119 Θεδς
526 4046 558 4126 ήν
572 4054 618 4113 καί
628 4054 706 4129 μόνος
717 4058 915 4137 ἀναμάρτητος,
970 4067 1038 4114 rent.
1058 4057 1105 4116 Sic
1127 4054 1212 4133 igitur
1234 4053 1371 4112 Abraham
1392 4073 1500 4130 quoque
1519 4072 1573 4142 non
1596 4053 1708 4113 credens

147 4128 318 4208 συνεχώρησε
330 4138 383 4198 τοῖς
394 4131 519 4204 δικαίοις,
532 4133 603 4193 κατδι
616 4134 665 4205 τήν
679 4137 778 4194 οἰκείαν
791 4138 918 4218 προαίρε-
970 4133 1099 4215 Peccavit,
1110 4148 1136 4192 et
1147 4150 1239 4212 poenas
1249 4155 1265 4191 α
1276 4134 1333 4192 Deo
1344 4132 1479 4191 immissas
1489 4132 1571 4190 soluit
1582 4155 1589 4188 ε
1600 4136 1640 4192 Et
1651 4154 1708 4193 ser-
1720 4188 1740 4230 G
1804 4184 1818 4231 5

151 4215 155 4221 '
205 4207 377 4285 ἀνθρωπίνοις
390 4209 528 4288 σφάλμασι
542 4221 706 4294 περιπεσεῖν·
721 4218 768 4274 οῦκ
784 4217 861 4285 αὐτὸς
881 4221 918 4284 εἰς
971 4219 1232 4273 oietsementuum
1243 4232 1338 4271 annos
1353 4195 1828 4296 quadringentosncrur33f³'

215 4309 230 4344 ν
244 4288 338 4356 αὐτοὺς
350 4288 465 4355 καλίσας
478 4289 527 4363 τήν
543 4293 691 4371 ἁμαρτίαν,
705 4294 773 4353 snt
786 4297 917 4380 προαιρί-
969 4315 1030 4358 sum
1043 4295 1163 4375 Moyses,
1179 4313 1242 4351 cum
1255 4311 1307 4349 noo
1322 4290 1496 4368 glorificasset
1510 4292 1609 4360 Deum,
1621 4311 1707 4368 quan·

147 4376 191 4429 est
203 4368 380 4448 συγχωρήσας
394 4369 492 4429 ὁδεύειν
512 4371 581 4429 κατὰ
595 4372 640 4430 τὸν
656 4372 721 4431 ίδιον
738 4374 846 4435 σκοπόν.
861 4375 916 4436 ot·
968 4372 1006 4433 do
1020 4393 1116 4457 aquam
1133 4393 1168 4430 er
1182 4392 1248 4450 rupe
1268 4370 1380 4448 ingratis
1398 4370 1513 4446 largitus
1530 4382 1579 4444 cst,
1601 4383 1709 4450 propter

162 4454 166 4463 '
199 4452 261 4525 γοῦν
279 4447 326 4506 καί
342 4448 464 4528 Ἀδραὰμ
484 4447 604 4532 ἥμαρτεν
629 4453 849 4523 interficiemini
872 4455 915 4516 διὰ
969 4453 1020 4511 hoc
1032 4450 1532 4511 Deusdixiteizlitoideasterram
1542 4453 1778 4539 promissio-Dm
1791 4487 1858 4553 ,Μ’

176 4529 193 4545 ”
211 4528 366 4608 οτιμωρίαν
382 4526 488 4596 ίδίξατο
500 4529 574 4611 παρὰ
592 4535 638 4589 τοῦ
652 4533 914 4595 &cornicantes
969 4541 1026 4602 m's,
1038 4544 1066 4591 et
1079 4551 1137 4589 non
1150 4531 1274 4588 intrabis
1285 4533 1316 4586 in
1330 4529 1424 4586 illam.
1437 4527 1477 4584 lta
1487 4544 1512 4584 et
1525 4527 1596 4587 hunc
1610 4528 1710 4608 penni-
1782 4526 1788 4538 “

164 4626 190 4664 οι
210 4605 241 4664 τδ
267 4607 319 4667 cni
337 4629 376 4686 μα
400 4632 453 4668 σου
472 4607 517 4681 ίτη
543 4607 711 4691 τετρακόσια.
729 4610 782 4670 Καὶ
808 4615 916 4675 πάλινὸ
969 4611 1004 4670 sit
1015 4613 1043 4669 io
1061 4622 1200 4690 peccatum
1212 4606 1339 4678 incidero,
1351 4607 1398 4664 nti
1420 4606 1535 4665 sosolus
1549 4606 1576 4665 in
1591 4606 1710 4668 humano

201 4694 214 4707 ‘¹
235 4690 280 4783 ⁹5,
297 4631 335 4764 μή
351 4687 519 4783 δοξάσαςιτὸν
535 4689 915 4792 Θεδν,δτε·τδθδωρίκπε’-
933 4694 951 4740 Β
969 4711 1080 4770 conpore
1104 4687 1289 4779 impeccabilis
1318 4627 1569 4779 deperienderetur.
1593 4687 1742 4776 ideoque-J
1770 4714 1780 4789 ',
1789 4695 1799 4779 ὲ
1814 4687 1838 4791 ’ὲ

165 4768 916 4929 ωααήοοίήκϊήπήματα
970 4768 1281 4919 {titinium
1290 4764 1711 4922 tuitiensium
1724 4780 1861 4889 nn

159 4934 161 4939 ’
208 4923 344 5006 είσελιώση
355 4927 383 4983 ἐν
395 4910 559 5005 αὐτήθίτω
571 4928 617 4986 καί
630 4929 717 5008 τούτῳ
731 4931 916 5011 συνεχώρησεν
973 4931 1087 4989 malum
1096 4949 1196 4987 corum
1208 4940 1236 4985 te
1243 4928 1315 5007 sect.
1329 4925 1443 4997 Quare?
1460 4926 1497 4983 tn
1503 4929 1575 5004 justi
1597 4930 1671 4984 ceris
1680 4931 1713 4985 in

199 5002 332 5082 ἁμαρτίαν
346 5007 484 5084 ἐμπεσεῖν,
493 5004 538 5065 ίνα
553 5007 630 5085 μόνος
644 5009 721 5077 αὐτὸς
736 5011 763 5070 ἐν
783 5012 917 5092 ἀνθρωπί·
973 5011 1153 5071 sermonibus
1165 5009 1232 5074 tuis,
1248 5019 1276 5064 et
1290 5009 1470 5064 minumum
1479 5006 1633 5085 judicaris.
1644 5005 1713 5064 Cum

157 5148 160 5153 ,
205 5082 319 5161 σώματι,
338 5083 524 5167 ἀναμάρτητος
547 5091 650 5168 εὑρεθῇ.
672 5088 724 5149 Διὰ
745 5096 824 5151 τοῦτο
844 5090 918 5152 xcii
974 5089 1098 5174 ἆὶσεγίίία
1107 5084 1247 5147 advenerit
1265 5084 1304 5143 ibi
1323 5082 1411 5144 dicit:
1429 5085 1515 5143 visan
1531 5084 1587 5143 sore
1600 5104 1715 5144 massam

191 5278 194 5300 ¹
211 5262 243 5314 ln
255 5262 393 5329 tngltcauo
408 5262 467 5319 cod.
482 5264 536 5317 hnc
548 5268 636 5318 vitiata
651 5270 688 5319 εἰσ
707 5268 837 5336 leguntur,
847 5279 910 5326 ἀλλὰ
994 5274 1006 5312 b
1024 5271 1105 5324 Vetio.
1117 5280 1165 5331 ταῖς
1188 5274 1320 5340 ἁμαρτίαις.

191 5363 237 5396 oon
248 5355 280 5410 τῷ
292 5352 373 5416 νθθρῳ,
385 5352 407 5398 ti
423 5367 445 5399 τι
462 5351 531 5408 diist,
543 5349 579 5406 δθς
591 5352 604 5400 δ
615 5351 725 5416 finiisset
736 5365 743 5382 ⁸
755 5356 793 5404 οὐκ
809 5359 842 5407 t'rt
853 5361 909 5423 veip-
1182 5358 1187 5367 ’
