3750 6052
974 532 1006 599 ll

224 655 285 720 alia
302 656 410 720 omissa
435 678 470 719 es
497 656 604 719 eodem
617 656 786 740 supplenda
802 656 891 719 nobis
911 654 1108 739 reliquuunt.
1129 654 1237 737 Neque
1249 658 1314 719 sine
1328 655 1431 717 lructu
1452 654 1549 718 etiarn
1561 654 1596 715 in
1610 652 1652 719 iis
1665 652 1779 717 llomi·

226 752 285 837 liis,
295 738 372 834 quas
384 751 570 814 Benedictini
578 774 615 815 ex
629 754 695 816 aliis
708 752 862 815 codicibus
871 750 1038 825 ediderant,
1051 751 1183 816 Sorilius
1191 751 1232 814 ah
1242 753 1332 815 nohis
1344 750 1474 815 collatus
1483 764 1540 813 est.
1549 750 1666 814 statem
1679 752 1778 825 locos,

225 850 392 925 presertim
409 849 442 908 in
455 848 595 911 llomiliis
608 864 722 930 septem
735 849 774 911 de
788 848 943 922 Paschate,
958 868 995 909 ex
1008 850 1180 928 conjectura
1192 860 1294 909 nostra
1306 848 1501 911 restituimus.

267 942 436 1005 volumine
454 965 538 1007 nono
551 947 748 1007 continentur
760 946 897 1025 primum
911 942 1049 1005 llomilioe
1058 944 1092 1003 in
1107 941 1181 1003 dcta
1193 941 1404 1023 Apostolorum
1415 967 1424 1003 ι
1437 962 1506 1023 quse
1517 944 1672 1023 quoniam
1686 942 1729 1004 alr
1741 964 1780 1005 eo

227 1058 331 1113 more,
345 1059 438 1117 quem
458 1037 691 1118 chrysostomus
704 1040 737 1098 iu
758 1038 965 1100 concionando
988 1037 1169 1119 plenamque
1190 1050 1283 1107 tenet,
1301 1058 1536 1117 nonnumquam
1549 1038 1707 1101 disoedete
1733 1040 1780 1101 ri-

227 1131 353 1207 dentur,
366 1131 406 1193 ab
423 1130 491 1194 aliis
510 1132 597 1194 aliter
616 1133 655 1194 de
672 1154 778 1194 earum
803 1134 974 1213 integritate
994 1145 1024 1193 et
1035 1133 1132 1213 pretio
1151 1130 1322 1211 judicatum
1333 1144 1388 1195 est.
1405 1132 1545 1194 Fuerunt
1559 1134 1655 1195 etim
1667 1135 1727 1214 qui
1739 1132 1780 1195 de

228 1228 372 1307 scriptore
385 1225 572 1301 dubitarent,
587 1249 643 1289 nec
655 1227 793 1289 abessent
809 1227 945 1289 multum
965 1230 1043 1307 quin
1059 1225 1275 1307 Chrysostomo
1287 1225 1456 1289 adimerent
1477 1227 1565 1308 qnod
1584 1248 1645 1290 nos
1664 1249 1731 1289 non
1744 1230 1778 1290 in

225 1323 406 1386 cultioribus
423 1322 548 1404 quidem
567 1338 597 1385 et
620 1323 756 1404 perlectis
776 1323 919 1403 operibus
938 1322 1004 1399 ejus
1024 1319 1121 1382 l’atris
1143 1321 1300 1400 ponimus,
1313 1320 1367 1382 sed
1384 1322 1531 1402 gravitate
1546 1323 1777 1385 sententiarum

227 1430 259 1493 et
285 1417 471 1479 sublimitate
494 1418 617 1481 moralis
640 1416 806 1497 disciplina
831 1418 874 1479 ibi
898 1418 1024 1491 tradita,
1052 1417 1156 1480 ceteris
1170 1436 1254 1498 pune
1276 1417 1421 1480 omnihus
1442 1420 1558 1481 mirum
1580 1420 1616 1481 iu
1639 1419 1778 1483 modum

230 1528 368 1593 prtestare
380 1514 559 1594 judicamus.
1468 1542 1472 1547 ·

271 1695 395 1757 Postea
418 1697 531 1776 quein
554 1698 704 1776 superiore
728 1696 883 1759 volumine
907 1697 1023 1777 experti
1042 1716 1173 1770 eramus,
1199 1713 1297 1777 operte
1319 1698 1454 1777 pretium
1473 1718 1530 1761 nos
1552 1697 1689 1764 Muros
1715 1723 1782 1766 esse

233 1793 483 1869 existimavimus,
500 1794 525 1854 si
542 1812 740 1873 quaecumque
765 1793 879 1873 Regius
906 1794 1180 1874 manuscriptorum
1203 1790 1364 1855 thesaurus
1392 1792 1520 1871 olimst,
1542 1796 1576 1857 in
1601 1818 1696 1877 usum
1721 1821 1778 1861 no·

232 1901 331 1949 strum
351 1899 603 1948 converteremus.
627 1888 722 1948 Erant
742 1901 845 1950 autem
860 1887 976 1950 codices
988 1901 1121 1969 quatuor
1139 1888 1224 1967 (nam
1234 1888 1380 1967 quintum
1389 1887 1430 1950 ah
1440 1904 1559 1953 roecrrte
1567 1904 1602 1955 et
1615 1892 1699 1955 male
1715 1894 1777 1957 fido

232 1982 355 2055 librario
371 1996 527 2045 exaratum
540 1982 679 2044 consulto
691 1984 932 2062 praeterivimus),
954 1987 1111 2065 scripturae
1120 1982 1300 2045 varietatem
1323 1982 1489 2044 anaximatn
1507 1984 1689 2065 prebentes.
1704 1987 1778 2064 Qun

232 2076 318 2139 brevi
340 2089 475 2157 tempore
496 2096 551 2139 nos
576 2075 679 2138 docuit
698 2098 768 2140 vere
793 2091 974 2159 auguratum
990 2100 1053 2142 esse
1073 2077 1222 2142 Sacilium
1236 2076 1275 2139 de
1294 2077 1409 2160 duplici
1425 2079 1523 2142 iornra
1540 2080 1590 2143 rel
1604 2084 1784 2145 recensione

233 2175 344 2236 harum
353 2173 566 2237 Homilisrum.
577 2175 654 2236 Eam
666 2176 821 2256 perspicue
833 2187 1006 2237 monstrant
1017 2173 1133 2236 codices
1146 2173 1254 2247 nostri,
1262 2175 1465 2254 antiquiorem
1475 2188 1507 2237 et
1518 2177 1661 2257 genuinas
1674 2178 1778 2241 lornru

232 2272 403 2351 proximam
417 2267 468 2329 ille
480 2267 579 2329 saeculi
595 2267 715 2345 decimi,
727 2290 818 2349 quem
831 2268 917 2330 litera
929 2269 957 2325 D
970 2268 1191 2348 significamus;
1205 2269 1401 2329 recentiorem
1412 2269 1519 2350 reliqui
1532 2271 1589 2351 qui
1602 2271 1696 2334 uobis
1707 2288 1781 2335 sunt

233 2368 277 2441 A,
292 2370 329 2443 B,
345 2369 380 2443 C,
399 2381 459 2428 tres
472 2387 509 2427 ex
523 2386 587 2426 uno
599 2367 682 2427 lonte
697 2365 832 2428 delicati.
849 2366 957 2428 sontes
982 2379 1116 2427 nostram
1132 2363 1359 2425 annotationem
1375 2383 1392 2423 e
1412 2362 1496 2444 adp.
1511 2368 1563 2442 ὁὶ,
1580 2363 1617 2423 Ε.
1632 2363 1772 2429 Priorem

234 2463 380 2524 Erasmus
391 2461 485 2522 latine
504 2462 646 2541 expressit
665 2461 815 2541 eleganter
834 2474 864 2522 et
876 2474 1025 2537 accurate,
1040 2482 1102 2521 non
1123 2472 1226 2520 nostro
1246 2469 1347 2518 tamen
1369 2457 1470 2519 codice
1483 2459 1513 2517 D
1525 2480 1625 2541 usus,
1640 2482 1716 2523 nam
1729 2461 1778 2525 hic

234 2556 379 2619 llomilias
393 2576 498 2618 omnes
519 2556 664 2632 continet,
680 2555 875 2616 lirasmianus
888 2555 1045 2636 postremis
1068 2555 1119 2629 (54
1129 2566 1160 2615 et
1173 2558 1222 2626 55)
1230 2555 1361 2616 caruisse
1370 2552 1778 2637 videtur,quippeexaltera

233 2649 286 2711 ills
299 2650 470 2711 recensione
479 2649 511 2708 in
520 2646 716 2710 codicibusA
729 2650 755 2707 B
776 2650 910 2728 Cognita
923 2648 1040 2728 abipso
1050 2647 1143 2709 latine
1163 2645 1298 2709 redditis.
1322 2648 1402 2714 Vide
1413 2669 1468 2711 nos
1487 2670 1555 2730 pag.
1573 2652 1650 2729 tot,
1663 2666 1733 2715 not.
1745 2674 1776 2713 a.

237 2744 375 2806 Eandem
398 2744 602 2804 recensionem
622 2744 654 2802 in
673 2744 853 2803 universum
876 2745 969 2804 secuti
984 2756 1058 2805 sunt
1075 2743 1190 2804 Fronto
1203 2742 1331 2804 Ducum
1343 2755 1374 2805 et
1392 2743 1592 2823 Benedictini,
1603 2746 1658 2808 sed
1678 2748 1777 2809 innu-

236 2841 327 2900 meris
350 2836 421 2898 locis
434 2857 472 2897 ex
486 2836 581 2897 altera
593 2835 803 2916 interpolatam
817 2850 847 2897 et
866 2838 955 2899 variis
967 2837 1066 2900 modis
1085 2838 1266 2918 permixtam
1289 2836 1442 2899 exhibent.
1470 2837 1517 2900 Be
1534 2860 1600 2920 qua
1618 2862 1652 2902 re
1675 2842 1779 2905 brevi·

237 2949 282 2996 ter
306 2932 482 2993 monuimus
494 2933 525 2990 in
540 2944 610 2992 nota
624 2951 640 2990 c
658 2929 697 2992 ad
710 2951 779 3011 pag.
805 2934 857 3007 52,
882 2934 919 3009 E,
945 2947 975 2993 et
996 2934 1105 3014 passim
1129 2931 1210 2994 alibi.
1232 2931 1373 2994 Ceterum
1387 2932 1480 2996 tantis
1506 2934 1650 2998 subsidiis
1661 2937 1780 3000 instro-

237 3030 296 3105 cti,
328 3030 391 3108 jam
416 3026 601 3105 apertissime
621 3045 797 3105 cognoscere
827 3038 1019 3106 poteramus,
1055 3027 1089 3087 in
1116 3028 1260 3089 varietate
1286 3026 1425 3089 codicum
1468 3028 1646 3091 announda
1681 3033 1779 3095 Bene·

238 3123 424 3184 dictinorum
436 3118 632 3199 diligentiam,
652 3140 692 3180 ne
712 3119 848 3182 dicamus
871 3120 974 3199 iidem,
986 3142 1110 3201 prorsus
1120 3120 1294 3184 desiderari.
1321 3121 1453 3200 Quando
1473 3122 1513 3184 de
1531 3144 1593 3183 uno
1606 3124 1712 3188 codice
1733 3126 1779 3189 lo·

239 3216 427 3297 qnebantur,
452 3227 592 3295 poteraut
611 3214 649 3276 de
674 3214 771 3276 trihus
792 3230 971 3295 quatuorve,
994 3237 1071 3296 quas
1098 3216 1226 3279 eandem
1239 3218 1400 3280 lectionem
1421 3218 1554 3298 prebere
1573 3220 1777 3295 videbamus;

238 3311 363 3394 quando
378 3310 415 3372 de
435 3310 641 3388 manuscriptis
655 3308 765 3386 (diss),
780 3311 832 3372 rix
845 3330 926 3371 unus
940 3311 1089 3390 ejusmodi
1104 3314 1284 3393 scripturam
1297 3311 1448 3389 offerebat,
1470 3314 1627 3378 interdum
1638 3338 1682 3380 ue
1698 3338 1786 3381 nnus-

240 3409 363 3489 quidem
377 3430 385 3479 ς
400 3405 470 3469 ride
481 3424 549 3486 que
558 3404 690 3465 dixirnus
701 3406 733 3464 in
746 3419 819 3466 noto
839 3404 910 3466 dud
923 3426 989 3486 pag·
1004 3408 1056 3478 s33
1074 3419 1146 3468 nota
1160 3410 1177 3466 b
1191 3406 1231 3467 ad
1251 3427 1320 3488 pag.
1343 3408 1400 3480 923
1426 3421 1499 3470 nota
1520 3409 1682 3493 eadpag.
1707 3410 1777 3484 tst;

240 3517 312 3564 nota
331 3522 350 3560 o
366 3500 406 3563 ad
419 3519 487 3580 pag.
514 3500 583 3570 191,
599 3510 671 3558 nota
684 3517 701 3555 c
717 3497 757 3559 ad
769 3517 837 3577 pag.
849 3499 920 3561 ast.
945 3499 992 3558 lle
1009 3517 1081 3560 vera
1092 3519 1192 3561 unum
1212 3502 1427 3564 tantummodo
1444 3504 1607 3568 contulisse
1619 3505 1779 3582 videntur,

239 3596 329 3658 illum
342 3597 396 3676 qui
410 3593 497 3654 nohis
509 3604 553 3652 est
565 3593 603 3668 B,
621 3591 652 3651 in
666 3605 751 3654 textu
764 3591 958 3654 exscribendo
976 3591 1199 3656 Gornmelinum
1212 3597 1319 3674 secuti,
1339 3597 1460 3660 sortasse
1470 3599 1510 3661 ab
1523 3600 1681 3679 Morellio,
1695 3605 1781 3682 cujus

238 3693 370 3755 editione
384 3688 456 3750 iude
476 3684 663 3749 avolumine
676 3700 782 3749 octavo
796 3687 984 3762 carebamus,
1001 3686 1051 3748 hic
1072 3687 1133 3750 illic
1153 3692 1300 3752 relictum.
1319 3692 1466 3756 Pretersa
1485 3693 1538 3756 illi
1552 3716 1591 3757 ex
1607 3696 1712 3759 codior
1731 3696 1784 3759 vel·

239 3785 395 3849 codicibus
421 3783 483 3843 suis
500 3779 681 3860 plerumque
702 3802 737 3842 ea
751 3795 900 3843 annotant
923 3803 992 3862 qne
1013 3803 1103 3844 nemo
1131 3787 1295 3866 quisquam
1320 3786 1488 3866 desideret,
1516 3804 1704 3870 praetereunt
1720 3792 1782 3854 sere

239 3880 388 3961 graviora,
405 3893 640 3952 nonnumquam
652 3873 705 3935 illa
716 3877 779 3956 ipsa
788 3896 858 3956 quae
872 3879 961 3939 unice
979 3898 1050 3940 vers
1062 3877 1202 3942 habenda
1209 3894 1293 3943 sunt.
1304 3881 1413 3944 Gonier
1425 3896 1531 3947 uotam
1544 3888 1560 3919 ¹*
1570 3886 1612 3949 ad
1620 3906 1694 3969 pag.
1708 3890 1777 3952 iol.

274 4064 367 4144 Quod
378 4065 417 4127 de
428 4066 542 4146 duplici
556 4063 726 4128 recensione
738 4059 850 4122 harum
862 4061 1064 4125 llomiliarum
1073 4065 1306 4144 significavimus
1317 4111 1326 4143 ,
1341 4070 1384 4131 ita
1394 4082 1604 4151 comparatum
1613 4084 1679 4152 est,
1695 4084 1731 4134 ut
1742 4094 1780 4135 ea

239 4161 357 4237 iorma,
374 4184 468 4243 quam
490 4162 583 4225 codex
607 4162 636 4220 D
653 4157 803 4232 ostendit,
827 4158 933 4220 multis
944 4180 976 4222 se
989 4162 1118 4241 vestigiis
1136 4161 1245 4241 prodat
1262 4163 1355 4226 altera
1369 4166 1574 4246 antiquiorem
1587 4180 1619 4229 et
1641 4168 1781 4249 genuina

240 4260 350 4340 origini
360 4258 544 4321 affiniorcmr
553 4277 625 4317 nam
637 4254 761 4317 scientes
771 4253 993 4335 prudentesque
1002 4277 1064 4317 non
1074 4255 1231 4335 loquimur
1240 4257 1279 4319 de
1290 4260 1494 4335 chrysostomi
1508 4281 1613 4333 manu,
1625 4262 1675 4324 uti
1685 4263 1784 4326 solent

240 4355 274 4415 in
295 4353 406 4417 talibus
422 4354 594 4415 criticorum
605 4349 742 4432 plurimi;
762 4347 840 4409 bene
852 4368 1002 4409 memores
1015 4347 1125 4410 harum
1141 4351 1362 4429 expositionum
1374 4351 1555 4415 biblicamm
1571 4354 1740 4431 (limnilias
1750 4358 1788 4418 io

239 4450 374 4514 Psalmos
393 4448 567 4532 excipimus)
584 4461 700 4529 partem
714 4446 878 4506 maximam
892 4465 955 4506 non
973 4447 1114 4526 scriptam
1133 4446 1253 4509 luisses
1273 4445 1306 4507 S.
1320 4446 1560 4523 doctore,sedex
1574 4452 1783 4513 concionantis

240 4565 292 4605 ore
306 4545 421 4608 calerno
433 4559 599 4627 exceptam
616 4544 729 4606 horum
745 4554 850 4603 autem
870 4538 1066 4601 voluminum
1076 4540 1256 4622 soyoypripov
1272 4540 1414 4604 manibus
1432 4542 1661 4605 cumulatorum
1675 4567 1745 4626 pars
1764 4569 1787 4609 a·

239 4639 453 4719 chrysostomo
470 4640 577 4703 relecta
590 4650 620 4700 et
634 4637 746 4699 cultius
758 4635 910 4698 elaborata
923 4634 1013 4697 luisse
1027 4633 1160 4712 videtur,
1175 4650 1212 4697 ut
1223 4637 1254 4697 in
1267 4637 1380 4717 quibus
1389 4657 1586 4719 agnoscamus
1598 4654 1784 4721 perpetuum

240 4748 271 4797 et
282 4732 428 4814 equabite
444 4732 558 4795 flumen
573 4732 751 4813 eloquentia
766 4729 1048 4810 chrysostomisne5
1070 4750 1177 4791 verum
1195 4731 1265 4811 ulia,
1283 4746 1319 4793 ut
1333 4752 1371 4794 ex
1383 4733 1455 4813 ipsis
1470 4734 1627 4815 perspicue
1643 4750 1782 4817 apparet,

242 4831 384 4892 exierunt
396 4828 626 4888 emendatricem
637 4840 667 4888 et
678 4825 880 4907 perfectricem
891 4845 1019 4886 manum
1035 4823 1068 4885 S.
1083 4823 1213 4887 doctoris
1223 4847 1285 4887 non
1295 4842 1426 4909 experta.
1437 4827 1539 4906 Quare
1547 4848 1739 4910 quamquam
1751 4832 1784 4893 in

241 4924 293 4986 illa
306 4923 488 4999 recensione,
506 4920 607 4983 codice
621 4921 650 4977 D
660 4919 748 4980 nobis
758 4918 942 4993 transmissa,
956 4915 1068 4980 multas
1085 4917 1205 4978 dicendi
1227 4919 1354 4981 virtutes
1366 4920 1545 5000 agnovimus
1555 4940 1624 5002 quse
1637 4921 1680 4983 ah
1690 4920 1786 4985 altera

239 5023 362 5098 alrsunt,
377 5040 438 5082 nou
465 5017 534 5079 ideo
548 5031 648 5077 tamen
661 5015 818 5077 confestim
830 5012 1035 5094 chrysostomi
1047 5035 1174 5076 manum
1192 5034 1358 5094 crepamus.
1381 5015 1434 5077 Est
1445 5029 1549 5078 autern
1564 5017 1596 5077 in
1614 5014 1671 5079 illo
1682 5017 1785 5083 codice

239 5130 269 5178 et
294 5114 456 5177 verborum
479 5113 569 5174 series
598 5125 628 5171 et
649 5113 832 5172 constructio
850 5111 1032 5192 elegantior,
1061 5111 1280 5192 particularum
1301 5113 1467 5174 orationem
1486 5115 1688 5175 vincientium
1708 5134 1788 5175 usus

237 5215 405 5276 exactiores
422 5212 562 5286 severior,
586 5212 649 5291 ipsa
663 5211 809 5289 esposffio
831 5210 879 5271 vel
892 5210 1021 5273 elocutio
1036 5211 1216 5289 adstrictior,
1229 5222 1264 5269 ut
1278 5229 1344 5291 quse
1370 5229 1430 5270 ιιοιι
1445 5221 1558 5288 repetat
1574 5208 1724 5271 vocabula
1745 5230 1786 5273 ex
