3714 5970
799 541 802 547 ‚
827 473 1012 521 onerario,

111 674 114 678 ’
160 674 1710 708 W

667 905 760 992 -ΕΧ
793 902 1195 991 PRAEFATIONE

774 1175 932 1238 Erasmus
950 1173 1107 1236 BlGOTll.

744 1415 1138 1448 m

194 1658 209 1690 a
223 1634 293 1693 Cum
308 1633 429 1714 primum
442 1630 476 1692 de
490 1630 595 1692 edendo
610 1629 683 1693 Vita
694 1629 724 1689 S.
736 1628 849 1690 loannis
863 1626 1051 1708 Chrysostomi
1063 1627 1161 1687 Graeoo
1171 1641 1298 1688 contextu
1310 1629 1428 1710 cogitare
1437 1628 1518 1712 coepi,
1529 1629 1629 1689 Lectm
1638 1629 1717 1689 bare-

152 1722 225 1797 vole,
238 1723 375 1783 uberiores
385 1736 461 1782 norm
473 1723 502 1781 in
515 1741 575 1782 eam
589 1721 706 1782 scribere
717 1733 885 1793 statueram,
900 1718 937 1778 ob
948 1716 1030 1797 idque
1042 1717 1204 1798 collegeram
1219 1718 1358 1799 quidquid
1371 1721 1401 1782 iri
1424 1721 1552 1804 operibus
1560 1721 1720 1800 eloquentis·

151 1818 214 1878 simi
229 1817 357 1893 doctoris,
366 1815 500 1897 quidquid
512 1814 540 1876 in
551 1814 659 1895 scriptis
670 1816 782 1874 Patrnm
795 1812 955 1892 equalium,
969 1811 1109 1892 quidquid
1121 1813 1240 1893 denique
1260 1814 1337 1896 apud
1362 1815 1504 1877 historicos
1528 1815 1720 1876 ecclesiaticus

151 1915 187 1976 ad
201 1938 262 1976 eam
274 1914 463 1975 illustrandam
475 1914 595 1974 conferre
606 1911 674 1971 mihi
690 1910 844 1971 videbatur.
859 1911 929 1970 Cum
942 1910 969 1969 in
984 1910 1036 1969 hac
1046 1911 1143 1991 Sparta
1153 1910 1311 1971 exornanda
1324 1932 1458 1989 versarer,
1468 1911 1537 1972 varii
1550 1910 1670 1972 subinde
1678 1931 1719 1971 me

145 2011 241 2071 'morbi
252 2023 400 2085 vexarunt;
413 2008 460 2089 qui
473 2009 630 2069 institutum
645 2028 714 2088 opus
725 2007 753 2066 in
766 2005 915 2086 longinqua
930 2018 1052 2085 tempora
1065 2006 1190 2086 rejecere.
1207 2007 1312 2065 Interea
1324 2006 1426 2087 prodiit
1439 2006 1468 2067 in
1482 2007 1571 2066 lucem
1583 2005 1727 2067 eximium·

151 2123 221 2186 opus
234 2103 269 2165 de
284 2102 471 2185 chrysostomi
481 2101 574 2183 gestis,
586 2102 622 2161 ab
637 2100 819 2161 eruditissimo
833 2113 860 2160 et
873 2097 909 2160 de
919 2099 1032 2161 historia
1045 2100 1223 2160 ecclesiastica
1241 2101 1345 2182 optime
1354 2101 1466 2174 merito,
1480 2099 1636 2162 Godeirido
1651 2101 1719 2161 ller-

34 2189 35 2193 ’
152 2197 265 2272 mantio,
281 2196 388 2255 Gallice
400 2195 596 2276 conscriptum:
611 2194 640 2254 in
656 2215 710 2273 quo
721 2192 857 2272 quidquid
869 2193 960 2254 animo
971 2213 1156 2275 conceperam,
1168 2192 1215 2252 ille
1223 2193 1328 2253 erudite
1336 2207 1416 2274 atque
1422 2195 1557 2274 eleganter
1566 2193 1719 2274 occuparit,

151 2288 189 2348 ita
204 2303 233 2349 ut
246 2289 316 2348 nihil
330 2289 397 2348 mihi
412 2288 530 2370 amplius
540 2289 676 2367 reliquum
689 2287 1046 2367 soret,quamactumagere
1062 2286 1185 2366 :quoda
1199 2286 1399 2351 meismoribus
1413 2308 1517 2369 semper
1525 2287 1578 2347 fuit
1588 2287 1718 2348 alienum.

151 2385 246 2463 ltaque
261 2382 422 2442 mutandum
436 2382 505 2442 mibi
517 2382 661 2443 consilium
676 2380 1028 2453 tuir,era1iooonvertenda
1040 2382 1129 2442 studia
1141 2405 1148 2438 r
1163 2402 1269 2463 nempe,
1280 2396 1311 2442 ut
1321 2372 1410 2443 solum
1424 2396 1579 2443 contextum
1591 2383 1718 2443 Graecum

152 2497 215 2535 cum
227 2496 297 2535 nova
311 2475 406 2535 Latina
421 2476 544 2536 versione
556 2473 660 2555 publici
673 2474 744 2554 juris
752 2474 867 2533 facerem
879 2520 888 2549 ,
904 2495 1010 2552 quemn
1024 2475 1092 2534 viris
1103 2473 1193 2534 'doctis
1206 2475 1288 2537 avide
1305 2475 1454 2557 exspectari
1468 2473 1666 2555 intelligebam.
1679 2474 1719 2534 sd

151 2590 213 2630 enm
226 2591 277 2652 pro
286 2570 459 2641 uberioribus
473 2568 765 2641 animadversionibus,
780 2590 847 2648 quas
861 2568 953 2629 animo
963 2568 1180 2646 destinaveram,
1195 2569 1325 2650 quasdem
1339 2570 1460 2646 unitim,
1470 2583 1501 2630 ut
1507 2581 1605 2628 rorant
1614 2582 1717 2644 ,notae

152 2685 212 2743 quae
226 2664 347 2745 phrasim
366 2664 482 2725 subinde
505 2664 596 2724 minus
616 2663 743 2725 usitatam
766 2677 798 2723 et'
808 2666 983 2746 σολοικοφανῆ
995 2665 1173 2747 explicarent,
1182 2663 1400 2743 elucidarentque
1417 2665 1490 2723 locos
1503 2663 1659 2736 nonnullos,
1672 2664 1719 2741 qui

152 2758 243 2825 vanos
262 2779 357 2817 sensus
375 2758 516 2837 variasque
536 2757 768 2839 interpretationes
789 2757 932 2818 admittere
953 2757 1126 2833 videbantur,
1141 2758 1289 2840 adjungere
1302 2755 1559 2840 statui.Suppuduit
1571 2777 1616 2817 me
1631 2769 1719 2816 tamen

152 2850 373 2933 pectamur,
389 2849 521 2931 propositi
535 2849 603 2923 mei3
615 2848 813 2929 indignumque
826 2849 950 2930 reputari
957 2896 966 2927 ,
979 2851 1166 2932 pretermissis
1182 2850 1354 2910 uberioribus
1367 2851 1453 2926 notis,
1466 2848 1502 2909 ad
1517 2849 1579 2909 illas
1592 2849 1721 2909 minutias

155 2942 336 3024 damnum
346 2944 450 3007 veritus
463 2945 556 3005 locum
571 2942 637 3004 dare
652 2944 761 3025 vulgari
770 2944 887 3025 adagio,
900 2948 963 3006 Pro
978 2949 1116 3007 thesauro
1126 2949 1277 3007 carbones.
1292 2948 1327 3005 At
1341 2966 1405 3006 vero
1415 2943 1557 3029 quidquid
1570 2944 1623 3004 hoc
1635 2943 1721 3003 libelli

154 3053 194 3100 est
206 3083 216 3115 ,
226 3038 405 3121 quatumvis
421 3038 621 3098 commentariis
637 3037 783 3117 destituti,
797 3060 849 3119 pro
860 3058 973 3120 magno,
982 3053 1055 3101 certo
1067 3041 1123 3100 scio
1134 3084 1143 3115 ,
1153 3039 1297 3099 habiturus
1310 3060 1338 3098 es
1349 3038 1492 3112 thesauro,
1510 3037 1532 3097 si
1547 3037 1723 3111 memineris,

150 3147 251 3214 quanto
263 3131 364 3206 studio,
373 3147 506 3213 quantave
515 3133 658 3213 diligentia
674 3133 946 3215 clarissimi-Operum
958 3136 988 3197 S.
999 3135 1111 3197 loannis
1122 3134 1308 3217 chrysostomi
1318 3132 1589 3209 editores,llenricus
1599 3131 1722 3215 Savilius

151 3239 178 3287 et
189 3227 290 3287 Fronto
302 3229 434 3302 Ducaeus,
447 3248 517 3307 opus
537 3226 610 3287 illud
633 3247 850 3308 quaquaversum
879 3228 1079 3310 perquisierint.
1099 3229 1153 3290 Sed
1174 3248 1237 3288 eum
1255 3228 1355 3288 susm
1378 3247 1470 3288 omnes
1492 3225 1721 3287 bibliothecarum

151 3320 255 3383 forulos
277 3321 477 3396 excussissent,
502 3321 588 3382 sancti
611 3322 730 3383 doctoris
755 3321 889 3383 studiosos
912 3321 1019 3406 scriptis
1045 3323 1102 3383 suis
1124 3321 1161 3382 ad
1185 3321 1310 3383 eamdem
1334 3342 1427 3382 curam
1455 3321 1636 3392 invitarunt,
1663 3340 1723 3380 mo·

153 3433 323 3496 nueruntque
345 3416 416 3477 hanc
438 3417 532 3480 Vitam
558 3417 596 3478 ad
622 3418 785 3499 paucissima
807 3418 973 3501 exemplaria
996 3417 1131 3479 redactam
1155 3439 1221 3479 esse.
1240 3418 1320 3478 Hunc
1337 3437 1388 3497 ego
1406 3416 1585 3498 archetypum
1610 3415 1722 3476 liloren-

153 3510 199 3572 tiae
220 3513 307 3595 reperi
329 3512 357 3572 in
380 3512 549 3574 Bibliotheca
566 3513 705 3575 Medicea:
724 3515 837 3596 ejusque
856 3513 1028 3576 exscribendi
1047 3514 1123 3597 eopia
1146 3513 1308 3596 perbenigne
1338 3511 1408 3572 mihi
1426 3512 1497 3572 iacta
1521 3525 1561 3571 est
1584 3532 1600 3570 a
1622 3530 1721 3592 magno

152 3606 272 3668 Etruriae
288 3611 375 3681 Duce,
391 3608 563 3669 Ferdinaudo
577 3611 604 3670 ll
621 3610 700 3689 aqui,
715 3630 794 3670 verus
809 3612 896 3690 gentis
906 3609 1036 3672 Mediceae
1047 3609 1144 3681 haeroe,
1157 3629 1275 3669 amorem
1289 3627 1351 3688 erga
1362 3606 1456 3666 literas
1464 3621 1490 3667 et
1502 3605 1622 3666 literatos
1634 3607 1719 3682 viros,

153 3716 185 3762 ut
198 3701 391 3787 patrimonium
406 3723 422 3759 a
440 3700 599 3783 parentibus
617 3715 766 3782 acceptum,
780 3702 815 3760 ad
829 3702 919 3761 silium
932 3703 1062 3762 Cosmum
1072 3704 1113 3762 lll
1126 3702 1242 3763 feliciter
1253 3698 1411 3760 transmisit.
1422 3699 1474 3760 llic
1489 3699 1548 3782 ipse
1560 3712 1601 3758 est
1615 3699 1721 3775 Codex,

152 3817 208 3876 qno
220 3816 285 3855 usus
299 3809 339 3856 est
352 3794 512 3855 Ambrosius
522 3795 755 3874 Camaldulensis3
770 3796 1082 3878 quipriorhachitam
1094 3797 1190 3858 Latine
1200 3795 1297 3873 vertit:
1308 3801 1490 3857 restitantem
1505 3797 1654 3871 Romanus
1663 3792 1722 3876 ipse

152 3904 266 3951 testatur
280 3889 309 3948 in
320 3887 432 3970 epistola
445 3889 640 3969 nuncupatoria
649 3889 686 3950 ad
701 3888 854 3969 Eugenium
868 3890 972 3972 Papam
984 3891 1039 3952 lv.
1053 3889 1175 3972 Ejusque
1184 3889 1273 3951 versio
1283 3889 1358 3972 typis
1368 3909 1468 3950 excusa
1479 3885 1584 3970 prodiit
1599 3886 1721 3968 primum

153 3983 274 4047 Venetiis
286 3982 314 4043 in
326 3981 524 4053 iormaoctava,
538 4001 603 4040 cura
617 3995 642 4040 et
653 3980 745 4041 studio
758 3981 863 4043 Nicolai
876 3981 1153 4065 Erythraei,Lutetiae
1168 3982 1266 4065 saepius
1281 3996 1371 4064 postea
1384 4001 1490 4042 recusa.
1500 3979 1589 4055 Hunc,
1600 3980 1723 4060 inquam,

153 4077 242 4157 ipsum
253 4095 312 4135 esse
325 4071 526 4151 codicemque
539 4094 603 4132 usus
615 4087 655 4133 est
667 4073 837 4151 Ambrosius,
848 4074 1015 4156 deprehendi
1031 4096 1094 4135 cum
1109 4097 1143 4135 ex
1158 4075 1283 4156 pluribus
1300 4074 1364 4135 locis
1374 4072 1443 4159 ,qni
1454 4074 1535 4133 unius
1548 4086 1595 4132 aut
1609 4073 1723 4133 alterins

152 4172 237 4232 literar
256 4169 404 4230 mutatione
427 4169 547 4250 corrupti
565 4183 661 4240 erant,
678 4183 737 4229 tum
750 4192 785 4230 ex
798 4170 889 4239 uerbis
903 4171 1047 4252 literisque
1059 4192 1200 4253 perperam
1225 4171 1375 4252 conjunctis
1389 4184 1437 4230 aut
1448 4167 1556 4230 divisis.
1572 4167 1654 4242 Quod
1665 4183 1724 4230 tute

154 4289 202 4350 per
219 4266 336 4347 teipsum
349 4262 428 4323 facile
443 4262 657 4335 animadvertes,
673 4263 794 4325 studiose
805 4266 913 4343 Lector,
926 4266 949 4326 si
963 4266 1109 4327 attenderis
1119 4269 1155 4326 ad
1169 4265 1258 4327 uarias
1269 4265 1397 4326 lectiones
1411 4263 1609 4346 marginibusa
1623 4264 1723 4324 mead-

154 4363 279 4445 scriptas,
292 4381 360 4439 quas
373 4359 492 4421 desumsi
505 4358 607 4440 partim
620 4379 653 4419 ex
669 4361 769 4440 scripto
784 4361 911 4441 Georgii,
922 4362 1100 4422 Alexandrini
1113 4361 1325 4442 archiepiscopi,
1335 4360 1437 4443 partim
1449 4381 1485 4420 ex
1497 4359 1621 4441 Epistola
1632 4359 1723 4443 Chry·

154 4456 264 4523 sostomi
278 4455 313 4515 ad
330 4453 515 4516 Innocentium
529 4455 647 4537 Papam,
659 4476 719 4534 quae
738 4455 808 4517 inter
825 4456 1011 4538 Chrysostomi
1025 4460 1115 4539 Opera
1134 4469 1325 4531 exstat,erota
1342 4477 1377 4516 ex
1395 4455 1457 4515 aliis
1476 4454 1624 4515 (lodicibus
1639 4476 1721 4516 mss:

147 4551 254 4645 partim
267 4549 384 4639 denique
394 4552 674 4633 exlragmento,quud
685 4576 719 4614 ex
729 4553 829 4614 Codice
838 4555 981 4636 Cujatiano
995 4555 1096 4614 Fronto
1110 4553 1227 4612 bucerus
1240 4549 1363 4636 ediditin
1377 4551 1431 4611 fine
1441 4548 1574 4629 vulgatia
1588 4569 1617 4608 se
1630 4548 1724 4610 dialo-

154 4647 193 4728 gi.
209 4646 259 4706 ilis
272 4645 349 4706 vitiis
362 4658 387 4704 et
398 4644 577 4707 incommodis
590 4648 618 4706 in
630 4649 760 4723 versione,
766 4670 847 4727 quam
860 4670 910 4730 pro
920 4648 1033 4709 modulo
1046 4667 1106 4706 meo
1117 4646 1289 4721 concinnavi,
1300 4659 1449 4725 utcumque
1457 4664 1599 4704 occurrere
1609 4658 1723 4704 conatus

8 4738 25 4823 ..-
155 4762 229 4821 sum,
243 4762 337 4801 veram
351 4761 382 4800 ac
395 4741 539 4820 gericinam
552 4756 659 4802 secutus
674 4743 825 4818 lectionem,
842 4765 923 4824 quam
937 4744 1028 4804 nonai
1042 4742 1079 4802 ad
1090 4743 1251 4822 marginem,
1266 4755 1367 4801 retenta
1382 4741 1500 4800 intexto
1515 4737 1617 4819 dialogi
1627 4740 1724 4800 lectio-

16 4842 53 4919 ξιξ-ι
154 4856 265 4914 nequae
276 4835 304 4894 in
319 4834 417 4895 Codice
430 4836 613 4915 manuscripto
624 4836 782 4897 habebatur.
800 4861 814 4892 o

1 4910 12 4963 ἶ
79 4932 89 4945 ’“
196 4923 274 4988 allio
287 4946 419 4985 nonnemo
433 4927 542 4986 fortasse
556 4927 676 5007 objiciat,
688 4926 810 4987 diversos
823 4928 877 4988 sibi
890 4926 978 4988 videri
989 4925 1111 4999 Codices,
1124 4925 1331 5010 Ambrosianum
1342 4945 1374 4984 ac
1384 4922 1570 4983 Florentinum
1579 4944 1586 4982 :
1594 4937 1724 5005 propter-

94 5030 97 5041 '
156 5045 187 5084 ea
201 5020 275 5102 quod
295 5020 456 5081 Ambrosius
474 5022 602 5081 nonnulla
614 5023 737 5102 prooemii
751 5023 810 5082 loco
824 5021 955 5105 praemisit
970 5021 996 5081 in
1007 5043 1054 5081 sua
1071 5021 1202 5097 versione,
1209 5042 1269 5100 quae
1281 5020 1308 5078 in
1323 5017 1481 5080 Florentino
1490 5037 1544 5077 non
1554 5033 1723 5097 comparent.

155 5117 232 5180 Idem
243 5114 359 5176 subinde
368 5114 485 5175 oecrrrrit
499 5114 526 5173 in
540 5113 655 5174 decursu
666 5115 780 5194 dialogi,
796 5130 826 5176 nt
839 5115 927 5176 cuivis
941 5114 1039 5195 legenti
1053 5115 1198 5175 observare
1208 5114 1280 5173 licet.
1289 5114 1395 5173 Verum
1406 5112 1530 5190 quisquis
1542 5132 1597 5170 rem
1612 5132 1725 5172 accura-

157 5228 183 5272 te
195 5208 379 5292 perpenderit,
392 5207 471 5267 facile
486 5229 591 5267 mecum
601 5208 781 5285 existimabit,
795 5208 967 5268 Ambrosium
981 5209 1031 5268 ista
1044 5207 1079 5268 de
1094 5229 1142 5268 suo
1154 5205 1303 5277 addidisse,
1317 5216 1348 5262 ut
1359 5203 1395 5263 ad
1406 5202 1565 5284 dialogum,
1582 5205 1629 5283 qni
1641 5207 1727 5267 nimis

157 5307 273 5387 ubarrpto
285 5303 397 5364 exordio
411 5301 579 5384 procedebat,
588 5303 664 5364 viam
674 5303 793 5386 aperiret
807 5328 813 5361 :
828 5302 955 5384 idemque
968 5304 1124 5386 prestitisse
1135 5303 1162 5364 in
1174 5298 1367 5405 seris-dialogi,
1380 5299 1466 5359 sicubi
1477 5298 1558 5358 nimis
1570 5299 1661 5360 hiulca
1678 5302 1723 5361 vi-
