3714 5970
726 447 817 494 NUNC
844 447 976 496 Potitum
1003 448 1201 498 sonsum.
1666 457 1724 529 191

182 589 243 629 sum
255 588 361 628 secum:
373 569 438 649 quia
449 591 515 631 rero
528 570 602 630 nulla
614 591 676 653 spes
685 584 744 630 erat
755 570 783 631 id
797 571 859 631 lieri
870 592 932 632 um·
983 585 1075 649 cerat,
1090 594 1107 633 a
1129 593 1183 652 quo
1195 574 1314 655 postulat
1328 573 1430 653 (198)
1442 620 1452 648 ,
1466 589 1497 635 ut
1509 575 1662 655 frequentes
1674 579 1731 638 sibi

182 682 264 739 quam
280 682 380 740 posse,
402 662 528 722 bortatur
540 663 621 722 illum
639 677 670 722 ut
688 663 863 745 epistolarum
876 665 932 724 [re-
984 665 1077 725 literas
1101 666 1211 744 mittat;
1232 666 1262 725 id
1280 666 1424 747 ipsumque
1447 669 1544 749 repetit
1559 669 1594 729 'in
1617 669 1729 750 epistola

181 754 292 831 quentia
311 774 485 835 congressum
501 754 659 836 hujusmodi
675 769 837 836 compenset.
858 757 931 817 Bas-
984 761 1055 818 aas.
1071 759 1200 837 ldemque
1223 759 1364 819 literarum
1391 761 1555 820 consortium
1575 762 1695 841 postulat
1711 773 1852 840 aequom

179 867 240 905 sum
251 849 345 921 (sto),
357 868 440 927 quem
450 847 685 929 Constantinopoli
698 847 817 907 amicum
828 848 931 908 habue·
984 849 1154 910 Candidiano
1164 856 1222 935 jam
1235 852 1302 912 olim
1313 851 1400 913 amico
1414 872 1472 930 suo,
1485 853 1533 932 qui
1549 854 1656 915 Cucuso
1666 876 1729 936 pro·

180 951 222 996 rat
231 982 241 1013 ,
268 938 367 999 leniter
387 938 535 1019 objurgat,
558 938 631 1018 qnod
649 959 713 999 cnm
733 938 800 999 adeo
823 940 930 1000 vicinus
984 941 1169 1022 culdegebat.
1605 952 1611 963 ‘

180 1043 262 1104 esset,
280 1050 315 1090 ne
329 1030 423 1090 literas
433 1030 547 1109 quidem
561 1030 615 1090 sibi
631 1031 737 1090 mittere
758 1030 927 1110 dignaretur.
1024 1033 1199 1092 Antiochiam
1214 1053 1321 1112 quoque
1335 1077 1345 1111 ,
1361 1034 1409 1094 nbi
1423 1035 1451 1093 in
1465 1053 1563 1115 magna
1584 1034 1854 1099 existima-tainus·

180 1121 368 1203 Porphyrium
379 1142 459 1196 rein,
481 1143 563 1202 quem
576 1122 661 1182 Rbosi
677 1122 835 1202 episcopum
848 1122 930 1181 luisse
984 1122 1056 1183 tione
1068 1138 1141 1201 erat,
1157 1124 1311 1184 innumeras
1325 1145 1393 1206 pene
1401 1126 1527 1206 epistolas
1539 1127 1614 1186 misit
1629 1128 1707 1187 exsul
1719 1151 1727 1187 a
1737 1115 1854 1223 2:¹21&

178 1216 249 1274 nihil
257 1218 318 1297 jam
330 1215 502 1290 dubitamus,
517 1236 567 1296 pro
576 1236 652 1276 more
664 1214 701 1274 ad
710 1215 802 1275 literas
814 1216 868 1274 sibi
879 1218 930 1275 fre·
984 1232 1102 1290 quarum
1117 1215 1209 1274 multe
1227 1216 1349 1297 periere,
1364 1217 1495 1297 plurimas
1512 1239 1620 1298 quoque
1638 1241 1674 1281 ex
1695 1220 1730 1282 iis
1845 1279 1848 1285 .

179 1321 298 1385 quenter
309 1306 455 1368 mittendas
468 1307 633 1368 cohortatur.
650 1307 700 1367 llis
715 1306 854 1388 jungenda
866 1309 930 1388 epi-
986 1326 1046 1383 qua
1057 1321 1200 1388 supersunt
1214 1328 1268 1369 non
1285 1309 1410 1370 novimus
1424 1323 1516 1371 utrum
1531 1310 1568 1370 ad
1581 1312 1730 1372 Antioche—

181 1400 251 1459 stola
269 1401 335 1479 (30)
349 1399 386 1460 ad
404 1400 546 1461 lleortium
558 1400 737 1481 episcopum,
759 1402 837 1481 cujus
853 1398 931 1460 sedes
988 1419 1038 1460 nos
1054 1414 1194 1480 spectent,
1208 1401 1499 1482 quiasepissimenon
1513 1416 1605 1476 notat,
1620 1423 1669 1463 nec
1681 1402 1731 1464 dat

178 1511 229 1549 non
240 1491 341 1571 procul
352 1493 459 1551 Cucuso
470 1504 536 1551 erat.
551 1491 578 1559 ts
586 1490 744 1549 infirmitate
758 1491 878 1571 corporis
889 1491 930 1551 la·
988 1491 1080 1553 locum
1101 1494 1317 1569 internoscendi,
1335 1517 1389 1575 quo
1403 1496 1431 1556 in
1441 1496 1505 1563 loco
1520 1496 1642 1557 habitent
1661 1498 1681 1557 ii
1694 1495 1731 1558 ad

138 1581 314 1642 roborabat:
327 1596 422 1662 atque,
444 1595 475 1642 nt
495 1603 531 1642 cx
545 1580 733 1662 chrysostomi
753 1580 834 1640 dictis
849 1583 929 1663 argui
987 1605 1056 1662 quos
1072 1585 1164 1645 literas
1177 1585 1290 1666 dirigit5
1306 1587 1453 1648 verisimile
1464 1602 1556 1648 autem
1576 1603 1617 1649 est
1636 1590 1731 1670 pluri·

178 1672 308 1750 videtur,
332 1673 462 1734 Heortius
474 1673 577 1734 amicus
593 1673 711 1732 scribere
730 1672 784 1732 sibi
803 1674 927 1752 solebat,
984 1698 1042 1736 mas
1065 1700 1100 1739 ex
1116 1678 1189 1752 illis,
1204 1700 1265 1757 qua
1281 1679 1437 1760 hujusmodi
1450 1694 1542 1740 notam
1554 1701 1608 1740 non
1623 1681 1727 1757 lerunt,

178 1761 250 1840 qnod
263 1776 357 1829 umen
372 1762 487 1824 adversa
499 1761 652 1824 valetudine
664 1762 810 1835 laboraret,
826 1783 879 1825 non
891 1764 928 1824 ab
986 1771 1022 1830 ad
1034 1770 1214 1831 Antiochenos
1226 1771 1322 1831 misses
1332 1771 1427 1831 luisse.
1443 1772 1517 1831 luteo
1528 1789 1575 1830 eos
1582 1814 1593 1847 ,
1610 1771 1658 1849 qni
1672 1776 1729 1831 dn-

177 1854 225 1913 illo
233 1853 383 1916 didicerat.
399 1858 523 1918 «Verum
533 1857 628 1936 qnia‚a
637 1854 727 1934 inquit
737 1855 796 1929 ille,
808 1880 832 1914 ⁴
844 1857 929 1920 tabel-
985 1863 1093 1922 tioch‘ia
1105 1863 1181 1922 sedes
1191 1859 1344 1936 habebant,
1359 1861 1479 1921 amicitia
1488 1861 1530 1921 illi
1544 1847 1730 1944 conjunctissi-

177 1946 436 2010 lariornnfortasoe
450 1947 564 2031 penuria
576 1971 629 2011 non
643 1947 751 2023 scribis,
766 1946 827 2008 ideo
841 1947 929 2008 homi·
984 1953 1021 2013 mi
1036 1966 1112 2013 erant
1124 1952 1278 2012 Marcianus
1291 1966 1317 2012 et
1335 1952 1510 2012 Marcellinus
1531 1953 1628 2014 fratres
1636 1998 1646 2030 ,
1661 1976 1729 2033 quo·

176 2058 232 2111 nes,
246 2041 297 2118 qni
310 2041 347 2100 ad
360 2054 386 2100 te
398 2043 603 2121 pmttciscaniur
619 2054 733 2115 nactus,
744 2039 834 2100 literis
848 2054 873 2100 te
886 2041 928 2100 la·
985 2065 1046 2105 rum
1059 2057 1210 2125 postremus
1222 2044 1251 2102 in
1262 2043 1371 2103 duobus
1384 2046 1451 2104 Mss.
1466 2043 1660 2105 lllareellianus
1675 2066 1729 2108 ro-

175 2133 512 2214 usso,rogoetobsoetn,
523 2147 554 2196 ut
564 2134 670 2215 quotics
681 2133 794 2193 neotus
804 2129 927 2209 dabitur,
987 2150 1076 2197 catur.
1094 2137 1151 2196 llos
1163 2156 1228 2196 veto
1243 2135 1365 2195 obsecrat
1383 2135 1412 2194 in
1435 2134 1548 2217 epistola
1567 2137 1643 2210 tm,
1657 2150 1729 2211 utse

173 2231 254 2292 uobis
269 2244 356 2310 qoam
368 2229 518 2312 sepissime
530 2227 646 2302 scribas,
666 2240 691 2286 et
707 2246 760 2304 qua
772 2222 928 2285 valetudine
988 2231 1141 2308 [requenter
1159 2227 1195 2288 de
1216 2227 1371 2288 valetudine
1390 2248 1439 2286 sua
1461 2227 1601 2288 certiorem
1615 2227 1726 2289 noant.

174 2324 211 2385 sis
221 2344 357 2405 exponas.
370 2325 546 2401 Quamquam
556 2320 628 2380 enim
642 2319 672 2379 in
687 2316 868 2378 desertissime
881 2337 926 2376 or·
987 2321 1159 2382 Theodotum
1169 2340 1234 2379 vero
1242 2318 1386 2379 diaconum
1400 2336 1489 2381 monet
1499 2365 1507 2394 ,
1518 2334 1549 2380 ut
1568 2321 1727 2381 Marcellia-

174 2417 218 2477 bis
234 2418 298 2477 loco
312 2416 491 2490 habitamus,
510 2435 543 2473 ac
554 2410 713 2493 predonum
732 2423 805 2469 metu
818 2408 926 2468 obside·
987 2433 1053 2472 num
1071 2427 1096 2472 et
1110 2413 1236 2483 fratrem,
1250 2412 1294 2471 τὸν
1312 2411 1375 2493 impl
1395 2413 1729 2492 Μαρκελλιανόν,ωιιιο·-

176 2531 248 2582 mna,
262 2509 421 2587 multasque
432 2508 461 2566 in
474 2519 530 2566 um
541 2518 615 2565 vasta
629 2501 776 2563 solitudine
790 2499 927 2560 calamita·
986 2504 1062 2576 niat,
1075 2518 1101 2563 et
1111 2502 1185 2584 apud
1198 2524 1243 2563 eos
1256 2502 1287 2562 id
1299 2517 1375 2582 agat,
1388 2517 1417 2562 ut
1429 2504 1652 2586 chrysostomum
1663 2527 1728 2586 por·

176 2614 214 2661 tes
225 2602 417 2682 perpetimur,
431 2611 520 2656 tamen
532 2596 556 2655 si
570 2596 722 2672 frequentes
736 2614 752 2650 a
764 2605 805 2665 te,
825 2594 870 2651 cui
883 2611 927 2651 ca·
986 2605 1048 2672 gent
1063 2592 1136 2672 apud
1151 2592 1320 2670 Carteriam,
1335 2614 1396 2671 que
1407 2591 1442 2652 de
1452 2593 1644 2675 Chrysostomo
1661 2615 1727 2674 que·

177 2693 275 2754 tissimi
285 2711 395 2762 sumus,
407 2689 501 2749 literas
513 2687 690 2768 accipiamus,
702 2704 763 2763 quas
774 2702 823 2742 nos
833 2684 868 2742 de
880 2697 926 2742 tna
988 2684 1112 2758 rebatur,
1124 2684 1198 2763 quod
1212 2683 1249 2744 ad
1265 2705 1325 2744 eam
1345 2705 1399 2743 non
1411 2685 1558 2745 scriberet:
1572 2707 1626 2764 qua
1644 2687 1679 2746 de
1696 2707 1728 2751 re

176 2784 332 2846 valetudine
348 2782 475 2843 certiores
496 2778 610 2852 faciant,
632 2777 767 2856 ingentem
787 2774 867 2848 hinc,
887 2787 927 2834 tot
984 2775 1318 2836 inleriusldarcellianum
1330 2789 1427 2837 vernet
1439 2777 1549 2837 fratrem
1563 2775 1725 2859 hicabqisss

178 2878 235 2938 licet
244 2875 380 2939 numnis
390 2872 522 2955 oppressi,
532 2870 741 2931 consolationem
752 2865 925 2947 accipiemus.
986 2867 1114 2941 στάτους,
1128 2866 1322 2944 nobilissimos,
1338 2881 1424 2928 vocat.
1436 2868 1552 2948 Scripsit
1565 2869 1647 2929 etiam
1668 2869 1726 2934 illis

179 2971 282 3043 Quanta
293 2968 371 3029 enim
388 2966 510 3027 mritatis
529 2963 571 3025 vis
588 2962 624 3022 sit
640 2959 812 3041 exploratum
825 2956 926 3035 habes,
984 2957 1125 3039 epistolam
1138 2960 1198 3018 ast
1209 3003 1219 3034 ,
1231 2972 1257 3018 et
1267 2958 1389 3038 queritur
1402 2958 1475 3038 quod
1484 2960 1596 3035 sileant,
1607 2981 1655 3022 nec
1665 2962 1725 3024 lite·

178 3061 301 3142 qoodque
314 3080 371 3121 non
386 3058 538 3118 amicorum
547 3053 691 3114 dumtaxat
704 3049 861 3131 praeseutia,
879 3048 927 3109 sed
984 3070 1029 3110 ras
1041 3050 1094 3110 sibi
1106 3050 1233 3126 mittant,
1249 3070 1298 3110 nec
1309 3063 1446 3132 acceptam
1461 3050 1513 3110 sibi
1527 3072 1584 3112 esse
1597 3051 1664 3112 dicit
1674 3074 1725 3115 ex·

178 3154 254 3214 etiam
269 3154 360 3214 litera
371 3151 468 3231 ingens
479 3147 607 3209 solatium
621 3146 762 3205 affmant»
983 3144 1163 3215 cusationem,
1176 3164 1258 3220 quam
1274 3163 1322 3223 per
1335 3142 1522 3202 Constantium
1535 3144 1725 3225 presbyterum

211 3245 391 3328 hesychium
415 3263 523 3322 quoque
542 3239 596 3301 sibi
619 3236 835 3306 amicissimum,
852 3232 927 3294 vici-
984 3234 1122 3295 miserant.
1143 3235 1249 3295 Verum
1269 3247 1413 3312 antequam
1431 3232 1473 3293 illi
1494 3233 1563 3294 hanc
1583 3236 1725 3316 epistolam

179 3360 238 3418 qnm
251 3338 371 3413 habuit;
385 3337 423 3396 ita
440 3349 487 3409 ut,
502 3333 526 3395 si
548 3332 655 3392 licitum
672 3329 725 3411 ipsi
745 3328 859 3403 luisset,
881 3327 925 3385 in·
985 3326 1249 3405 acciperent,eorum
1260 3324 1318 3414 ipse
1328 3324 1419 3385 literas
1428 3325 1546 3405 accepit,
1557 3326 1633 3405 queis
1644 3327 1726 3389 illum

180 3432 232 3510 quit
248 3431 278 3490 in
289 3427 410 3512 epistola
422 3429 480 3500 ll,
495 3445 582 3503 notque
589 3425 748 3484 Isaurorum
761 3434 868 3494 metus,
883 3440 928 3479 ne·
986 3417 1106 3479 vicissim
1119 3416 1284 3475 lacessebant
1296 3415 1368 3495 quod
1382 3414 1435 3475 sibi
1448 3436 1502 3475 nnn
1514 3417 1654 3478 scriberet.
1666 3422 1723 3479 Re·

181 3544 226 3602 qne
242 3520 373 3604 corporis
395 3516 571 3578 imbecillitas
592 3513 738 3596 prohibere
756 3511 925 3593 potuissent,
984 3507 1094 3588 spondit
1110 3506 1165 3565 illis
1179 3506 1497 3587 Chrysostomus,atque
1507 3506 1580 3586 ipsos
1596 3529 1650 3574 non
1666 3509 1725 3569 sine

182 3615 327 3694 qoominm
342 3613 435 3692 ipsum
447 3607 550 3683 adiret;
564 3628 650 3685 neque
665 3620 754 3666 tamen
768 3605 804 3664 ob
817 3606 926 3664 lsauro·
982 3620 1061 3660 causa
1075 3620 1166 3680 parem
1187 3599 1382 3675 querimoniam
1399 3599 1497 3657 allerre
1514 3600 1725 3662 contimtum&

182 3727 236 3767 rom
248 3719 359 3771 metum
371 3701 410 3763 ab
422 3701 472 3762 illo
485 3703 554 3783 petit
565 3714 594 3759 ut
608 3701 747 3759 Cucusum
760 3698 866 3771 veniat,
878 3696 925 3757 sed
980 3689 1062 3750 dictis
1077 3711 1140 3751 vero
1154 3691 1211 3770 ejus
1226 3693 1329 3750 eruitur
1342 3690 1422 3765 illos,
1436 3690 1488 3749 nisi
1503 3691 1664 3770 aegritudine
1675 3693 1725 3754 de·

182 3810 303 3876 utquam
323 3794 494 3874 frequentius
505 3794 603 3873 poterit
623 3791 700 3851 adse
716 3791 807 3850 literas
822 3791 923 3850 mittat.
984 3786 1132 3846 linerentur
1141 3830 1150 3862 ,
1163 3785 1248 3866 ipsius
1259 3785 1370 3845 ridendi
1382 3807 1460 3844 cansa
1471 3786 1725 3867 cucusum-rentu-

183 3887 332 3971 llesychius
347 3908 414 3949 rei-o
428 3885 514 3946 literis
531 3885 567 3944 ab
587 3886 691 3946 loanne
708 3883 802 3964 petiit,
824 3896 855 3941 ut
872 3881 925 3942 sibi
982 3901 1028 3938 ros
1044 3879 1143 3952 fnisse,
1155 3879 1184 3938 id
1198 3877 1272 3958 quod
1285 3878 1332 3937 ille
1345 3878 1492 3940 admodum
1506 3895 1634 3960 exoptare
1644 3883 1724 3943 testi-

184 3980 347 4060 ignosomet,
361 3977 438 4058 quod
450 3997 503 4038 non
516 3976 637 4049 venerit,
654 3975 718 4054 quia
733 3995 830 4054 nempe
848 3994 926 4032 mor·
982 3971 1087 4032 ficator.
1094 3971 1169 4031 alias
1178 3971 1258 4031 etiam
1272 3971 1420 4052 ipsismisit
1428 3973 1565 4054 epistolas,
1574 3977 1725 4055 nempel9,

185 4071 381 4133 bolahorabat.
397 4067 552 4150 Respondet
564 4069 774 4149 Chrysostomns
786 4073 795 4141 (
807 4088 850 4146 ep.
862 4069 926 4143 24)
982 4065 1127 4139 65,100,
1146 4078 1172 4124 et
1197 4065 1270 4124 129:
1286 4064 1314 4123 in
1334 4065 1397 4143 quis
1419 4065 1512 4125 eadem
1530 4065 1587 4145 ipsa
1608 4067 1722 4148 repetit,

188 4161 326 4243 hudatque
344 4182 423 4237 eum,
436 4159 511 4240 quod
528 4179 560 4218 ea
577 4158 612 4218 de
631 4178 711 4218 causa
727 4178 780 4217 non
801 4158 924 4219 venerit:
982 4155 1036 4217 sibi
1047 4155 1176 4215 nimirum
1186 4155 1283 4235 sapius
1294 4156 1428 4216 scribendi
1442 4157 1577 4235 licentiam
1589 4181 1603 4216 a
1617 4158 1723 4238 predo·

191 4253 243 4315 licet
261 4255 337 4315 enim
358 4268 416 4314 tam
432 4273 526 4313 carum
550 4263 633 4330 caput
655 4249 804 4309 exosculari
827 4264 925 4325 areat,
984 4250 1065 4308 nibus
1094 4247 1195 4307 Isauris
1220 4248 1307 4328 eripi,
1328 4247 1520 4326 literarumque
1546 4250 1721 4328 frequentiam

194 4349 248 4407 etis
260 4347 315 4407 sibi
329 4347 389 4406 l'ore
402 4345 460 4418 ait,
472 4344 495 4404 si
506 4342 637 4422 quamdiu
651 4342 710 4402 sive
720 4364 769 4423 per
782 4342 927 4422 agritudi-
986 4356 1113 4420 exoptare
1127 4361 1155 4400 se
1168 4341 1336 4399 testificatur.

194 4457 259 4512 uem,
277 4439 338 4498 sive
350 4458 400 4519 per
411 4435 476 4497 anni
489 4449 673 4516 tempestatem
695 4435 722 4494 id
746 4455 797 4493 non
819 4435 926 4510 licebit,
1020 4434 1158 4494 lllarciano
1181 4433 1260 4493 ctiam
1280 4432 1359 4490 alteri
1383 4433 1507 4492 Tribuno
1531 4432 1672 4513 epistolam
1695 4456 1724 4494 se

196 4529 263 4590 litera
281 4531 355 4591 ultro
372 4530 495 4607 citroque
514 4529 664 4587 mittantur.
682 4527 739 4586 Hoc
762 4527 851 4607 ipsum
873 4527 927 4587 lere
985 4526 1089 4586 misisse
1117 4534 1305 4584 commemorat
1326 4523 1428 4603 (epist.
1454 4527 1563 4600 911),
1587 4546 1645 4602 qna
1665 4527 1722 4605 jam

198 4621 228 4681 illi
240 4624 332 4704 repetit
345 4624 376 4683 in
385 4621 498 4703 epistola
510 4621 568 4680 tto
582 4643 588 4676 :
601 4620 649 4685 ubi
663 4619 768 4678 itineris
778 4618 928 4678 dilliculta-
980 4618 1078 4676 amissa
1094 4629 1228 4697 putatur.
1241 4613 1296 4674 Sed
1321 4614 1349 4673 in
1373 4614 1485 4695 epistola
1505 4620 1563 4677 tna
1588 4617 1624 4678 ad
1643 4619 1724 4678 illnin

199 4727 240 4772 tem
253 4736 312 4774 mm
330 4713 453 4794 corporis
471 4711 657 4771 imbecillitate
673 4712 830 4791 conjungit,
845 4730 877 4769 ac
888 4710 928 4768 si·
981 4710 1063 4769 missa
1092 4729 1261 4789 summopere
1288 4706 1381 4766 laudat
1404 4707 1504 4781 illum,
1530 4711 1603 4787 quod
1628 4710 1724 4791 pupil-

203 4805 310 4879 guificare
320 4804 432 4866 videtur
443 4825 471 4863 se
482 4803 527 4862 vel
538 4803 625 4862 hieme
636 4806 694 4884 jain
706 4803 928 4883 appropinquan—
980 4801 1069 4860 lorum
1090 4800 1268 4881 patrocinium
1292 4799 1434 4880 suscipiat,
1455 4800 1600 4860 viduarum
1621 4824 1723 4862 moero·

204 4905 237 4967 lt,
249 4898 288 4958 tel
299 4899 329 4958 in
344 4898 404 4978 ipsa
425 4895 534 4977 hyemis
547 4908 703 4976 tempestate
714 4897 764 4955 has
776 4894 883 4955 dedisse
895 4895 929 4955 li·
981 4917 1038 4954 rem
1048 4895 1142 4971 leniat,
1152 4905 1336 4974 paupertatem
1349 4892 1420 4951 levet
1440 4893 1597 4973 plebemque
1616 4895 1723 4955 univer·

207 4997 266 5046 teras
982 5009 1039 5046 sam
1050 4987 1201 5058 frumento,
1211 4985 1290 5056 rino,
1304 4984 1362 5043 oleo
1376 4984 1490 5063 aliisque
1504 4985 1629 5044 omnibus
1643 4986 1723 5048 rebus

236 5082 294 5142 ὓιιιι
307 5080 489 5141 Tilleinontio
503 5079 646 5161 opinamur
660 5079 746 5141 alium
760 5080 928 5164 Hesychium
982 5082 1053 5154 alat,
1067 5101 1098 5140 ac
1109 5101 1158 5161 pro
1169 5100 1242 5138 more
1254 5091 1282 5136 ut
1293 5078 1344 5137 sibi
1357 5078 1506 5155 frequenter
1512 5077 1620 5158 'scribat
1634 5077 1725 5139 horta·

127 5194 130 5199 ·
207 5190 248 5232 ose
263 5175 338 5236 illum
346 5220 357 5248 ,
374 5194 460 5254 quem
483 5173 664 5234 venerandum
686 5188 713 5235 et
727 5175 928 5235 nobilissimum
983 5189 1036 5234 tur.
1051 5173 1211 5234 Marcellino
1225 5170 1307 5231 etiam
1321 5184 1351 5229 ut
1362 5169 1449 5229 amico
1462 5168 1545 5230 veteri
1559 5169 1654 5229 scribit
1665 5170 1722 5250 epi·

125 5320 132 5471 l

125 5542 130 5677 ἓ

125 5684 128 5763 t

125 5256 131 5313 ἷ
208 5261 270 5338 dicit,
282 5288 366 5347 aquo
380 5287 411 5328 se
423 5265 543 5327 multum
555 5266 642 5327 amari
654 5288 690 5327 ex
700 5266 757 5328 sola
769 5267 842 5328 fama
855 5265 929 5327 didi·
983 5266 1066 5359 stolas
1076 5267 1110 5326 51
1130 5253 1156 5325 et
1169 5264 1241 5343 188,
1257 5261 1351 5324 eadem
1363 5261 1424 5323 fere
1431 5260 1490 5342 ipsa
1503 5281 1564 5340 que
1577 5261 1605 5322 in
1619 5258 1722 5324 ceteris
