3750 6052
283 538 351 587 t22
758 529 788 575 s.
816 526 958 577 totttms
983 526 1215 579 ctttttsos'rottt
1241 528 1334 588 vm,

321 653 663 735 Tillemontiustamenqni
670 652 861 715 difficultatem
868 650 1025 733 hujusmodi
1116 656 1268 735 Antequam
1285 674 1349 715 vero
1368 650 1405 713 de
1426 648 1542 733 singulis
1562 648 1691 711 homiliis
1709 647 1829 713 dissero

281 755 311 815 in
331 756 402 813 notis
421 751 455 813 ad
474 751 569 813 Vitam
587 747 791 831 Chrysostomi,
810 747 860 807 ubi
880 746 972 827 agitur
990 744 1025 806 de
1076 766 1149 821 mus,
1168 768 1201 808 ac
1215 746 1251 807 de
1264 748 1395 828 crrjrrsque
1409 758 1468 807 tum
1482 743 1581 807 ordino
1596 756 1660 805 tum
1674 763 1828 825 argumen-

282 845 410 908 llomiliis
421 857 512 905 eontm
524 838 843 918 ludaeos,animadrrertit
858 851 885 898 et
894 837 1025 913 excussit,
1076 852 1104 899 to
1116 860 1204 920 pauca
1219 839 1355 913 dieamus,
1373 859 1389 898 e
1405 835 1530 898 resecuit
1543 849 1692 910 annotare,
1707 856 1748 897 ex
1764 836 1828 897 titu-

281 938 385 998 nullam
407 939 465 1018 ejus
479 936 643 996 mentionem
665 933 729 993 lecit
745 933 773 993 in
795 932 866 992 notis
878 930 913 991 ad
930 931 1025 991 Vitam
1074 928 1237 1005 lobomiliae,
1252 928 1312 1009 quie
1322 930 1389 991 olim
1404 929 1534 1009 vigesima
1545 926 1678 1005 munda,
1689 928 1826 1009 jamrem

281 1029 429 1090 Theodosii
437 1029 612 1111 imperatoris
625 1051 632 1085 :
645 1026 692 1085 ubi
703 1025 830 1086 homilias
841 1025 921 1085 hasce
933 1024 1025 1105 Chry·
1058 1024 1207 1104 ·rigesima
1218 1038 1388 1099 numeratur,
1402 1024 1450 1102 qui
1462 1022 1558 1083 titulus
1570 1021 1599 1081 in
1607 1020 1693 1083 Notis
1702 1020 1825 1083 Fronto·

279 1122 391 1183 sostenen
410 1122 446 1182 ad
466 1120 599 1202 populum
621 1120 819 1179 Antiochenum
843 1118 880 1177 ita
903 1116 1023 1193 ordinat,
1073 1115 1117 1177 nis
1130 1117 1159 1176 in
1172 1119 1241 1177 Mes.
1257 1112 1826 1194 nostrisdooet,banebomiliamprunun-

279 1234 312 1273 ao
330 1214 354 1273 si
369 1212 489 1285 Pascha,
508 1225 540 1271 ut
557 1212 649 1272 ferunt
668 1208 811 1271 paschales
826 1209 940 1279 tabulae,
954 1208 1024 1267 inei-
1073 1210 1169 1270 tiatam
1179 1210 1262 1270 fuisse
1273 1209 1367 1270 decem
1376 1209 1474 1269 diebus
1486 1222 1548 1267 ante
1561 1206 1669 1267 Pascha
1681 1228 1691 1273 a
1705 1206 1826 1287 itemque

279 1304 350 1365 derit
362 1305 390 1363 in
404 1303 565 1383 vigesimam
579 1303 702 1380 quintam
715 1300 826 1382 Aprssis.
841 1294 962 1361 Primam
972 1300 1025 1380 igi·
1075 1322 1109 1361 ex
1127 1301 1172 1362 his
1186 1302 1277 1362 verbis
1290 1316 1353 1361 ente
1366 1302 1448 1361 finem
1461 1300 1594 1376 homilias,
1602 1302 1672 1381 jora
1686 1301 1825 1381 quadro·

279 1407 326 1453 tur
342 1392 484 1452 homiliam
498 1391 655 1473 pauloante
667 1388 825 1450 seditionem
839 1389 909 1449 locat
923 1412 931 1445 τ
947 1388 1024 1449 sedi-
1074 1399 1161 1475 girato
1182 1395 1245 1453 dies
1263 1400 1484 1473 preterierunt,
1505 1391 1590 1473 probe
1611 1390 1825 1453 'l'illemontium

279 1485 383 1545 tionem
394 1504 460 1544 vero
469 1481 600 1563 vigesima
608 1494 684 1541 sexta
696 1478 849 1549 Februarii,
861 1478 953 1539 decem
967 1479 1026 1539 dio·
1076 1484 1189 1557 inferre,
1214 1485 1455 1567 Quadrageaimam
1481 1482 1558 1565 apud
1580 1481 1774 1545 Antiochmros
1793 1506 1826 1547 ex

280 1574 334 1635 bus
343 1575 406 1635 ante
415 1574 669 1654 Quadragesimam,
678 1594 739 1653 quae
755 1571 906 1632 Antiochiae
916 1572 1024 1652 incipie-
1075 1576 1269 1641 consuetudine
1287 1577 1399 1658 cepisse
1420 1575 1486 1635 teria
1507 1572 1626 1635 secunda
1648 1588 1715 1657 post
1734 1576 1826 1649 Quin·

280 1668 329 1728 bat
343 1669 410 1729 feria
424 1665 786 1745 secundaQuinquagesinrae
802 1677 911 1738 nostrae,
921 1662 970 1723 illo
981 1684 1026 1723 an·
1075 1668 1276 1749 quagesimum,
1291 1682 1448 1750 septemque
1462 1664 1686 1727 bebdomadibus
1699 1668 1779 1749 apud
1796 1668 1827 1729 il·

280 1782 317 1821 no
330 1762 454 1825 8Martii
462 1761 582 1821 cadente.
590 1758 743 1821 Secundam
754 1757 894 1819 homiliam
903 1756 948 1815 vel
958 1758 1025 1819 leria
1074 1758 1116 1819 los
1128 1772 1214 1820 totam
1231 1757 1474 1839 Quadrageaimam
1487 1756 1608 1839 persolvi
1623 1760 1826 1821 consuevisset

281 1855 546 1934 quintavelsabbato
558 1867 621 1913 ante
630 1850 1022 1931 Quadragesimamfildartii,
1071 1852 1186 1933 jureque
1204 1852 1397 1913 Tillemontius
1416 1852 1486 1911 banc
1506 1849 1653 1911 homiliam
1675 1850 1706 1911 iu
1733 1852 1828 1915 leriam

280 1963 377 2009 octavo
384 1960 446 2029 post
454 1946 618 2013 seditionem
628 1942 683 2004 die.
692 1941 816 2003 Tertiam
825 1941 968 2001 Dominiea
977 1963 1024 2001 sc-
1074 1959 1178 2007 sextam
1191 1944 1369 2007 hebdomadis
1397 1944 1522 2003 ultimam
1534 1942 1769 2023 Quadragesinrae
1785 1946 1829 2007 he·

282 2044 405 2121 quentei
415 2039 508 2101 Martii
521 2038 566 2098 rel
579 2036 696 2100 circiter.
713 2036 846 2109 Quartam
858 2033 924 2093 serio
934 2054 1025 2093 secun
1074 2037 1240 2100 bdomadem
1254 2037 1445 2120 precurrentis
1454 2037 1570 2097 conlerts
1589 2050 1650 2097 erat
1663 2036 1828 2119 quippeilla

279 2131 442 2212 dasequenti
455 2131 475 2194 8
486 2130 591 2193 Martii.
601 2129 733 2202 Quintam
740 2126 807 2186 seria
825 2126 931 2186 tertiari)
947 2128 1023 2187 Illar-
1073 2130 1133 2192 dies
1145 2146 1172 2192 et
1185 2131 1393 2211 quadragesima
1405 2132 1442 2191 ab
1451 2130 1577 2190 inchoato
1584 2130 1695 2211 jejunio
1709 2145 1740 2192 et
1752 2130 1828 2193 dmi.

279 2224 323 2285 tii.
343 2225 454 2285 Sextum
472 2223 538 2283 seria
554 2235 650 2303 quarta
664 2220 784 2292 circiter,
802 2240 849 2279 seu
864 2223 903 2279 111
915 2219 1022 2283 Martii.
1074 2244 1118 2283 ma
1130 2238 1192 2285 ante
1205 2224 1317 2285 Pascha.
1333 2224 1402 2283 Hinc
1420 2243 1470 2303 pro
1483 2236 1585 2283 asserto
1597 2222 1742 2285 habenam
1756 2224 1829 2297 Qua.

282 2317 434 2399 Septimam
447 2316 515 2375 feria
528 2315 623 2394 quinta
638 2317 670 2372 11
688 2313 795 2372 Martii.
807 2312 940 2372 Octavam
955 2312 1023 2373 seria
1073 2313 1271 2395 dragesimam,
1289 2337 1349 2395 quae
1362 2315 1466 2393 aliquot
1482 2314 1510 2374 in
1532 2314 1665 2377 Ecclesiis
1687 2316 1828 2399 limitibus

279 2422 355 2471 sexta
366 2413 405 2468 111
416 2407 519 2469 Martii.
528 2409 633 2467 Nonam
649 2404 716 2464 seria
733 2403 853 2464 secunda
872 2402 1025 2465 bebdoma-
1073 2408 1159 2468 variis
1165 2409 1369 2489 circumscripta
1381 2422 1448 2479 erat,
1458 2429 1507 2490 per
1520 2420 1622 2490 septem
1633 2408 1828 2475 belulomndas

279 2500 322 2560 dae
333 2498 458 2561 meotida
473 2497 696 2577 Quadragesimae
707 2497 746 2557 15
760 2496 865 2557 hiartii.
883 2497 1024 2559 Decimam
1075 2500 1226 2562 Antiochia
1239 2500 1410 2561 maternum
1420 2500 1514 2560 luisse.

280 2592 374 2673 panus
392 2590 491 2672 elapsis
508 2587 722 2670 posteadiebus.
736 2588 916 2649 Undecimum
933 2604 1027 2671 utpote
1114 2596 1186 2655 Cum
1202 2614 1283 2675 porro
1304 2592 1458 2653 memoratis
1477 2610 1561 2673 supra
1582 2588 1619 2651 de
1635 2594 1754 2669 eaesis,
1775 2597 1828 2657 Ρ..

280 2685 487 2763 transpositam,
504 2682 570 2741 leris
587 2681 706 2741 secunda
723 2695 827 2761 quartae
847 2681 1027 2745 hebdomadis
1075 2687 1178 2749 sebales
1193 2686 1299 2747 tabulas
1313 2685 1468 2759 hodiernus,
1485 2704 1546 2763 que
1556 2683 1665 2747 Pascha
1682 2688 1756 2750 anni
1770 2690 1827 2753 3111

280 2774 502 2856 Quadragesimae
516 2773 669 2835 seruauit.
683 2773 878 2835 Duodecimum
892 2777 1026 2839 feriatum
1075 2779 1105 2839 in
1125 2778 1285 2859 vigesimam
1306 2775 1429 2857 quintam
1447 2777 1603 2852 censer-unt,
1624 2796 1684 2839 non
1707 2799 1830 2847 serrata

279 2868 318 2928 tia
338 2880 465 2947 sequente
486 2868 527 2931 30
544 2867 649 2927 Martii.
671 2868 812 2928 Decimam
834 2870 941 2929 tertiam
959 2871 1026 2931 seria
1076 2871 1172 2932 saltem
1183 2871 1237 2931 boc
1250 2891 1321 2931 auno
1339 2869 1488 2930 Antiochia
1505 2870 1588 2931 luisse
1605 2892 1661 2953 pro
1678 2889 1763 2937 certo
1783 2877 1830 2939 h..

281 2974 377 3040 quarta
395 2973 522 3039 sequente
544 2963 578 3020 et
610 2960 715 3019 Martii.
739 2960 879 3022 Decimam
903 2975 1025 3040 quartam
1075 2963 1207 3044 beamus,
1225 2984 1341 3043 cumque
1360 2962 1439 3022 nobis
1450 2960 1624 3042 exploratum
1640 2984 1700 3025 uon
1720 2967 1830 3050 sitque

282 3052 444 3135 paulopost
455 3073 588 3131 eamque
612 3051 717 3112 decima
737 3067 833 3113 octaua
856 3069 1024 3127 numeratur,
1076 3056 1122 3127 die
1136 3078 1207 3118 anno
1220 3056 1281 3117 387
1305 3053 1466 3116 Antiocheni
1487 3052 1589 3113 Pascha
1608 3054 1830 3137 celebraverint,

281 3166 396 3226 queque
413 3145 506 3205 habita
525 3145 578 3205 luit
595 3144 740 3205 Dominiea
756 3147 850 3224 quinta
870 3147 1026 3228 Quadrage·
1076 3148 1154 3210 odie
1170 3149 1269 3211 mensis
1290 3148 1318 3208 in
1336 3147 1489 3207 recensione
1508 3146 1691 3209 homiliarum
1707 3172 1827 3215 comme·

282 3237 358 3297 simas
379 3240 397 3299 5
420 3236 532 3319 Aprilis.
553 3237 694 3297 Decimam
713 3237 836 3315 quintam
856 3239 969 3300 sabbam
984 3262 1027 3301 sc·
1076 3244 1208 3305 morando
1221 3240 1435 3316 abstinebimus;
1450 3238 1497 3299 sed
1510 3238 1701 3303 indicabimus
1715 3256 1831 3319 mamm,

282 3332 377 3391 cunda
385 3329 563 3391 hebdomadis
571 3329 803 3410 Quadragesimae,
813 3352 858 3389 seu
871 3333 1026 3393 sottauii.
1076 3333 1229 3416 quandoid
1248 3332 1353 3409 licebit,
1371 3329 1487 3411 quadie
1504 3330 1691 3395 hebdomadis
1708 3334 1831 3399 homilia

281 3424 424 3485 Decimam
438 3437 541 3483 sextam
558 3423 702 3483 Dominiea
716 3423 792 3483 tertia
806 3424 1026 3504 Quadragesimar
1076 3429 1157 3492 elicta
1172 3427 1284 3488 fuerint.

282 3518 316 3575 nt
333 3515 437 3576 Martii.
454 3516 594 3576 Decimam
603 3515 745 3597 septimam
753 3515 1024 3596 cireasrnemquartae
1117 3522 1208 3583 Prima
1229 3520 1321 3598 itaque
1338 3516 1451 3576 homilia
1470 3514 1564 3576 habita
1588 3530 1633 3577 est
1652 3520 1760 3601 paneis
1773 3536 1831 3583 ante
1861 3538 1869 3581 t

282 3607 460 3669 hebdomadis
480 3609 713 3688 Quadragesimae.
737 3609 878 3669 Decimam
900 3624 1025 3671 octavam
1077 3615 1237 3683 seditionem
1262 3610 1456 3669 Antiochenam
1475 3607 1586 3687 diebus,
1604 3623 1639 3671 nt
1661 3632 1703 3675 ex
1726 3612 1775 3679 his
1792 3602 1869 3679 Μ’

282 3702 425 3762 Dominica
436 3701 528 3779 quinta
538 3700 758 3780 Quadragesimae
772 3701 903 3782 5Aprilis
913 3703 957 3761 vel
970 3703 1028 3763 cir·
1078 3702 1172 3763 eundae
1189 3698 1309 3758 homilia
1323 3719 1398 3758 num.
1413 3701 1442 3759 ὅ.
1460 3696 1551 3758 verbis
1567 3698 1705 3761 eruiturs
1729 3728 1748 3761 ι
1761 3682 1869 3765 laon-¹¹

283 3795 358 3856 citer.
375 3794 514 3853 Decimam
523 3813 621 3852 nonam
633 3805 694 3871 post
707 3791 840 3859 decimam
855 3798 1022 3870 qrrartamll
1079 3814 1143 3875 gam
1166 3810 1253 3871 nuper
1277 3789 1351 3870 apud
1373 3789 1511 3849 caritatem
1534 3803 1656 3851 vestram
1679 3796 1832 3857 mationem

283 3886 392 3946 circiter
419 3884 532 3964 Aprilis.
557 3883 727 3963 Vigcsimam
756 3883 801 3942 die
826 3882 1027 3945 paschatis-25
1079 3881 1188 3945 extendi
1190 3926 1262 3955 ......
1275 3896 1301 3942 et
1315 3881 1440 3942 laborum
1452 3881 1601 3942 mercedem
1610 3886 1832 3969 accepi...Qaa

285 3976 398 4057 Aprilis.
413 3975 581 4054 Vigesimam
593 3974 710 4054 primam
725 3975 818 4035 eodem
836 3975 944 4035 circiter
955 3989 1029 4035 tem·
1079 3996 1145 4035 vcro
1162 3995 1262 4035 merces
1277 3974 1356 4036 erat?
1374 3973 1501 4034 Civitatis
1522 3972 1770 4057 blasphematores
1785 4004 1833 4065 pu-

284 4090 351 4149 pore
367 4090 421 4146 quo
436 4066 597 4146 vigesimam
617 4065 761 4125 secundam
778 4080 950 4145 sequentem,
968 4088 1029 4145 qum
1081 4068 1149 4141 nire,
1162 4066 1327 4148 eteastigane
1338 4068 1428 4125 Deum
1442 4066 1604 4127 contumelia
1618 4068 1833 4153 afficientem

284 4160 379 4220 habita
390 4173 428 4219 est
439 4158 836 4237 scriasextapostDominieam
846 4159 981 4221 Passionis
992 4162 1031 4221 16
1081 4160 1196 4221 furiosos
1213 4158 1347 4219 cohibere.
1364 4182 1379 4213 u
1400 4156 1465 4217 llaec
1486 4159 1581 4240 procul
1601 4157 1696 4223 dubio
1715 4180 1833 4249 quecunt

286 4253 400 4335 Aprilis.
426 4252 473 4312 Sic
493 4250 680 4331 perturbatum
701 4250 830 4311 harumce
855 4250 1029 4311 homiliamm
1080 4253 1116 4313 ad
1133 4253 1249 4334 primam
1268 4249 1420 4323 homiliam,
1443 4272 1557 4331 eamque
1576 4251 1833 4340 longissimam,de

285 4345 409 4406 ordinem
433 4362 540 4403 summa
564 4340 733 4401 accuratione
755 4341 895 4401 restituere
918 4358 1029 4405 conatur
1081 4360 1233 4407 sanctorum
1252 4342 1392 4418 arumnis,
1408 4342 1495 4422 deque
1508 4344 1560 4403 Dei
1575 4344 1832 4434 providentiaergt

286 4438 493 4511 Tillo-entius,
508 4434 569 4510 cui,
586 4448 616 4495 ut
628 4433 656 4494 in
672 4436 766 4495 multis
774 4435 990 4517 adstipulamur,
1000 4439 1028 4499 in
1081 4440 1261 4513 electossuos,
1274 4436 1320 4515 qui
1336 4436 1362 4495 iu
1372 4435 1423 4495 hac
1437 4436 1494 4495 rita
1505 4434 1677 4515 cruciantur,
1694 4456 1729 4503 et
1742 4444 1833 4505 adrer-

287 4530 347 4590 aliis
362 4551 513 4612 repugnare
532 4527 823 4609 sagimen-Ordinem
838 4550 918 4610 proruo
935 4531 1028 4592 borni·
1081 4553 1128 4592 sus
1138 4552 1183 4591 eos
1193 4528 1407 4610 quiblasplrema
1418 4527 1490 4588 dicta
1501 4526 1529 4587 in
1542 4530 1632 4589 Deum
1642 4534 1831 4613 proterebant:

288 4622 387 4681 liarnm
403 4623 509 4701 qualem
521 4622 569 4683 ille
581 4622 686 4693 statuit,
704 4622 816 4682 bienno
830 4638 972 4703 conspectu
987 4645 1029 4684 re·
1047 4696 1051 4703 Ι
1082 4623 1129 4683 rrbi
1145 4623 1254 4684 demum
1269 4623 1328 4681 haec
1340 4622 1484 4681 observatu
1508 4636 1580 4682 certe
1601 4620 1692 4707 digua
1709 4632 1828 4711 prodere:

287 4727 488 4794 praesentaturus.
1083 4746 1097 4773 u
1107 4715 1163 4778 Sed
1176 4728 1317 4799 postquam
1336 4714 1371 4774 de
1388 4714 1557 4796 blasphemia
1569 4714 1652 4779 nohis
1662 4722 1759 4785 verba
1772 4724 1832 4785 iana

286 4943 386 4998 leem.
476 4952 520 4991 uto
533 4941 595 4990 Dur.
677 4940 778 4993 'l'illenn
813 4942 911 4993 Fronto
922 4943 986 4994 Due.
1048 4937 1171 4994 'Tullem
1204 4941 1302 4992 leonto
1315 4939 1378 4990 Due.
1459 4938 1560 4991 llllem.
1595 4940 1789 5003 Frontonns.

464 5022 513 5069 iure
711 5026 727 5073 7
819 5023 933 5088 Septima
1105 5024 1136 5073 18
1189 5017 1331 5071 Undecima
1495 5022 1526 5070 111
1581 5022 1695 5079 Decium
1707 5042 1803 5097 quarta

429 5086 547 5140 hecrruda
712 5092 727 5138 ll
819 5090 917 5139 Octrrrrr
1105 5092 1136 5139 tt
1191 5084 1344 5137 Duodecimn
1496 5091 1527 5135 ts
1583 5088 1694 5143 Decima
1710 5112 1783 5149 nona

429 5156 516 5205 'lrtia
713 5158 727 5205 9
822 5156 895 5205 Noua
1106 5156 1136 5205 15
1191 5154 1294 5204 Decima
1308 5150 1382 5201 tertia
1495 5156 1526 5203 20
1583 5152 1719 5223 vigesima
1730 5160 1832 5216 md,

429 5223 527 5284 Quarto
714 5223 745 5270 11)
820 5223 923 5272 Decium
1105 5224 1136 5271 16
1194 5216 1413 5282 Decimasrpriurn
1495 5224 1521 5267 ‘ll
1582 5221 1719 5285 vigeam.
1734 5233 1814 5299 prm
1867 5230 1869 5261 ε

464 5289 479 5335 ri
502 5299 526 5337 ta
713 5290 741 5335 11
824 5284 1054 5379 ὓῡοίωοφιίιιιειι
1108 5292 1136 5337 17
1192 5286 1396 5337 Decimauctaru
1495 5288 1525 5334 ‘tt
1584 5288 1732 5357 vigesima..
1864 5278 1869 5471 q

464 5371 507 5403 su

445 4957 474 4991 ro

431 5023 462 5102 Dr

445 5158 466 5205 'e

456 5240 462 5269 l

430 5290 463 5350 Qu

430 5359 462 5404 Se
716 5355 745 5402 12
817 5355 919 5407 Decima
931 5367 999 5403 sextu
1049 5382 1054 5411 ,

321 5029 332 5074 1

320 5094 335 5142 2

322 5160 338 5207 3

320 5228 336 5273 l

321 5292 337 5340 b

322 5359 337 5403 (i

483 5366 491 5404 1
