3750 6052
706 576 799 643 unse
824 594 957 645 rmuuu
984 583 1186 647 socruum:
1280 562 1283 567 ⁴
1645 579 1713 679 149

174 733 237 783 tum
252 739 350 782 munus
363 739 420 781 esse
431 741 448 780 a
460 718 571 781 doctore
580 738 640 796 suo,
656 717 703 798 qui
716 735 779 780 nro
792 719 851 780 lons
866 719 920 780 do·
972 736 1020 783 ant
1039 722 1075 783 ad
1095 722 1249 805 improbem
1267 722 1353 785 vitam
1367 726 1501 808 pertinere
1507 737 1562 803 ,ut
1576 725 1660 788 altera
1670 741 1713 789 to-

177 813 271 873 ctrinte
288 826 368 889 esset,
381 826 410 875 et
421 812 491 872 banc
505 810 671 892 provinciam
688 810 772 892 probe
785 811 921 893 suscipere
973 814 1009 874 tis
1022 814 1128 876 viribus
1146 815 1305 878 declinetur.
1323 818 1422 879 Nullus
1435 819 1463 879 iu
1480 819 1546 881 orbe
1558 819 1713 884 Christiano

178 918 267 986 posset
284 929 291 963 τ
307 903 406 965 deinde
424 925 487 964 vero
502 916 691 982 argumentum
704 902 920 964 adversariorum
972 909 1042 970 liber
1054 923 1093 969 est
1106 922 1145 969 tot
1165 923 1292 989 tantaque
1303 911 1419 972 referens
1433 911 1592 973 Christiane
1612 914 1712 974 ethices

178 1011 234 1056 tam
246 998 330 1077 probe
342 996 464 1078 depellit,
475 1009 505 1054 ut
517 995 618 1056 nescias
633 1009 724 1054 utrum
734 997 821 1075 magis
834 996 918 1057 mire-
972 1016 1107 1084 praecepta
1121 1026 1129 1060 ε
1144 1023 1277 1083 nusquam
1288 1003 1497 1084 Chrysostomus
1508 1019 1580 1065 tanta
1595 1025 1661 1066 usus
1674 1019 1713 1066 est

178 1088 227 1162 ris,
252 1091 443 1168 eloquentiam,
463 1109 497 1149 an
514 1087 660 1148 dialectiea·
682 1089 749 1149 vim.
774 1090 837 1149 Haec
854 1112 919 1152 vero
972 1093 1135 1173 inventione,
1154 1095 1293 1168 iscundia,
1307 1097 1451 1176 sagacitate
1466 1096 1502 1156 ad
1522 1118 1609 1157 mores
1625 1098 1714 1158 insor-

179 1181 272 1241 ooncio
282 1183 375 1241 multis
385 1180 463 1242 annis
476 1194 536 1262 post
545 1182 686 1242 conciones
699 1181 760 1242 illas
772 1183 841 1242 alias
853 1205 920 1244 con·
972 1187 1085 1248 mandor
1094 1233 1102 1262 ,
1125 1187 1292 1248 eliminanda
1308 1189 1387 1267 vitia,
1411 1189 1578 1250 Christianus
1596 1191 1714 1252 familias

179 1285 227 1332 tra.
241 1277 385 1333 Auomteos
407 1273 504 1333 emissa
525 1270 644 1341 videtur,
669 1294 732 1333 etun
755 1295 791 1334 ex
810 1276 919 1337 assiduo
971 1292 1043 1338 recte
1078 1279 1284 1360 componendas.
1313 1281 1486 1362 Quapropter
1513 1283 1577 1362 jure
1604 1280 1720 1342 dicebat·

179 1366 354 1426 concionandi
369 1366 460 1427 officio
479 1386 609 1446 magnum
629 1367 682 1426 sibi
698 1367 848 1428 Antiochia
865 1391 919 1430 uo·
971 1372 1003 1432 S.
1027 1371 1150 1437 Thomu
1166 1373 1299 1453 Aquinas,
1314 1373 1442 1433 referente
1459 1375 1568 1455 Papirio
1586 1378 1717 1435 Massono

179 1479 240 1519 men
254 1459 400 1540 peperisset
412 1460 632 1540 Chrpsostnmus.
649 1459 713 1519 Haec
726 1458 838 1520 homilia
850 1475 881 1520 ut
893 1476 920 1523 et
971 1460 1022 1521 lib.
1039 1465 1060 1522 6
1078 1461 1112 1522 de
1125 1463 1254 1538 Romanis
1274 1464 1469 1539 Pontificibus,
1488 1465 1516 1525 in
1535 1468 1638 1527 Jonnne
1657 1466 1717 1527 va·

178 1566 316 1630 sequentes
336 1572 421 1632 nuper
434 1570 470 1610 ex
484 1550 601 1614 tenebris
613 1564 695 1610 erutae
709 1551 828 1612 luerunt.
844 1553 920 1630 [Gu·
971 1574 1007 1635 pa
1022 1553 1102 1631 xxt,
1116 1555 1196 1615 malle
1209 1576 1237 1616 se
1250 1556 1290 1617 uti
1303 1556 1488 1637 chrysostomi
1503 1547 1582 1618 libris
1593 1557 1623 1617 in
1638 1561 1713 1618 Mat-

177 1644 219 1704 dit
233 1644 300 1704 eain
314 1666 414 1704 aunum
429 1645 516 1720 399]
971 1646 1071 1704 thaum
1079 1691 1089 1726 ,
1103 1667 1184 1726 quarn
1203 1647 1337 1728 possidere
1353 1649 1461 1728 fruique
1474 1650 1580 1711 Lutetia
1593 1650 1714 1711 Parisio-

131 1762 165 1814 35·
218 1736 332 1810 Eodem,
346 1751 375 1795 ut
388 1750 508 1817 putatur,
523 1735 630 1797 circiter
640 1749 759 1816 tempore
770 1735 917 1797 Homiliam
973 1760 1044 1800 rum.

178 1827 213 1888 tle
224 1828 422 1890 Melchisedeco
437 1829 542 1891 hahuit.
559 1829 608 1890 Est
620 1843 722 1905 antem,
732 1827 806 1908 quod
819 1843 921 1910 spectat
986 1848 991 1860 ’
1014 1833 1074 1893 Non
1088 1834 1302 1894 concionatorem
1315 1834 1410 1907 modo,
1425 1834 1472 1895 sed
1486 1835 1567 1895 etiam
1580 1834 1716 1917 interpre-

179 1921 238 2002 ejus
251 1937 355 2002 partem
365 1942 416 1981 non
430 1921 583 1992 minimam,
596 1920 754 2003 precedenti
768 1942 821 1981 non
836 1922 918 1982 dissi-
974 1936 1027 1983 tem
1045 1925 1101 2005 agit
1115 1926 1333 2008 Chrysostomus.
1349 1926 1443 1988 Sicubi
1462 1927 1534 1987 euim
1555 1927 1636 1988 series
1652 1948 1717 1988 ver-

179 2015 262 2074 milis.
278 2017 353 2074 Licet
366 2015 438 2073 enirn
451 2013 745 2090 dehlelchisedeco,ut
759 2013 920 2074 sertinscri-
976 2014 1074 2074 horum
1093 2016 1247 2097 Evangelii,
1263 2014 1349 2098 qua'm'
1365 2019 1548 2100 explanationi
1567 2041 1623 2079 suae
1643 2040 1718 2100 prae-
1824 2048 1825 2051 ¹

180 2107 248 2190 ptio,
263 2121 376 2187 agatur,
397 2127 449 2167 uon
470 2107 582 2167 minima
595 2120 685 2164 tamen
703 2125 767 2186 pars
788 2103 923 2166 concionis
969 2107 1083 2167 mittere
1096 2109 1175 2178 solet,
1193 2110 1312 2190 aliquam
1331 2110 1430 2170 habere
1445 2110 1553 2173 videtur
1570 2110 1720 2171 difficulta·
1755 2108 1758 2112 ’

181 2213 272 2260 contra
294 2204 438 2258 Anomoeos
460 2214 508 2259 est.
526 2197 630 2258 Deinde
652 2219 722 2258 vern.
737 2211 828 2257 contra
849 2200 923 2273 tuet-
963 2211 1031 2258 tem
1045 2199 1115 2259 cinca
1128 2213 1235 2282 tenpus
1244 2200 1290 2260 vel
1300 2201 1467 2261 occasionem
1481 2222 1571 2261 rerum
1583 2216 1719 2281 gestarum
1815 2255 1816 2258 ,

181 2291 355 2350 chisedecitas
368 2292 536 2371 disputatur,
545 2291 593 2369 qui
606 2290 732 2350 dicebant
746 2289 925 2350 Melchisede·
970 2304 1025 2350 *ant
1040 2290 1346 2371 nircaevangdistamm
1359 2291 1453 2352 eadem
1468 2293 1526 2373 ipsa
1541 2292 1719 2365 narrantium,

182 2405 244 2442 rum
265 2405 321 2442 esse
342 2383 450 2443 Christo
471 2382 529 2442 lilio
548 2383 706 2463 majorem:
728 2382 776 2442 elii
791 2382 923 2463 putabant
976 2380 1089 2443 dicendi
1105 2384 1274 2461 varietatem,
1295 2405 1326 2467 en
1345 2383 1393 2444 ille
1412 2385 1501 2443 omnia
1517 2385 1651 2465 sagaciter
1669 2406 1721 2445 ex·-

182 2498 239 2536 esse
251 2477 385 2557 Spiritum
400 2490 537 2552 sanctum,
555 2490 586 2536 nt
601 2476 677 2537 docet
693 2475 772 2537 etiam
792 2475 924 2557 Epipha-
977 2488 1068 2535 eutere
1080 2475 1148 2535 solet
1162 2499 1170 2533 ε
1183 2490 1335 2558 temporum
1350 2477 1480 2536 ustionem
1494 2477 1620 2538 ohsermt
1631 2490 1721 2538 etex·

182 2570 243 2630 nius
256 2569 351 2629 haeresi
372 2569 421 2630 tn.
440 2569 475 2629 al.
491 2571 539 2631 55.
555 2569 602 2629 Ex-
614 2569 648 2629 iis
665 2590 728 2648 quas
741 2571 835 2628 contre
847 2573 925 2628 Ans
976 2566 1076 2648 plorat,
1087 2566 1252 2628 occasionum
1265 2570 1309 2628 vel
1320 2568 1387 2628 editi
1400 2569 1470 2649 sigui
1485 2584 1512 2629 ct
1525 2569 1666 2646 miracirll·,
1676 2572 1721 2630 vol

182 2683 264 2721 mneos
275 2661 414 2734 dicuntur,
427 2663 577 2742 conjectura
591 2659 702 2720 ducitur
714 2659 836 2720 habitam
847 2658 923 2719 illam
977 2674 1057 2740 gesta
1075 2661 1114 2721 rei
1128 2660 1272 2742 diligenter
1289 2676 1426 2722 scrutatur
1445 2686 1451 2721 :
1470 2662 1641 2723 diversorum
1656 2683 1721 2721 sen-

181 2754 263 2814 suisse
276 2754 517 2833 Antiochiae.[·Non
527 2753 696 2816 assentimur.
705 2755 744 2813 Ut
752 2767 921 2834 argumento,
977 2754 1072 2814 tentias
1093 2755 1164 2815 circa
1186 2776 1229 2815 res
1250 2754 1410 2835 plerumque
1429 2753 1543 2814 obscure
1556 2754 1722 2834 significatas

181 2846 219 2906 ita
244 2847 324 2907 etiarn
345 2848 473 2929 temporis
498 2846 593 2907 ordine
615 2845 776 2929 praecedenti
800 2849 924 2926 junctam
978 2847 1055 2907 affert
1074 2860 1100 2906 et
1118 2847 1255 2908 examinat
1275 2848 1321 2908 :si
1335 2845 1504 2916 confutandae
1517 2846 1589 2919 sint,
1606 2840 1635 2906 id
1651 2847 1721 2905 mira

181 2953 324 3020 putamus,
341 2955 422 3020 atque
435 2942 504 3001 inter
517 2941 665 3003 Vaticanas
677 2941 743 3001 tomi
758 2938 813 3000 Xll
828 2941 923 3000 loran·
976 2939 1135 3018 exsequitur
1154 2938 1315 3000 dexteritate
1334 2954 1415 3020 atque
1433 2940 1535 3020 ingenii
1558 2939 1721 3016 acrimoniam

175 3031 254 3112 dnm.
264 3035 388 3104 Quarum
398 3055 432 3094 ex
442 3033 583 3095 undecima
596 3036 761 3108 verbammt
771 3035 817 3097 nol
830 3034 923 3117 πρῴην
976 3032 1000 3093 si
1012 3054 1066 3112 qua
1077 3054 1143 3093 vero
1157 3033 1227 3092 inter
1242 3033 1421 3112 evangelistas
1433 3033 1460 3092 in
1472 3031 1607 3091 narrando
1619 3031 1731 3092 discut·-

181 3125 246 3206 rrpbe
277 3134 399 3186 τοσοῦτον
427 3128 506 3206 βάθος
532 3127 699 3207 κατενεχθεὶς
723 3131 742 3186 b
765 3127 842 3206 λόγος
873 3139 923 3185 etc.
976 3125 1068 3207 pantia
1079 3147 1135 3186 esse
1145 3127 1238 3186 statim
1252 3126 1389 3203 videatur,
1409 3125 1439 3185 id
1458 3127 1505 3186 ille
1517 3146 1566 3207 pro
1580 3125 1654 3187 virili
1669 3147 1722 3186 ex·-

182 3237 209 3294 p.
225 3217 293 3291 595,
307 3216 340 3292 E,
352 3238 412 3296 quae
426 3216 630 3298 precedentem,
647 3217 855 3280 interundecim
867 3221 925 3280 Va·
977 3218 1056 3293 cutit,
1080 3217 1249 3297 ostenditque
1272 3219 1364 3294 illam,
1385 3240 1448 3299 quae
1468 3218 1552 3278 verbo
1571 3230 1648 3277 tenus
1666 3239 1723 3278 esse

181 3307 282 3367 tiranas
304 3329 360 3367 non
376 3323 589 3390 comparentem,
606 3310 748 3370 homiliam
767 3311 924 3392 respiciunt,
978 3306 1101 3383 videtur,
1123 3307 1318 3388 dissonantiam
1338 3310 1442 3369 nullam
1461 3330 1554 3369 revera
1568 3330 1635 3368 esse.
1651 3309 1723 3369 Hine

181 3400 282 3481 optime
292 3402 320 3460 in
334 3401 403 3460 hanc
411 3400 445 3461 de
454 3401 652 3462 lllelcbisedeco
661 3401 805 3481 quadrant.
816 3402 871 3463 Th.
879 3404 924 3482 F.]
978 3414 1068 3459 autem
1080 3400 1179 3459 miram
1195 3400 1245 3460 Dei
1259 3401 1311 3460 hac
1325 3402 1353 3460 in
1369 3423 1399 3461 re
1412 3400 1610 3482 providentiam
1627 3401 1721 3461 decla»

142 3533 159 3586 ⁸
223 3492 341 3552 Homilia
356 3495 384 3553 in
399 3494 471 3554 illud
484 3493 609 3574 apostoli,
619 3496 686 3554 Hoc
700 3509 803 3554 autem
810 3498 921 3566 scivere,
979 3492 1033 3551 rari
1051 3492 1186 3552 contendit
1208 3516 1216 3551 r
1234 3514 1297 3551 nam
1315 3493 1338 3552 si
1357 3499 1476 3573 quatuor
1490 3493 1660 3572 evangeliste
1680 3515 1722 3553 res

131 3552 142 3602 ἵ
161 3569 169 3584 ⁶
182 3585 261 3665 quod
271 3588 304 3646 in
318 3588 483 3647 novissimis
497 3587 597 3646 diebus
610 3600 696 3646 erunt
710 3600 841 3667 tempora
852 3607 924 3667 gra.-
978 3583 1086 3644 easdem
1100 3582 1195 3643 eodem
1208 3605 1318 3665 prorsus
1332 3584 1412 3644 modo
1427 3580 1630 3657 recensuisent,
1646 3582 1676 3642 id
1688 3585 1723 3643 de

183 3682 242 3756 via,
263 3700 280 3737 a
299 3700 342 3738 me
360 3679 389 3739 in
404 3679 536 3741 Vaticana
554 3678 722 3739 Bibliotheca
737 3679 880 3761 exscripta.
892 3681 925 3739 ln
978 3674 1113 3735 industria
1127 3690 1153 3737 et
1173 3676 1297 3736 consulto
1316 3677 1417 3737 lactum
1432 3697 1489 3736 esse
1507 3676 1596 3736 visum
1615 3676 1720 3735 suisset.
1834 3723 1840 3734 .

180 3791 212 3830 ea
222 3792 314 3831 omnes
327 3769 544 3853 styli,dietionis
555 3771 769 3850 inventionisque
779 3784 848 3832 note
860 3792 925 3832 enn-
977 3773 1013 3828 Ar
1028 3789 1101 3829 nuno
1114 3791 1177 3830 curn
1189 3769 1369 3849 evangeliste,
1383 3789 1436 3829 non
1449 3790 1492 3829 res
1501 3782 1533 3828 ut
1542 3767 1578 3828 ah
1589 3767 1652 3828 'aliis
1663 3768 1721 3849 jam

182 3878 303 3939 currunt,
314 3879 344 3924 ut
354 3886 413 3924 eam
424 3864 618 3945 Chrysostotno
626 3862 924 3945 adscribamuslpsam
978 3859 1130 3945 descripta,
1146 3863 1193 3922 scd
1215 3875 1245 3921 ut
1266 3861 1310 3922 vel
1328 3862 1364 3921 ab
1384 3883 1413 3922 se
1426 3862 1490 3923 visae
1511 3861 1626 3940 luerent,
1642 3861 1721 3920 bela
1814 3865 1817 3868 ’

182 3957 279 4017 hebuit
294 3979 355 4017 cum
369 3957 519 4039 permultos
532 3956 591 4017 dies
605 3956 701 4016 absens
714 3955 925 4034 infirmitateque
978 3952 1033 4013 lide
1053 3955 1145 4035 dignis
1163 3954 1276 4016 testibus
1294 3967 1461 4035 acceperant,
1483 3966 1622 4030 enarrent,
1638 3953 1721 4014 fidem

181 4048 305 4109 detentus
321 4049 427 4124 suisset,
451 4068 483 4108 ac
505 4069 562 4129 prae
585 4068 676 4108 amore
698 4047 812 4128 populi,
834 4046 926 4108 adhuc
978 4047 1088 4108 omnino
1108 4061 1253 4108 merentur.
1269 4047 1410 4127 Siquidem
1434 4061 1551 4127 quatuor
1566 4060 1628 4106 sont
1643 4060 1722 4108 testes

157 4217 161 4223 .
182 4142 354 4201 manentibus
371 4140 459 4201 morbi
474 4139 598 4219 reliquiis
614 4138 649 4199 ad
663 4140 803 4200 ecclesiam
816 4140 926 4200 concio·
979 4157 1095 4215 veraces,
1109 4141 1157 4220 qui
1167 4140 1190 4200 si
1204 4161 1219 4199 a
1231 4139 1368 4219 prioribus
1375 4140 1432 4221 jam
1442 4139 1514 4207 dicta
1522 4139 1650 4198 referrent
1660 4153 1722 4198 tan·-

182 4245 296 4293 naturus
309 4230 458 4294 advolavit.
478 4231 511 4292 ld
526 4233 599 4312 quod
613 4233 671 4314 ipse
687 4232 776 4306 initio,
791 4233 927 4293 maxime·
980 4242 1048 4307 tum,
1060 4253 1109 4312 pro
1121 4253 1175 4292 uuo
1185 4232 1286 4292 censeri
1299 4231 1439 4290 deberent.

182 4324 275 4406 quein
291 4325 346 4384 line
358 4325 477 4386 homiliae
490 4325 567 4391 dicit.
584 4327 655 4386 Cum
667 4340 755 4386 autem
767 4348 838 4408 sape
851 4347 925 4386 mor·
1020 4325 1169 4386 Antiochiae
1187 4339 1278 4385 autem
1296 4323 1404 4383 habitas
1420 4323 1503 4382 luisse
1519 4321 1569 4389 has
1582 4321 1722 4381 conciones

181 4419 226 4481 his
249 4419 368 4481 afflictus
389 4417 479 4493 inerit,
502 4438 556 4477 nnn
576 4417 613 4477 ita
634 4417 712 4478 facile
732 4431 782 4494 est,
799 4419 828 4479 in
853 4417 928 4498 quod
980 4417 1150 4497 exploratum
1164 4430 1220 4488 est,
1229 4429 1259 4475 ut
1272 4415 1405 4474 diximus.
1422 4415 1464 4474 De
1475 4434 1546 4473 anno
1561 4413 1630 4472 nibil
1644 4413 1726 4473 hahe-

184 4525 291 4593 tempus
315 4510 374 4572 hnc
394 4510 533 4582 incidant,
550 4508 751 4590 deprehendere
766 4535 775 4570 a
793 4510 871 4572 initio
885 4526 929 4571 ta-
980 4531 1058 4585 mus;
1080 4509 1111 4570 id
1130 4524 1219 4568 autern
1237 4522 1340 4568 eertum
1359 4527 1416 4567 esse
1435 4502 1556 4579 videtur,
1577 4504 1724 4586 uon‘poss'e

185 4627 250 4665 men
268 4606 380 4669 suadere
400 4605 508 4668 videtur
528 4605 598 4665 hanc
617 4604 758 4666 homiliam
776 4606 928 4668 Antiochia}
980 4599 1010 4661 in
1023 4601 1184 4671 ann0⁸5862
1197 4600 1268 4678 387,
1283 4598 1353 4670 583,
1369 4597 1474 4659 referri·

186 4694 286 4756 dictam
298 4700 389 4760 luisse.
596 4759 598 4763 ,
1021 4696 1114 4773 Neque
1132 4692 1237 4753 silentio
1255 4689 1514 4773 praetemnittendum
1534 4703 1586 4767 est,
1600 4688 1631 4751 id
1649 4686 1723 4769 quod
1735 4732 1780 4796 T·⁷
1794 4731 1864 4791 mg,

228 4787 353 4849 Homitiae
377 4791 524 4872 nonaginta
546 4791 573 4853 in
595 4789 755 4852 Matthaeum
780 4792 929 4853 Antiochite
982 4787 1074 4849 inhoc
1087 4784 1286 4847 Commentario
1298 4783 1434 4865 opinando
1451 4784 1620 4856 testificetur,
1640 4783 1722 4842 nimi·
1736 4811 1757 4840 e.
1769 4794 1823 4843 stt.

189 4879 288 4939 habite
302 4880 423 4957 bierunt,
438 4897 465 4942 et
484 4884 604 4943 Turnum
624 4883 769 4964 septimum
783 4897 869 4945 totum
883 4905 930 4945 oc·
984 4904 1045 4944 rum
1063 4881 1145 4940 linern
1160 4877 1256 4938 muudi
1271 4879 1329 4959 jam
1345 4877 1502 4958 proximum
1521 4898 1589 4938 esse.
1605 4875 1640 4936 ld
1660 4894 1725 4936 vero

189 4986 301 5055 cupant.
326 4974 426 5033 blorali
449 4977 643 5056 cujuscumque
665 4976 770 5056 generis
787 4976 932 5059 disciplina
984 4973 1084 5035 clarius
1094 4971 1215 5032 enuntiat
1226 4970 1254 5029 in
1263 4971 1384 5050 sequenti
1396 4968 1594 5030 Commentario
1604 4968 1632 5028 in
1642 4970 1724 5029 Joan·
1736 5008 1784 5064 Ν
1796 5026 1819 5070 P·
1842 5028 1863 5043 ⁴,

191 5069 304 5142 rcsertae,
324 5067 478 5129 universam
500 5069 662 5130 Christianae
684 5070 747 5130 virs
768 5083 794 5129 et
816 5070 932 5130 instituti
985 5087 1057 5138 nem,
1074 5065 1121 5124 ubi
1138 5062 1205 5123 dicit
1219 5087 1226 5123 ε
1241 5088 1256 5119 u
1272 5062 1302 5124 si
1316 5076 1355 5122 tot
1368 5082 1499 5121 annorum
1514 5059 1724 5139 quadringente·
1739 5085 1764 5127 s,

192 5182 326 5221 summam
353 5182 408 5241 prae
437 5181 465 5220 se
491 5161 593 5221 ferunt.
621 5162 674 5222 Hic
700 5183 793 5222 omnes
822 5163 934 5223 virtutis
986 5159 1086 5240 simum
1100 5157 1246 5217 essesrrmm
1260 5155 1419 5230 dixerimus,
1433 5174 1485 5213 nnn
1498 5152 1725 5213 aberrabimus.»

192 5252 323 5313 adeundae
345 5266 371 5311 et
390 5250 543 5312 exercendae
563 5252 650 5323 modi,
666 5256 797 5314 universas
812 5254 934 5333 fugiendi
987 5251 1088 5334 Opinio
1107 5250 1178 5311 enim
1198 5248 1347 5308 multorum
1365 5261 1473 5328 patrum
1492 5245 1579 5304 luerat
1595 5244 1729 5304 mundum
1746 5254 1772 5276 '·

194 5345 255 5407 vitii
266 5347 380 5406 rationes
388 5345 537 5405 all'eruntnr
548 5359 574 5404 et
583 5344 762 5424 explanantur
775 5368 781 5403 ε
796 5367 844 5407 nec
855 5345 935 5426 quid·
988 5365 1036 5407 sex
1049 5343 1126 5405 mille
1142 5342 1219 5402 annis
1234 5339 1397 5401 duraturum
1412 5359 1479 5415 esse,
1495 5350 1525 5396 ut
1542 5337 1580 5397 ait
1593 5337 1729 5412 lrenteus,

144 5520 148 5525 1
196 5459 276 5519 quam
291 5438 505 5521 pretermittitur
516 5434 588 5518 quod
601 5435 687 5520 possit
702 5450 751 5497 eut
763 5437 799 5499 ed
817 5451 937 5500 unctam
988 5437 1036 5520 qui
1051 5458 1080 5500 se
1092 5434 1122 5499 id
1136 5435 1172 5498 ah
1184 5430 1558 5512 iisedidieissetestilicatur,
1578 5429 1631 5511 qui
1645 5433 1732 5494 loan-

139 5309 181 5354 us
