3750 6052
702 545 792 596 NUNC
814 543 946 595 rutttttst
971 543 1171 594 ADORNATA·
1639 543 1706 616 129

169 676 200 737 in
216 687 293 758 parte
306 674 442 736 feliciores
451 670 718 741 luimusaniminrm
732 671 779 751 qui
792 670 920 752 superio·
965 684 1007 730 tra
1032 669 1193 750 injuriarum
1219 666 1431 729 recordationem
1456 667 1630 737 concionatus
1653 681 1703 728 est.

172 790 201 829 re
216 782 338 850 tempore
354 767 429 828 nulla
443 766 585 829 vobiscum
598 764 734 845 colloquia
745 742 847 827 hssere
859 784 912 844 po-
1006 762 1037 821 ln
1049 762 1135 843 prima
1146 762 1181 822 de
1194 758 1300 821 Daride
1313 760 1426 821 homilia
1439 761 1475 822 de
1488 761 1628 844 tolerantia
1639 760 1707 841 agit,

170 861 273 921 tuimus
287 885 294 918 ε
308 859 355 921 sed
368 859 458 921 danda
471 873 509 921 est
523 860 610 934 venia,
619 858 682 919 cum
696 857 767 917 illud
776 879 828 917 non
841 856 913 915 iner-
964 854 1203 935 etquodoporteat
1212 853 1461 935 inimicisparcere,
1472 876 1520 916 nec
1532 853 1567 914 de
1577 853 1706 937 quopiam
1767 936 1770 940 ι
1855 921 1859 927 .

172 952 234 1028 tiae,
258 951 305 1011 sed
322 952 488 1012 infirmitatis
509 948 648 1011 silentium
665 949 756 1009 iuuerit.
771 972 786 1006 n
800 951 910 1009 Certum
965 946 1133 1026 maleloqui.

173 1045 266 1124 itaque
275 1060 314 1105 est
323 1044 392 1106 hanc
405 1046 521 1126 primam
530 1044 673 1104 homiliam
683 1043 811 1104 habuisse
825 1041 912 1122 Chry·
1006 1040 1039 1100 ln
1061 1040 1178 1100 secunda
1196 1039 1294 1122 probat
1314 1060 1367 1100 non
1383 1039 1463 1100 modo
1483 1041 1610 1101 virtutem
1626 1061 1706 1100 exer-

173 1153 319 1199 sostomurn
333 1153 474 1220 postquam
492 1139 528 1199 ab
544 1132 707 1219 aegrituditie
728 1128 911 1199 convaluerat.
966 1152 1041 1206 cere,
1054 1131 1102 1192 scd
1126 1133 1207 1193 etiam
1232 1131 1335 1200 virtute
1361 1133 1487 1215 preditos
1509 1134 1637 1205 laudare,
1652 1154 1706 1193 non

173 1231 381 1310 Jamquaeritur
400 1251 523 1310 quaenam
546 1227 771 1308 egritudornum
791 1226 837 1286 illa
860 1247 913 1304 qua
966 1246 1064 1305 parum
1083 1225 1209 1285 utilitatis
1225 1225 1479 1305 afferretquodque
1494 1225 1583 1286 David
1601 1223 1709 1306 magni·
1755 1246 1758 1251 ’

173 1322 312 1408 laborabat
324 1323 390 1383 dum
405 1335 556 1403 martyrum
568 1321 748 1381 solemnitates
759 1340 807 1401 per
819 1318 914 1378 urbem
960 1309 1092 1379 'licentius
1105 1333 1238 1400 tropaeum
1251 1318 1367 1403 creuerit
1379 1318 1515 1399 parcendo
1527 1318 1614 1393 Saiili,
1625 1340 1707 1398 quarn

171 1413 386 1484 celebrarentur,
397 1415 431 1474 de
448 1436 500 1493 qua
514 1415 646 1496 superius.
661 1413 690 1474 Si
703 1413 738 1472 de
750 1412 797 1471 illa
810 1410 915 1471 intelli·
967 1424 1102 1491 prostrato
1116 1410 1241 1486 Goliath,
1254 1411 1394 1492 magisque
1412 1411 1465 1472 sibi
1478 1411 1610 1494 profuerit
1625 1434 1708 1492 quarn
1815 1470 1820 1479 ,

174 1520 262 1585 gatur,
277 1508 346 1566 hanc
365 1521 436 1567 certe
457 1507 612 1572 concionem
631 1504 913 1584 habueritantequam
966 1501 1052 1564 saliti.
1180 1525 1186 1544 ι
1563 1547 1565 1551 .

176 1597 323 1657 Homiliam
343 1599 370 1658 in
387 1599 526 1658 Dominica
538 1603 587 1672 τῆς
605 1597 801 1677 ἔπισωζομένης
814 1610 840 1658 et
857 1599 915 1658 llo·
1008 1595 1040 1655 ln
1061 1593 1218 1669 terda,ubi
1233 1594 1304 1657 vidit
1317 1596 1418 1658 multos
1431 1618 1465 1657 ex
1486 1596 1521 1657 iis
1541 1595 1648 1676 adesse,
1661 1607 1710 1677 qui

176 1689 265 1749 milies
275 1689 310 1751 de
324 1696 401 1751 Anna
414 1690 582 1772 praedicaret.
595 1693 698 1753 Verum
713 1691 779 1751 adeo
793 1692 917 1769 frequen·
969 1707 1057 1769 nuper
1077 1700 1109 1747 ut
1128 1686 1269 1748 theatralia
1289 1688 1439 1769 spectacula
1463 1687 1569 1749 adirent
1588 1688 1712 1749 concioni

176 1784 433 1864 terChrysostomus
444 1784 648 1844 infirmitatibus
665 1785 802 1867 corporeis
814 1783 917 1845 detine-
969 1799 1024 1840 non
1038 1779 1224 1857 interfuerant,
1240 1779 1314 1840 dixit
1327 1801 1363 1840 ex
1380 1780 1539 1862 hujusmodi
1553 1781 1713 1863 spectatori·

176 1873 265 1951 batur,
279 1889 371 1935 utnon
385 1873 517 1954 possimus
529 1875 557 1934 id
570 1877 649 1954 qnasi
663 1889 767 1937 certum
779 1889 914 1936 statuere:
968 1872 1022 1932 bus
1035 1874 1135 1933 multos
1146 1871 1283 1932 adulteros
1296 1872 1366 1945 lieri,
1385 1872 1502 1952 hincque
1519 1873 1590 1933 bella
1603 1882 1630 1933 et
1643 1894 1713 1935 con·

173 1987 260 2044 quare
279 1967 306 2025 in
326 1966 427 2026 incerto
442 1989 482 2026 res
496 1982 601 2027 maneat
615 1982 731 2049 oportet.
747 1969 778 2028 ln
789 1967 841 2027 hac
853 1989 918 2028 vero
970 1964 1102 2036 tentiones
1121 1968 1206 2026 nasci.
1224 1964 1311 2025 sodis
1334 1986 1397 2025 vero
1415 1965 1551 2026 Davidem
1564 1988 1625 2026 cunr
1640 1969 1713 2028 Saii-

176 2056 290 2117 homilia
307 2058 338 2118 id
357 2059 491 2140 praecipue
506 2060 620 2141 probare
633 2060 749 2137 nititur,
764 2060 839 2120 omui
854 2082 919 2142 pec·
971 2056 998 2116 le
1017 2078 1096 2116 omne
1118 2056 1253 2137 patientiae
1273 2077 1357 2136 genus
1382 2078 1520 2138 superasse
1534 2082 1541 2115 ι
1555 2051 1713 2138 'cliuditque

178 2163 238 2210 cato
252 2150 411 2210 deteriorem
432 2173 489 2210 esse
513 2152 676 2232 injuriarum
697 2152 919 2214 recordationem.
971 2147 1064 2211 dicens
1077 2149 1198 2230 rapinam
1212 2149 1345 2230 patienter
1356 2150 1437 2225 ferre,
1450 2170 1507 2209 uon
1516 2151 1715 2212 minoremrir·

131 2282 168 2343 ῃ.
219 2245 295 2302 Hauc
304 2243 479 2317 continenter,
489 2256 519 2302 ut
532 2243 649 2317 ridetur,
660 2257 780 2322 sequutae
792 2259 854 2305 sunt
868 2261 921 2305 ues
970 2257 1058 2304 tutem
1073 2237 1440 2325 esse‚quam'eleemosynam
1456 2240 1605 2323 erogares

180 2334 306 2403 llorniliae
321 2335 356 2395 de
368 2335 477 2396 Davide
490 2351 515 2396 et
527 2336 618 2398 Saiile.
632 2340 830 2416 Argumentum
849 2337 921 2396 enim
1014 2338 1108 2396 Mense
1117 2349 1212 2395 autem
1225 2335 1379 2418 Septembri
1393 2336 1456 2395 anni
1468 2337 1528 2398 cut
1544 2337 1599 2417 jam
1619 2336 1715 2398 initam
1725 2375 1868 2438 mm·

179 2428 254 2508 quod
271 2428 297 2488 in
308 2429 427 2489 Humilia
441 2427 475 2488 de
492 2429 622 2489 Debitore
639 2428 733 2489 decem
747 2430 864 2490 millium
880 2444 921 2490 ta·
974 2441 1067 2488 contra
1080 2428 1188 2489 Judaeos
1205 2434 1439 2499 concertationem,
1455 2448 1546 2507 quam.
1557 2449 1628 2489 anno
1648 2452 1716 2511 pro·

180 2519 317 2580 lentorum
340 2534 471 2603 coeperat,
484 2542 580 2603 nempe
601 2522 637 2582 dc
652 2523 813 2604 injuriarum
833 2545 921 2583 recor-
974 2521 1052 2580 ximo
1065 2522 1126 2582 586
1139 2541 1230 2580 meuse
1243 2519 1350 2580 circiter
1367 2520 1519 2602 Septembri
1533 2535 1718 2604 superaura-

178 2612 291 2673 datione
299 2612 477 2695 depellenda,
491 2615 520 2675 in
536 2615 609 2675 hisce
624 2615 711 2675 tribus
728 2617 849 2677 homiliis
869 2638 922 2676 una
974 2614 1038 2675 dem
1052 2628 1206 2696 tempestate
1225 2617 1359 2674 resumsit.
1374 2614 1406 2674 ld
1427 2615 1474 2674 ille
1495 2615 1574 2676 initio
1594 2632 1715 2696 quartae,

181 2706 260 2782 serie,
272 2705 396 2788 exemplo
406 2706 522 2766 Davidis
535 2728 611 2782 usus,
623 2721 730 2768 strenue
740 2708 920 2790 persequitur,
974 2729 1034 2788 quae
1047 2708 1144 2768 harum
1159 2708 1338 2790 posteriorum
1353 2709 1440 2789 prima
1453 2723 1507 2778 est,
1522 2710 1561 2769 sic
1571 2712 1716 2772 enuntiat:

180 2812 206 2858 et
220 2798 328 2876 quidem
343 2798 408 2858 adeo
420 2803 573 2874 παθητικῶς
583 2814 613 2859 ut
623 2799 779 2861 auditorum
788 2801 922 2882 lacrymas
976 2802 1087 2860 Rursus
1108 2801 1156 2859 illi
1179 2801 1315 2882 infelices
1339 2801 1569 2885 mortaliumque
1590 2809 1719 2864 omnium

178 2881 345 2967 excusserit,
358 2906 439 2970 atque
454 2906 483 2951 ut
501 2891 593 2953 videre
614 2907 666 2969 est,
683 2894 863 2953 Antiochenos
886 2894 922 2954 ad
976 2895 1133 2950 miserrimi
1141 2893 1241 2951 Judoei
1247 2891 1412 2973 jejunaturi
1419 2888 1509 2951 sunt':
1521 2913 1622 2961 rursus
1635 2896 1721 2955 Cleri-

182 2997 347 3064 praeceptum
361 2984 441 3059 illud,
452 2985 576 3066 Diligite
588 2986 860 3061 inimicos'uestros,
871 2985 922 3044 im·
976 2988 1015 3044 sti
1023 3005 1139 3065 gregem
1158 2990 1326 3043 muniamus
1343 3004 1458 3043 necesse
1476 2998 1540 3055 est,·
1556 2985 1670 3066 ideoque
1693 3009 1722 3048 se
1789 3022 1792 3028 ,

181 3076 312 3158 plendum
331 3076 479 3138 adduxerit
487 3099 497 3155 3
522 3092 552 3138 ut
565 3077 593 3136 itt
615 3077 827 3157 Quadragesima
854 3100 923 3160 prae·
976 3076 1068 3137 decem
1091 3076 1190 3136 diebus
1211 3089 1355 3155 antequam
1376 3076 1464 3138 Judaei
1485 3078 1639 3158 jejunarent
1664 3080 1721 3141 haec

181 3170 261 3229 terito
283 3169 389 3229 eosdem
411 3191 426 3227 a
444 3169 622 3250 juramentis,
647 3170 747 3249 quibus
775 3170 923 3232 admodum
977 3171 1081 3230 monita
1092 3169 1198 3230 dedisse
1211 3170 1261 3248 ait,
1273 3170 1336 3249 quia
1351 3171 1431 3230 multi
1444 3192 1478 3230 ex
1490 3166 1571 3251 grege
1584 3171 1645 3248 suo,
1657 3197 1723 3255 qua-

181 3266 281 3322 assueti
294 3277 381 3334 erant,
395 3276 530 3324 avocaret.
977 3263 1043 3324 dam
1055 3264 1248 3345 superstitione
1269 3261 1347 3338 moti,
1363 3286 1423 3323 curn
1436 3267 1453 3325 J
1456 3258 1539 3325 udaieis
1553 3267 1723 3346 jejunabant.

224 3355 255 3414 ln
271 3369 386 3414 mentem
403 3354 471 3414 mihi
486 3354 575 3414 subito
595 3355 924 3421 venitrerisimilenullo
978 3357 1078 3434 Aitque
1106 3355 1195 3436 primo
1218 3355 1376 3417 iudaeorum
1398 3355 1467 3414 illud
1490 3356 1625 3436 jejunium
1648 3360 1722 3438 quod

184 3444 266 3506 modo
286 3467 342 3505 esse
369 3468 446 3528 posse
470 3447 695 3527 chrysostomum
718 3452 866 3512 Homiliam
890 3454 925 3514 de
979 3461 1071 3508 contra
1091 3439 1259 3507 uoluntatem
1274 3447 1324 3506 Dei
1337 3446 1425 3522 fieret,
1438 3447 1554 3528 impium
1566 3463 1593 3509 et
1608 3450 1722 3510 scelera·
1803 3452 1814 3475 ‘

170 3537 313 3598 -Debitore
325 3551 351 3598 et
369 3552 423 3598 tres
435 3552 574 3618 sequentes
593 3538 720 3601 habuisse
732 3558 792 3623 post
811 3545 925 3624 egritu-
979 3554 1038 3600 tum
1058 3560 1115 3598 esse
1129 3563 1136 3596 ι
1151 3537 1265 3617 ideoque
1279 3536 1342 3597 illos
1355 3539 1391 3597 ab
1406 3537 1457 3597 hoc
1469 3539 1584 3599 ludaico
1598 3557 1721 3624 suscepto

183 3632 275 3692 dinem
288 3633 363 3692 illam
377 3655 429 3713 qua
447 3647 508 3715 post
525 3633 628 3694 Pascha
646 3637 708 3696 anni
729 3639 788 3699 587
801 3640 925 3703 detentus
975 3632 1079 3713 jejunio
1098 3631 1253 3703 avertit,et
1270 3629 1297 3690 in
1312 3631 1447 3690 concionis
1461 3631 1515 3690 fiue
1528 3632 1595 3692 alios
1615 3635 1664 3712 qui
1686 3637 1722 3694 ab

182 3725 328 3799 mictum
347 3728 411 3787 leste
433 3741 585 3808 martyrum
599 3728 693 3789 multis
707 3731 803 3792 diebus
817 3754 865 3815 per
878 3757 924 3795 ur.
978 3723 1135 3806 hujusmodi
1155 3722 1269 3785 ludaico
1279 3721 1383 3803 jejunio
1397 3722 1560 3783 abstinerent
1579 3724 1720 3800 hortatum,

181 3821 244 3880 bern
259 3820 432 3901 Antiochiam
452 3819 669 3881 celebrarenturr
683 3824 791 3903 l⁰quia
811 3841 871 3906 post
891 3828 924 3887 il·
977 3834 1010 3879 ot
1032 3820 1127 3878 sffllroo
1150 3839 1213 3877 ⁸⁰⁰⁸
1236 3828 1349 3876 “⁰⁰0¹st
1367 3816 1402 3875 ob
1427 3817 1720 3901 hujusmodspjttobs,
1751 3875 1755 3882 .
1820 3822 1827 3833 ⁸
1856 3886 1864 3899 ‚

182 3912 238 3971 lam
251 3912 372 3972 Paschali
392 3926 512 3992 ternpore
526 3911 710 3973 infirmitatem
728 3916 816 3996 prima
830 3920 923 3980 concio
976 3935 1038 3993 quae
1060 3911 1237 3972 theatralibus
1256 3910 1337 3970 etiam
1354 3910 1513 3993 spectaculis
1535 3911 1614 3994 longe
1629 3912 1721 3995 pejora

180 4004 234 4063 suit
248 4005 304 4076 illa,
318 4025 402 4083 quam
417 4004 443 4063 iu
459 4004 602 4065 Dominica
616 4008 816 4087 ἐπισωζομίνης
831 4011 924 4073 videre
977 4020 1072 4094 §oont-
1329 4082 1332 4089 Ι

180 4109 237 4169 est,
248 4109 278 4154 ut
298 4095 400 4154 ibidem
417 4095 495 4154 initio
509 4095 628 4171 dicitur,
641 4111 668 4157 er
681 4101 774 4161 concio
789 4102 826 4181 rte
840 4105 922 4166 Debi·
1018 4098 1149 4172 Quintam
1168 4096 1315 4158 homiliam·
1329 4095 1437 4155 orditur
1448 4096 1483 4155 ab
1495 4095 1720 4161 auditorum‘sre·

181 4201 240 4247 tore
263 4188 351 4269 prima
373 4208 479 4266 quoque
504 4202 556 4259 est,
578 4189 634 4248 sed'
650 4204 711 4271 post
734 4194 921 4274 egritudinem
976 4191 1103 4272 quentia,
1123 4211 1205 4269 quam
1232 4189 1311 4275 solito
1336 4190 1465 4269 majorem
1483 4212 1539 4250 esse
1562 4192 1680 4272 gaudet,
1694 4211 1721 4256 et

181 4279 256 4340 haud
269 4281 351 4340 dubie
367 4280 458 4340 aliam.
471 4284 515 4342 2⁰.
530 4281 601 4353 Quia
616 4281 639 4341 si
652 4283 776 4346 Homiliae
791 4289 825 4346 de
839 4291 923 4350 Debi-
977 4284 1122 4365 pristinum
1135 4295 1327 4361 argumentum
1339 4281 1477 4341 ardentius
1489 4284 1612 4364 suscipit,
1624 4307 1656 4345 ac
1669 4290 1720 4349 Ju-

182 4389 240 4435 tore
261 4388 288 4434 et
307 4388 360 4433 tres
382 4387 522 4450 sequentes
541 4386 660 4455 tenpore
679 4378 804 4438 Paschali
823 4380 922 4443 habirae
976 4377 1054 4436 daica
1069 4376 1158 4436 omnia
1180 4395 1291 4456 prorsus
1313 4374 1439 4453 abrogata
1466 4395 1523 4434 esse
1550 4379 1717 4456 pronuntiat.

182 4468 293 4527 luissent
313 4479 376 4525 ante
393 4465 542 4524 Humiliam
563 4470 611 4539 τῆς
636 4472 832 4550 ἐπισωζομίνης
850 4479 924 4538 etde
978 4468 1125 4552 Templum
1138 4488 1201 4526 vero
1215 4464 1472 4544 ierosolymitanum
1493 4486 1642 4545 numquam
1662 4492 1720 4532 esse

183 4563 277 4635 Anna,
291 4560 319 4619 in
333 4558 376 4618 his
396 4558 470 4619 haud
484 4558 568 4618 dubie
581 4577 734 4622 memoratae
752 4564 880 4643 fuissent,
893 4586 923 4631 ιιι
977 4560 1182 4622 restaurandum
1201 4558 1309 4639 probat,
1328 4578 1381 4615 non
1400 4578 1436 4616 ex
1452 4556 1551 4617 Christi
1566 4560 1657 4634 modo,
1673 4565 1721 4624 sed

133 4652 272 4722 malias
290 4665 409 4733 tempore
423 4652 562 4712 Paschatis
580 4652 661 4713 dietae
675 4672 828 4718 memoratae
851 4677 923 4724 sunt.
958 4675 1012 4713 ox
1045 4653 1239 4734 prophetarum
1264 4649 1346 4709 etiam
1374 4648 1605 4731 praedictionibus.
1636 4655 1721 4738 Leges

187 4744 315 4820 Alioquin
332 4759 421 4804 autem
437 4746 586 4805 verisimile
603 4767 655 4806 non
671 4760 710 4806 est
724 4748 850 4812 homilias
864 4753 924 4815 illas
978 4747 1193 4806 Christianorum
1217 4741 1388 4802 solummodo
1417 4743 1445 4802 in
1475 4761 1636 4826 perpetuum
1662 4772 1721 4809 scr-

191 4850 308 4915 quatuor
320 4836 365 4894 vel
378 4837 543 4897 continenter
552 4853 614 4898 ante
631 4842 813 4917 Pentecosten,
826 4845 871 4904 rel
881 4846 924 4906 al·
978 4839 1082 4902 randas
1103 4859 1171 4912 esse,
1185 4850 1292 4896 caeteras
1306 4856 1399 4895 omnes
1419 4837 1591 4899 obsolevisse.
1606 4843 1649 4901 De
1670 4845 1721 4904 Ju-

185 4929 268 4991 ternis
280 4926 387 4987 vicibus
398 4950 460 4989 cum
473 4930 594 4991 homiliis
603 4931 638 4991 de
652 4934 728 4992 Anna
743 4933 849 4995 habitas
862 4939 926 4999 luis-
979 4931 1101 4994 deorum
1116 4944 1205 5012 postea
1223 4922 1341 5010 pernicie
1352 4928 1478 5010 pluribus
1491 4932 1562 5013 agit,
1577 4935 1720 4993 ultionem·

185 5045 222 5083 se.
233 5023 405 5101 Quapropter
419 5037 483 5100 puto
497 5024 728 5105 chrysostomum,
740 5028 788 5106 qui
801 5031 927 5110 frequen.
980 5046 1033 5106 que
1050 5024 1100 5083 Dei
1120 5023 1156 5083 de
1174 5021 1230 5082 illis
1250 5011 1367 5081 sumtam
1393 5023 1453 5081 su'se
1470 5025 1649 5102 persequitur.
1663 5029 1721 5085 Da-

186 5117 289 5177 tissime
303 5114 397 5174 morbo
411 5114 566 5189 laborabat,
581 5133 643 5198 post
657 5120 830 5183 Pentecosten
844 5124 926 5206 iguo·
980 5123 1059 5183 nielis
1079 5143 1144 5180 uero
1161 5119 1318 5201 prophetias
1331 5118 1485 5177 miuutatim
1502 5120 1629 5200 explicat,
1640 5143 1722 5203 pecu—

186 5223 213 5267 to
239 5207 317 5266 uobis
339 5226 429 5264 mense
455 5207 615 5284 {egritudine
643 5225 751 5290 captum
772 5211 871 5294 iuisie,
900 5234 926 5280 et
981 5216 1128 5291 liaremque
1146 5231 1295 5270 sermonem
1317 5210 1351 5268 de
1374 5209 1590 5287 hebdomadibus
1603 5215 1724 5274 Danielis

185 5300 233 5359 ubi
247 5298 402 5371 convaluit,
415 5297 531 5378 primaut
547 5297 688 5360 lrotuiliarn
704 5304 780 5364 illam
803 5308 927 5374 habuisse
984 5306 1110 5368 instituit.
1125 5304 1287 5366 ludaeorum
1299 5315 1329 5361 ut
1343 5297 1475 5383 templum
1493 5304 1663 5365 restituerent
1679 5328 1727 5367 co-

184 5392 219 5453 de
232 5391 355 5452 debitore
367 5389 462 5451 decem
475 5389 594 5467 millium
607 5391 780 5471 talentorum,
799 5401 847 5471 ubi
862 5425 928 5467 con.
985 5414 1065 5461 natus
1086 5408 1294 5474 commemorat,
1312 5393 1366 5454 sub
1387 5384 1525 5456 hadriano
1547 5399 1729 5537 mperatres,

289 5493 361 5530 rou.
375 5492 441 5531 rur.
