3714 5970
152 418 236 493 216·
768 443 926 493 srsorsrs
955 443 1088 508 runnu,

150 584 251 632 autern
276 571 377 642 Jecur,
395 579 424 627 et
445 569 550 627 uidens
565 587 614 628 eos
632 580 800 648 sequentes,
820 567 892 627 dicit
949 567 977 626 in
989 567 1116 631 Ecclesia
1132 579 1263 626 statutum
1280 567 1382 641 fuerat,
1399 584 1453 625 non
1471 577 1547 625 tanto
1561 563 1691 645 scrupulo

151 668 209 724 eis.-
225 663 304 742 Quid
316 659 444 742 queritis
452 665 466 718 ἓ
475 659 568 740 Pergit
580 658 626 719 ille
638 683 646 722 ε
656 659 747 718 «Hinc
763 659 893 719 docemur
948 680 1009 739 quse
1021 681 1078 720 sese
1090 659 1173 719 menti
1188 657 1351 732 offerebant,
1365 671 1457 718 orator
1470 672 1561 718 noster
1573 678 1605 716 ea
1617 656 1654 717 de
1663 677 1693 716 re

150 755 240 814 Deum
262 752 341 813 donis
357 771 410 810 non
430 751 580 832 praevenire
598 750 751 812 voluntates
769 765 889 826 nostras;
948 752 1118 822 enuntiabat,
1130 741 1177 830 qu'i
1194 750 1216 811 si
1227 773 1258 811 ea
1271 749 1306 810 ad
1319 748 1449 811 trutinam
1462 750 1638 821 excussisset,
1653 771 1694 809 sa·

149 844 198 905 sed
217 844 264 904 uhi
281 865 328 904 nos
341 843 505 923 incepimus,
519 865 582 903 cum
597 845 762 904 voluntatem
777 843 890 923 praemi-
947 845 1022 904 niora
1033 844 1107 903 baud
1118 844 1202 903 dubie
1212 843 1348 916 dedissem
1359 841 1468 902 sednon
1478 843 1579 902 licebat
1589 844 1691 903 oratori

150 937 246 1013 simus,
262 948 327 996 tunc
344 934 475 1017 plurimas
489 934 536 996 dat
549 935 596 996 ille
608 936 687 996 nobis
700 935 796 995 salutis
809 955 889 995 occa-
945 935 1067 1017 quotidie
1090 937 1174 996 ferme
1193 949 1220 995 et
1240 956 1275 995 ex
1294 948 1416 1016 tempore
1436 955 1515 1016 sape·
1525 933 1693 994 declamanti

150 1029 248 1090 tiones.
264 1052 279 1085 s
944 1028 1013 1088 serio
1026 1027 1118 1088 verbis
1128 1041 1155 1087 et
1168 1027 1248 1086 dictis
1259 1027 1384 1086 omnibus
1394 1025 1555 1107 advigilare,
1564 1027 1595 1086 in
1608 1026 1691 1087 rebus

22 1131 139 1200 .t.p.569.
189 1121 310 1183 Humilia
327 1133 416 1179 autem
431 1120 470 1180 59
486 1119 514 1178 in
530 1119 657 1181 Genesim
671 1119 779 1180 remita
799 1118 891 1199 expli·
944 1121 1143 1199 maximeque
1161 1116 1281 1179 nondum
1301 1117 1421 1199 publicis
1439 1116 1732 1196 Eaelaiaelegibus-t·

0 1198 54 1246 ‘¹’·
150 1226 203 1288 cat,
217 1225 248 1271 ut
260 1233 350 1272 seeum
364 1210 423 1290 ipse
435 1230 555 1291 pugnare
568 1209 701 1270 videatur.
715 1212 785 1271 Nam
798 1209 832 1270 de
844 1212 890 1271 la·
943 1225 1050 1271 assertae
1064 1214 1179 1271 fueram.
1200 1212 1335 1270 Caeterum
1351 1231 1432 1289 quam
1444 1231 1460 1270 a
1471 1209 1619 1290 Pelagiana
1634 1200 1723 1269 hae-¹·

150 1307 217 1368 cubo
234 1307 320 1365 lsaaci
335 1303 392 1363 filio
407 1303 521 1382 loquens
535 1302 592 1363 huc
607 1302 687 1362 habet
706 1325 714 1360 ε
730 1327 745 1358 a
759 1302 835 1361 Licet
845 1323 891 1361 su·
944 1303 995 1362 resi
1010 1325 1121 1363 aversus
1132 1316 1200 1363 esset
1213 1303 1271 1383 ipse
1283 1302 1440 1361 testificatur
1448 1301 1476 1360 in
1488 1301 1543 1360 fine
1556 1301 1692 1382 Epistola

148 1420 232 1481 perno
245 1395 372 1478 praesidio
384 1398 469 1455 fretus
482 1395 578 1467 fuerit,
592 1408 708 1454 attamen
721 1394 795 1475 quod
810 1417 891 1454 suurn
943 1408 1045 1474 quartae
1058 1394 1093 1454 ad
1107 1394 1309 1477 Olympiadem,
1325 1393 1374 1454 ubi
1386 1393 1455 1454 dicit
1468 1414 1477 1453 a
1495 1417 1511 1450 e
1520 1394 1562 1457 De
1578 1393 1692 1474 Pelagio

149 1502 207 1550 erat
220 1491 297 1570 prius
310 1487 446 1549 exhibuit.
461 1490 501 1548 lta
513 1507 576 1547 sane
587 1501 612 1546 et
623 1508 671 1547 nos
681 1487 891 1568 persuadeamus
944 1488 1076 1548 monacho
1097 1508 1194 1566 magno
1208 1487 1302 1547 dolore
1316 1487 1427 1546 affectus
1440 1506 1519 1544 sum:
1536 1487 1628 1566 cogita
1640 1487 1693 1566 igi·

149 1585 239 1662 nobis,
255 1584 320 1643 licet
330 1582 430 1645 millies
439 1581 581 1655 enitamur,
596 1581 665 1641 nihil
678 1596 766 1641 tamen
781 1603 891 1663 prorsus
947 1594 991 1639 tur
1000 1594 1068 1659 quot
1080 1581 1242 1660 quantisque
1254 1578 1359 1639 coronis
1371 1576 1449 1656 digni
1462 1577 1571 1656 sintqui
1584 1579 1691 1638 fortiter

149 1690 221 1736 recte
238 1695 319 1755 agere
327 1695 424 1756 posse,
443 1673 496 1733 nisi
514 1694 630 1754 superno
649 1673 753 1734 anxilio
773 1673 888 1755 adjutos.
945 1672 1041 1734 inacie
1059 1686 1201 1748 steterunt,
1218 1693 1282 1732 cum
1297 1672 1441 1750 virus,qui
1455 1670 1568 1730 intanta
1582 1671 1690 1752 pietatis

150 1767 228 1829 Sicut
240 1766 312 1828 enim
325 1766 377 1826 nisi
391 1766 440 1826 illo
452 1764 574 1826 subsidio
587 1766 727 1840 fruamur,
740 1767 810 1826 nihil
828 1787 891 1825 um·
944 1765 1134 1834 exercitatione
1151 1778 1179 1824 et
1197 1765 1336 1824 tolerantia
1356 1765 1501 1839 vixerunt,
1520 1762 1629 1845 subripi
1646 1764 1688 1826 vi·

150 1880 233 1938 quam
249 1878 392 1938 possumus
405 1871 474 1917 recte
487 1877 564 1936 agere
579 1878 587 1915 ε
605 1856 659 1931 ita,
681 1858 732 1918 nisi
749 1857 822 1937 quod
841 1878 892 1917 no·
943 1860 1067 1935 deamus,
1088 1857 1158 1918 chaos
1171 1862 1288 1939 φανῶσιν
1304 1855 1502 1938 brocuqdpeuct.
1515 1879 1538 1912 »ι

150 1965 238 2012 strum
256 1963 296 2010 est
309 1949 494 2020 attulerimus,
509 1969 562 2008 uon
583 1950 731 2031 poterimus
744 1971 891 2032 supernum
984 1952 1037 2011 llic
1050 1950 1085 2010 de
1095 1950 1205 2030 Pelagio
1216 1949 1391 2010 heresiarcha
1403 1949 1446 2028 agi
1462 1970 1526 2008 cum
1539 1946 1635 2008 multis
1646 1948 1687 2011 ri·

149 2040 285 2102 auxilium
298 2041 430 2105 obtinere.
451 2064 465 2096 a
480 2039 511 2102 Si
525 2061 641 2121 namque
654 2042 763 2102 initium
780 2055 806 2102 et
825 2043 891 2102 fun·
945 2043 983 2104 ris
994 2042 1081 2104 doctis
1091 2043 1228 2104 existimo.
1244 2040 1312 2102 Erat
1322 2042 1394 2102 enim
1407 2041 1454 2102 ille
1467 2041 1686 2118 monachus,er·

149 2133 275 2194 damenta
290 2131 356 2192 fidei
368 2132 426 2191 sine
439 2131 490 2192 Dei
505 2131 611 2198 auxilio¹
623 2155 720 2214 ponere
733 2155 887 2215 possumus,
943 2156 1068 2217 roresque
1079 2157 1142 2197 snos
1155 2155 1282 2216 spargere
1294 2134 1374 2215 erepit
1379 2178 1389 2210 ,
1403 2133 1512 2214 quando
1528 2133 1687 2215 Chrysosto·

149 2240 182 2288 ut
194 2227 241 2288 ille
258 2247 343 2307 supra
357 2226 440 2303 dixit,
455 2225 590 2306 quomodo
608 2249 703 2289 rerum
722 2250 779 2289 esse
791 2229 889 2311 poterit
944 2250 1006 2289 mus
1013 2229 1091 2289 exsul
1102 2242 1252 2288 exuemutn
1264 2227 1327 2288 vitae
1335 2225 1502 2287 curriculum
1513 2227 1613 2305 agebat
1620 2246 1686 2286 anno

148 2320 220 2381 illud
229 2319 305 2400 quod
314 2319 359 2380 hic
368 2319 476 2400 adjicit,
488 2341 536 2380 nos
546 2340 641 2400 nempe
651 2322 728 2381 nifu'l
738 2342 889 2403 umquam,
944 2321 1051 2382 circiter
1069 2322 1140 2382 dO'f.
1160 2321 1229 2393 Quae
1242 2320 1334 2381 omnia
1348 2318 1384 2378 ad
1401 2318 1686 2399 Pelagiumhaerescos

149 2413 223 2474 οὐδὲν
233 2411 368 2486 οὐδέποτε,
379 2425 449 2472 recte
458 2430 538 2491 agere
550 2413 830 2495 posse,inisisuperno
843 2434 890 2473 au·
944 2428 1081 2475 auctorem
1102 2427 1220 2496 spectare
1235 2412 1380 2486 ridentur,
1401 2426 1481 2491 atque
1498 2412 1537 2472 ita
1556 2432 1622 2487 cum
1641 2411 1687 2471 illo

150 2504 221 2566 xilio
230 2502 365 2583 adjutos?
944 2520 1106 2584 «insonant,
1125 2520 1156 2568 ut
1173 2527 1227 2568 non
1243 2505 1314 2568 alius
1327 2504 1453 2586 Pelagius
1465 2503 1633 2585 quarendus
1643 2503 1688 2566 ri·

190 2595 264 2670 Quia
276 2592 393 2656 euimde
404 2592 490 2675 gratia
497 2606 524 2653 et
532 2593 619 2656 libem
626 2595 740 2658 arbitrio
753 2598 891 2661 nihildum
943 2598 1048 2660 deatur.

157 2812 1669 2852 m

807 3008 982 3070 oraretur
1003 3012 1039 3071 rr.
1087 3082 1094 3093 ,

360 3200 407 3259 De
421 3198 579 3279 dt'scr'plr'na
595 3219 656 3256 oeec
670 3197 875 3274 Chrysostomi
882 3242 891 3270 ‚
904 3197 998 3278 deque
1011 3200 1115 3258 ritihus
1128 3182 1223 3259 curiis
1237 3212 1300 3259 tum
1312 3197 1510 3260 Antiochent's

582 3316 645 3363 turn
659 3303 994 3383 constantinopolitanis
1006 3329 1017 3365 .-
1030 3306 1106 3363 etde
1119 3307 1266 3387 Biturgia.

195 3511 273 3573 Circa
290 3511 394 3572 cultum
410 3509 573 3571 venerabilis
588 3509 675 3570 crucis
692 3509 821 3584 Domini,
836 3530 898 3569 san·
948 3511 1048 3584 vibus,
1071 3512 1100 3571 in
1115 3511 1229 3590 insulis,
1248 3513 1276 3573 in
1297 3514 1389 3588 lectis,
1410 3514 1438 3574 in
1456 3513 1644 3591 vestimentis,
1659 3512 1686 3573 in

155 3616 257 3670 starum
269 3604 447 3683 reliquiarum
458 3617 485 3662 ct
497 3603 658 3682 imaginum,
670 3602 803 3681 etiamque
817 3601 897 3661 inter·
948 3604 1039 3677 arinis,
1051 3604 1079 3664 in
1094 3605 1230 3680 thalamis,
1240 3607 1268 3665 in
1279 3606 1422 3680 conviviis,
1434 3606 1461 3665 in
1473 3607 1547 3666 vasis
1560 3606 1690 3687 argenteis

154 3697 300 3757 cessionem
315 3711 341 3756 et
355 3695 550 3754 invocationem
560 3708 726 3771 sanctorum,
740 3694 785 3752 illa
798 3693 897 3773 passim
949 3697 1092 3771 stanteis,
1109 3699 1137 3757 in
1152 3699 1318 3778 margaritis,
1332 3699 1358 3759 in
1372 3699 1506 3778 parietum
1517 3700 1646 3780 picturis,
1659 3699 1685 3758 in

154 3788 256 3869 profert
274 3787 493 3869 chrysostomus,
514 3805 575 3862 quas
591 3783 755 3843 hodiernum
772 3783 897 3844 Ecclesiae
949 3788 1107 3868 corporibus
1125 3790 1268 3850 brutorum
1282 3791 1352 3850 male
1365 3791 1480 3867 allectis,
1493 3792 1523 3850 in
1535 3790 1689 3872 corporibus

155 3900 258 3939 mors·
273 3898 384 3958 prorsus
397 3875 563 3956 exprimant.
579 3874 722 3955 singulare
735 3895 846 3956 prorsus
860 3887 899 3934 est
948 3878 1231 3954 ademere-obsessis,
1250 3883 1387 3953 inbellis,
1404 3884 1432 3943 in
1447 3904 1526 3964 pace,
1539 3884 1569 3942 in
1581 3882 1688 3958 diebus,

1 4001 145 4062 q„‚„‚5„„
156 3970 196 4043 id,
222 3970 295 4050 quod
316 3967 350 4028 de
368 3970 401 4030 S.
419 3967 507 4026 crucis
525 3967 600 4026 cultu
618 3967 686 4027 dicit
706 3967 753 4028 ille
768 3990 775 4024 :
793 3966 898 4029 eNihil
949 3970 978 4030 in
989 3972 1130 4048 noctibus,
1138 3973 1165 4033 in
1174 3975 1278 4035 choreis
1288 3973 1507 4056 tripudiantium,
1517 3974 1547 4035 in
1560 3974 1688 4036 sodalitiis

1 4083 56 4114 οι-
62 4065 144 4128 152¹·
156 4061 362 4144 imperatoriam
378 4079 504 4120 coronam
519 4059 558 4119 sic
571 4074 686 4119 exornat
702 4074 732 4119 ut
744 4062 824 4137 crux,
837 4060 899 4121 uni·
949 4084 1005 4122 sese
1015 4067 1210 4126 macerantium.
1223 4092 1230 4126 :
1243 4066 1311 4127 adeo
1325 4067 1447 4127 certatim
1460 4064 1567 4127 donum
1579 4067 1631 4127 huc
1643 4067 1688 4126 mi·

3 4145 27 4178 ⁹·
156 4174 238 4216 verso
244 4153 347 4214 mundo
356 4153 516 4234 pmtiosicr·;
527 4165 553 4211 et
562 4152 620 4232 ejus
631 4151 729 4232 figura,
740 4174 821 4231 quam
832 4153 898 4213 olim
949 4156 1044 4231 rabile,
1058 4149 1168 4236 ejusque
1179 4158 1344 4218 ineffabilem
1354 4159 1469 4238 gratiam
1481 4180 1576 4219 ornnes
1586 4157 1689 4239 perqui-

156 4268 248 4309 omnes
262 4244 498 4314 exhorrescebant,
511 4244 549 4302 ita
562 4241 685 4304 certatim
695 4245 850 4321 exquiritur
863 4244 898 4304 ab
949 4250 1188 4329 runt......Ubique
1204 4253 1249 4311 illa
1265 4252 1369 4332 fulget,
1387 4252 1414 4311 in
1431 4251 1584 4333 parietibus
1595 4251 1689 4312 domo-

156 4342 293 4417 emnihus,
303 4353 333 4399 ut
348 4338 449 4417 ubique
461 4337 624 4419 reperiatur,
637 4337 710 4419 apud
722 4337 858 4419 principes
872 4353 898 4398 et
949 4343 1066 4417 rum,in
1078 4344 1166 4419 tectis,
1186 4345 1316 4422 inlibris,
1333 4345 1362 4404 in
1377 4344 1502 4418 urbibus,
1523 4344 1552 4403 in
1570 4345 1649 4420 vicis,
1663 4345 1688 4405 ix

156 4435 290 4504 subditos,
307 4430 380 4513 apud
397 4433 522 4492 mulieres
538 4443 564 4491 et
579 4432 670 4505 viros,
683 4431 758 4512 apud
778 4432 897 4512 virgines
948 4434 1068 4507 incultis,
1080 4436 1108 4495 in
1121 4437 1201 4497 cultis
1214 4439 1372 4498 locis........
1387 4436 1461 4496 lllud
1474 4458 1540 4498 vero
1558 4438 1648 4519 ipsum
1657 4437 1688 4498 li·

144 4540 182 4586 .et
202 4540 310 4606 nuptas,
333 4523 406 4605 apud
429 4544 521 4583 servos
544 4536 570 4582 et
592 4523 720 4583 liberos:
741 4545 803 4583 narn
827 4522 896 4583 illud
948 4545 1041 4605 gnunn
1053 4527 1080 4587 in
1090 4548 1258 4607 quosacrum
1269 4549 1483 4610 corpuspassurn
1492 4541 1518 4587 et
1530 4529 1687 4590 crucifixum

156 4638 248 4679 omnes
259 4618 366 4696 signum
379 4617 530 4693 frequenter
545 4613 706 4696 imprimunt
720 4615 747 4675 in
762 4618 900 4676 membro·
948 4631 1001 4689 est,
1019 4639 1067 4678 cur
1081 4621 1206 4679 certatim
1218 4643 1310 4681 omncs
1324 4621 1447 4682 adeunt?
1466 4643 1517 4682 cur
1530 4622 1686 4702 particulam

156 4732 219 4773 rum
236 4708 339 4768 meliori
361 4720 451 4785 parte,
468 4721 494 4765 et
515 4707 541 4764 in
558 4706 645 4767 fronte
662 4730 709 4767 ceu
728 4709 755 4766 in
773 4709 896 4768 columna
948 4712 1006 4792 ejus
1018 4713 1096 4771 multi
1106 4728 1240 4773 sumentes
1250 4737 1316 4774 auro
1329 4715 1477 4790 inclusam,
1490 4728 1550 4774 tum
1564 4716 1619 4776 riri
1632 4729 1685 4775 turn

155 4805 301 4884 figuratum
324 4797 444 4879 quotidie
467 4798 668 4862 circumferunt.
694 4801 751 4860 Hoc
775 4802 802 4861 in
822 4824 896 4861 sacra
947 4805 1178 4865 mulieresacollo
1194 4808 1360 4888 suspendunt
1374 4808 1412 4868 ad
1427 4822 1565 4884 ornatum,
1575 4810 1624 4869 etsi
1643 4808 1685 4867 da·

156 4920 263 4975 mensa,
286 4895 338 4954 hoc
361 4893 387 4951 in
409 4891 575 4951 sacerdotum
595 4893 823 4972 ordinationibus,
845 4898 896 4956 lroc
948 4898 1091 4957 mnaticnis
1101 4899 1255 4980 symbolum
1267 4901 1319 4959 hcc
1329 4900 1434 4980 lignum
1447 4900 1595 4960 fuitflmo
1605 4903 1732 4982 Imm-lt<

156 5011 265 5050 rursum
289 5008 351 5047 cum
377 5005 488 5063 corpore
511 4983 611 5042 Christi
635 5000 662 5044 et
686 4989 799 5067 mystica
822 5011 896 5050 coena
946 5006 1046 5051 ratores
1059 4991 1145 5073 posito
1159 4991 1310 5051 diademate
1322 5014 1428 5053 crucem
1439 4993 1656 5074 suscipiebant.»
1689 4971 1707 5016 ⁴·

155 5083 280 5160 refulget·
311 5079 370 5137 Hoc
402 5077 502 5154 ubique
528 5075 693 5136 celebratum
723 5079 813 5140 videre
835 5096 893 5160 cst,
985 5085 1049 5143 Hanc
1060 5085 1157 5166 sapius
1167 5084 1234 5143 dicit
1246 5086 1273 5145 in
1283 5085 1452 5145 orationibus
1463 5101 1556 5145 contra
1567 5086 1732 5156 ,luderentu-

155 5171 455 5247 indomihus,inf0rc,
470 5172 496 5227 in
512 5168 635 5248 desertis,
652 5170 799 5243 inviis,in
815 5196 893 5234 mon·
944 5176 1074 5256 additque
1101 5181 1178 5258 signo
1209 5179 1297 5238 crucis
1323 5177 1505 5240 adversariam
1531 5173 1704 5261 potestatent''

152 5267 241 5344 tibus,
260 5265 288 5325 in
303 5263 432 5341 saltibus,
452 5262 481 5322 in
495 5261 628 5344 collibus,
644 5264 672 5324 in
687 5264 776 5342 mari,
793 5267 820 5326 in
837 5288 888 5328 na·
944 5280 1050 5330 omnem
1067 5271 1164 5351 fugari.
1185 5270 1328 5352 singulare
1346 5284 1436 5331 autern
1454 5271 1568 5332 omuino
1584 5267 1679 5348 estid,
