3714 5970
149 489 219 550 aab
760 492 921 545 suuoests
946 493 1076 557 nonum,

146 625 290 688 mutabilia
298 626 373 708 apud
387 625 448 686 illos
461 624 585 688 videntes
597 623 759 706 opinionum
772 610 892 682 divortia
947 640 1091 701 germanus
1104 638 1211 698 qnoque
1223 617 1371 700 Scriptura
1383 634 1479 676 senstrs
1489 625 1587 675 vestrae
1596 615 1689 674 carita-

145 717 198 777 boc
208 715 284 777 dieto
293 730 441 793 uterentur,
451 715 596 790 ἀνατολικὴ
606 715 746 797 κουφότης,
757 715 892 774 Oriente·
946 712 969 772 ti
981 711 1144 793 aperiendus
1155 724 1206 787 est,
1218 724 1250 771 ut
1262 732 1297 770 ne
1306 709 1468 791 simpliciter
1483 721 1511 768 et
1523 709 1602 770 facile
1614 731 1690 769 aures

147 811 185 872 tu
209 811 325 870 leuitas.
349 809 395 868 llli
420 829 484 869 vero
504 821 597 869 contra
617 806 781 889 reponebant
800 803 892 876 δυτικὴ
947 804 1156 868 accommodetis
1175 819 1231 864 tam
1246 805 1404 887 blasphema
1427 801 1593 874 dicentibus,
1605 815 1631 860 ot
1642 801 1691 861 ad·

147 902 238 984 ὀφρύς,
255 902 445 962 Occidentale
460 902 659 983 supercilium,
668 897 801 980 superbiae
813 897 892 958 ineu·
946 921 1056 960 versum
1070 900 1157 981 capita
1167 920 1217 960 sna
1229 899 1362 960 blaterare
1373 894 1551 958 audentibus.
1565 898 1690 954 hsserum

147 1010 235 1057 santes
249 1017 295 1056 eos
307 996 354 1075 qui
363 995 416 1056 sibi
428 994 564 1055 levitatem
577 992 734 1074 objicerent.
747 992 816 1066 Quae
830 1010 894 1050 sane
946 993 1019 1054 enim
1031 993 1085 1054 hoe
1100 1012 1154 1053 non
1168 991 1203 1054 de
1216 991 1374 1053 bominibus
1392 989 1499 1050 dietum
1509 1010 1582 1064 esse,
1594 988 1641 1049 sed
1659 988 1692 1047 de

145 1088 243 1151 levitas
252 1102 327 1148 tanta
339 1100 407 1162 erat,
420 1086 581 1166 utquotidie
593 1087 622 1146 in
635 1085 765 1166 religione
773 1097 894 1144 monstra
945 1085 1063 1166 augelis:
1073 1085 1123 1145 bos
1134 1085 1311 1160 euim,aiunt,
1323 1083 1395 1143 filios
1404 1082 1456 1142 Dei
1467 1080 1624 1163 appellavit
1633 1081 1693 1140 Pri-

7 1192 38 1300 ’ἐξ
54 1206 62 1239 ι
60 1206 90 1301 s
109 1206 133 1252 p.
146 1195 260 1264 pareret.
270 1172 356 1332 lipant
362 1192 458 1331 appcnq
463 1177 612 1332 apuqeglqs
620 1177 668 1258 qui
676 1176 795 1330 dicerelpt
802 1175 892 1236 omnia
944 1199 1022 1331 ἔξω
1035 1178 1238 1331 osteqdanttuhi
1248 1177 1338 1258 angeli
1352 1176 1691 1330 filisiulleriealppellqtpssint:

41 1287 48 1301 ·
79 1286 85 1301 '
146 1294 209 1334 casu
224 1294 296 1334 exsrs
308 1293 362 1334 ere.
414 1293 440 1331 m
461 1293 514 1344 em,
601 1291 758 1332 rversrsuer
778 1291 801 1329 rs
844 1291 893 1329 ro-
999 1292 1050 1330 non
1107 1292 1214 1332 erunu
1250 1291 1313 1330 uam
1323 1291 1386 1330 mou
1427 1291 1443 1328 a
1476 1316 1484 1330 .
1519 1291 1576 1330 omr
1654 1291 1692 1328 ur·

145 1365 265 1426 ferebant
278 1363 438 1424 sententiam
450 1385 513 1424 cum
526 1361 647 1424 dicerent
666 1383 709 1423 res
729 1292 893 1423 creatbspau-
943 1363 1007 1424 dem
1024 1293 1095 1424 lilii0
1090 1365 1142 1425 Dei
1156 1292 1310 1439 dirigunt,
1318 1361 1408 1442 angeli
1424 1376 1516 1423 antem
1535 1291 1693 1442 uumqnbm.

17 1473 46 1519 τ.
62 1489 98 1521 ιι,
109 1492 133 1534 p.
145 1470 246 1517 tornata
259 1477 326 1520 esse.
341 1481 356 1512 ιι
370 1455 437 1528 Alii,
447 1479 462 1511 ι
473 1456 561 1539 pergit
574 1457 796 1537 Chrysostomus,
812 1453 893 1515 udae·
945 1456 1029 1535 Atqui
1047 1457 1082 1516 de
1100 1456 1206 1538 angelis
1217 1456 1295 1531 dicit,
1311 1458 1369 1535 Qui
1384 1458 1465 1536 fucit
1481 1456 1606 1536 angelos
1626 1449 1739 1515 suusPu

6 1539 46 1586 ⁵⁵·
62 1550 271 1610 dromonibus
291 1548 444 1608 attribuunt
459 1547 555 1607 mundi
577 1547 740 1608 creationem
758 1559 785 1607 et
797 1547 892 1628 provi·
937 1553 1085 1629 spiritus,
1103 1563 1132 1609 et
1153 1553 1303 1610 ministros
1327 1569 1396 1610 suos
1408 1547 1573 1630 flammam
1595 1550 1672 1629 iguis
1683 1536 1722 1613 2⁴·

144 1641 284 1715 dentiam,
298 1640 372 1721 quod
386 1641 585 1723 peceatumrix
604 1642 712 1702 ueniam
725 1640 890 1701 admittat.»
944 1639 979 1700 de
1003 1640 1160 1702 hominihus
1182 1655 1289 1718 autem,
1308 1643 1372 1723 Ego
1393 1643 1469 1714 dixi,
1486 1641 1540 1700 Dii
1561 1647 1655 1701 estis:
1669 1647 1739 1701 etl’u

185 1734 403 1796 Necromantiam
422 1734 504 1793 etiam
524 1733 572 1793 illa
592 1746 748 1816 tempestate
761 1731 893 1812 quosdam
944 1733 1053 1809 iterum,
1064 1735 1160 1795 Filios
1169 1739 1258 1816 genui
1267 1747 1295 1794 et
1308 1735 1457 1794 exaltavi.-
1468 1746 1496 1792 et
1507 1731 1693 1807 iterum,Pri·
1702 1733 1739 1779 ¹⁸¹

4 1795 132 1918 ,φής’
144 1829 296 1890 exercuisse
320 1828 456 1908 dicit,qui
479 1827 675 1889 absurdissima
697 1828 784 1888 multa
803 1842 893 1888 tenta-
945 1830 1107 1908 mogeru'tus
1122 1827 1210 1908 filius
1230 1847 1310 1886 meus
1334 1825 1441 1887 lucei.
1460 1824 1583 1904 Angelus
1603 1819 1739 1928 ιιιιιιιιξῖξ]Ι

144 1920 266 1999 hant;ad
279 1921 338 1982 haec
349 1921 498 2003 pulverum
510 1935 538 1982 et
551 1921 669 1982 cinerem
681 1918 851 1993 adhibentes,
864 1933 894 1980 ut
924 1943 929 1951 ·
945 1939 1079 1998 nusquam
1094 1934 1205 1980 uocatus
1217 1933 1257 1980 est
1270 1919 1354 1991 filins,
1361 1940 1447 1997 neque
1460 1917 1538 1978 filius
1551 1917 1614 1979 Dei.
1628 1920 1693 1980 Pro-

80 2086 86 2093 ·
144 2015 248 2078 scilieet
257 2035 353 2076 arcana
362 2028 389 2074 et
398 2014 491 2074 lutura
504 2013 556 2074 hac
567 2027 625 2074 arte
638 2012 802 2074 divinarent.
945 2012 1015 2073 fecto
1034 2013 1122 2091 angeli
1139 2011 1251 2091 quidem
1266 2026 1361 2085 erant;
1375 2010 1424 2072 sed
1438 2011 1504 2091 quia
1516 2008 1555 2070 ad
1570 2010 1694 2090 iniquum

186 2108 261 2167 Alios
276 2120 468 2167 commemorat
487 2106 698 2190 Chrysostomus
710 2106 758 2186 qui
775 2105 893 2166 dicerent
946 2104 999 2165 hoc
1022 2127 1092 2188 opus
1114 2105 1331 2184 descenderunt,
1343 2103 1476 2186 dignitate
1503 2125 1556 2166 sua
1581 2104 1694 2167 excide·

146 2200 281 2262 mundum
293 2221 351 2260 esse
363 2197 461 2273 deum;
476 2199 524 2259 sed
538 2199 584 2260 hic
597 2213 663 2277 puto
685 2200 730 2278 agi
748 2198 782 2258 de
797 2197 894 2280 priscis
947 2213 1022 2274 runt,
1036 2224 1051 2255 ι
1062 2215 1114 2261 etc.

146 2293 202 2354 illis
216 2290 387 2374 philosophis
397 2304 455 2350 tum
470 2289 576 2352 Graecis
584 2304 644 2350 tum
655 2289 767 2366 Latinis,
777 2310 894 2369 quorum
988 2293 1039 2353 llic
1053 2294 1214 2375 aspereagit
1224 2293 1435 2375 Chrysostomus
1448 2292 1477 2352 in
1490 2292 1601 2373 eosqui
1616 2293 1696 2376 snpra

147 2406 201 2446 uon
217 2383 298 2467 pauci
317 2383 448 2465 putabant
465 2381 600 2443 mundum
618 2404 675 2443 esse
690 2382 784 2444 deum.
801 2382 895 2463 Pergit
947 2401 1122 2447 memoratum
1136 2387 1229 2450 locum
1249 2385 1285 2446 de
1299 2385 1402 2466 angelis
1427 2385 1606 2463 intellexere,
1620 2400 1697 2468 atque

148 2491 238 2538 autem
253 2474 356 2536 ibidem
372 2474 402 2535 S.
417 2472 532 2535 doctor:
549 2498 564 2530 ιι
583 2475 638 2535 Alii
660 2474 698 2534 ita
717 2474 814 2534 muudi
828 2474 895 2557 pul·
948 2477 1021 2559 ipsos
1034 2479 1258 2542 filioshominnm
1269 2480 1297 2539 in
1308 2478 1697 2561 uxoresaoocpisse,eorpore·

148 2566 332 2629 chritudinem
354 2565 532 2646 ignorarunt,
553 2579 585 2626 ut
615 2566 666 2626 Dei
693 2565 827 2626 creatione
851 2565 896 2626 in·
949 2591 1002 2649 que
1011 2571 1138 2651 preditos
1148 2572 1209 2642 illos
1220 2572 1330 2652 angelos
1338 2573 1431 2632 luisse.
1439 2573 1476 2630 lt
1486 2572 1642 2633 multorum
1654 2592 1697 2633 re·

147 2660 262 2741 dignum
272 2657 411 2735 haberent,
424 2658 623 2742 aoperuieiosae
643 2659 756 2720 cuidam
776 2658 895 2720 materiae
949 2664 1385 2747 terumhaecopinioluit,nempe
1394 2664 1698 2747 uorpomusipsosbrir·

148 2774 275 2834 magnam
302 2753 361 2834 ejus
386 2765 490 2832 partem
511 2752 686 2832 assignarent.
703 2778 717 2809 ι
735 2751 811 2813 Hanc
831 2772 896 2812 uero
950 2778 987 2834 se,
1000 2770 1027 2818 et
1037 2779 1100 2817 cum
1114 2757 1223 2818 filiabus
1233 2756 1376 2818 hominum
1387 2778 1443 2816 rom
1454 2756 1586 2818 habuisse
1601 2781 1609 2816 ι
1622 2757 1696 2818 illus-

148 2845 302 2929 opiniouem
325 2844 449 2907 tenebant
468 2845 631 2907 Valentinus
650 2859 677 2906 ct
694 2845 743 2906 alii
760 2845 897 2923 haeretici,
949 2850 1120 2930 queangelos
1130 2848 1243 2929 quidam
1254 2850 1563 2932 vocarunthpqqdpusr,
1577 2851 1693 2933 uigiles.

149 2954 181 3001 ut
191 2938 314 3002 vidimus
328 2959 420 3020 supra.
950 2942 1084 3024 Josephus
1099 2943 1188 3021 Autiq.
1197 2944 1216 3002 l.
1227 2964 1283 3018 r,c.
1293 2944 1324 3003 k:
1335 2943 1428 3005 πολλοὶ
1442 2942 1553 3023 ἄγγελοι
1562 2945 1637 3006 oret
1652 2930 1733 3026 qe*

188 3035 294 3097 Malam
304 3034 430 3096 haeresim
442 3048 522 3095 vocat
534 3056 594 3096 eam
607 3055 660 3114 qua
669 3034 726 3094 sola
737 3056 806 3114 aqua
816 3034 896 3095 adhi-
950 3036 1019 3106 νιιιξὶ
1031 3036 1323 3117 συμμιγέντες,ΜιιΙιι”
1334 3035 1434 3116 augeli
1447 3036 1506 3095 Dei
1516 3056 1587 3098 cum
1601 3037 1697 3097 mulie·

0 3103 139 3218 :ru-⁷⁸4·
150 3128 267 3190 bebatur
279 3125 316 3186 ad
326 3126 487 3208 mysterium
499 3127 600 3203 calicis,
616 3148 699 3208 quam
709 3126 832 3188 haeresim
843 3129 898 3189 Ta·
951 3132 1033 3189 ribus
1043 3133 1139 3190 mixti.
1151 3129 1274 3211 ldipsum
1288 3129 1342 3189 lere
1350 3127 1485 3199 lustinus,
1493 3128 1695 3210 Athenagoras,

152 3221 226 3284 tiano
236 3234 262 3280 et
275 3218 423 3281 Encratitis
433 3219 566 3281 adscribit
575 3218 759 3303 Epiphanius,
771 3236 802 3283 ut
816 3242 899 3303 supra
952 3221 1076 3281 Clemens
1089 3219 1303 3295 Alexandrinus,
1318 3220 1510 3300 Theognostus
1529 3220 1607 3301 apud
1626 3222 1695 3282 Pbo-

154 3315 286 3379 ridimus.
559 3344 563 3361 ι
952 3313 1022 3372 ιίιιιιι
1036 3326 1062 3372 et
1075 3311 1131 3373 alii.
1149 3312 1240 3385 Quam
1254 3334 1311 3372 rem
1324 3325 1503 3393 persequutus
1515 3326 1557 3374 est
1568 3313 1693 3395 Josephus

195 3407 274 3476 Circa
287 3406 397 3486 angelos
406 3419 496 3466 autem
506 3404 630 3486 quaedam
641 3404 719 3482 dicit,
734 3426 794 3485 quae
808 3404 853 3465 hic
861 3426 902 3467 re·
954 3404 1075 3484 Scaliger
1090 3404 1202 3465 innotis
1221 3404 1258 3464 ad
1280 3403 1392 3465 Eusebii
1406 3402 1579 3482 Chronioon,
1597 3418 1625 3466 et
1641 3416 1692 3487 post

1 3485 263 3563 T·l·t·¹⁹⁵·tereada
281 3512 429 3582 putamus,
445 3495 645 3559 Commentario
667 3498 697 3558 in
720 3498 850 3561 Genesim
873 3498 902 3558 in
955 3518 1018 3558 eum
1039 3497 1087 3556 alii
1115 3496 1268 3573 innumeri,
1288 3517 1356 3576 quos
1378 3496 1493 3577 longum
1513 3511 1584 3558 esset
1606 3516 1689 3558 mean·

19 3588 25 3600 ’
155 3595 229 3654 barne
240 3593 331 3653 locum
346 3615 353 3650 ι
369 3594 408 3652 Ut
418 3593 557 3675 viderunt
563 3593 629 3674 filii
642 3592 701 3652 Dei
706 3592 795 3674 filias
807 3593 903 3651 homi·
955 3610 1021 3651 sere.

2 3680 60 3722 ⁶⁶¹¹·
72 3671 97 3719 ⁶·
120 3679 147 3714 ²⁸
157 3708 229 3747 rcum
239 3686 319 3765 quod
324 3685 457 3765 pulchrae
466 3697 573 3758 essent,
588 3697 751 3745 senuerunt
763 3687 820 3744 sibi
831 3705 904 3745 uxo·
997 3684 1115 3743 Aitvero
1126 3683 1335 3766 chrysostomus
1347 3705 1355 3740 a
1369 3682 1535 3743 Ostendant
1543 3685 1594 3743 uhi
1601 3680 1685 3762 angeli

157 3799 203 3838 res
214 3799 250 3837 ex
261 3779 395 3835 omnihus
409 3796 485 3856 quas
496 3778 659 3855 elegerant.
669 3800 684 3833 ιι
693 3775 850 3857 singulaque
861 3777 904 3838 in·
948 3779 1014 3860 filii
1039 3779 1100 3838 Dei
1121 3775 1263 3857 appellati
1285 3783 1369 3837 sint?
1382 3776 1524 3855 Nusquam
1544 3789 1615 3836 oute
1625 3771 1680 3856 apud

157 3869 227 3950 quit,
247 3866 399 3927 «dictiones
411 3867 553 3947 diligenter
568 3867 777 3947 consideremus,
790 3890 824 3929 ne
837 3870 904 3948 quid
957 3869 1037 3932 LXX
1047 3873 1216 3952 Interpretes,
1232 3890 1300 3948 quos
1321 3868 1392 3929 solos
1416 3868 1524 3949 legebat
1542 3869 1679 3951 Chrysoro-

158 3961 186 4021 in
209 3958 295 4020 fundo
316 3959 401 4018 latens
428 3981 477 4020 nos
495 3973 644 4041 praetereat.
665 3964 762 4043 Operae
786 3963 904 4043 pretium
956 3967 1139 4027 mus.Verum
1153 3963 1181 4023 in
1193 3961 1411 4023 Hebraicotextu
1426 3961 1491 4022 libri
1498 3961 1553 4024 Job
1564 3958 1675 4037 etat

157 4050 395 4112 enimfueritbene
409 4053 523 4116 scrutari
535 4052 901 4129 hunclocum,utsuhverta
958 4056 1048 4137 angeli
1071 4055 1124 4116 filii
1151 4055 1203 4117 Dei
1226 4068 1373 4130 uocantur,
1389 4041 1569 4117 n‘nhuutn
1587 4074 1595 4113 ι
1614 4047 1673 4112 eiu

157 4166 219 4206 mus
230 4138 340 4205 tabulas
351 4144 441 4227 omnia
462 4145 657 4208 inconsiderate
672 4146 852 4226 loquentium.
866 4147 903 4209 Et
956 4149 1076 4236 Vulgata
1089 4170 1198 4229 quoqne
1207 4150 1269 4230 filii
1282 4149 1353 4210 Dei.
1362 4147 1552 4232 Nihilominus
1559 4147 1603 4209 bie
1613 4141 1673 4226 pult

158 4238 278 4320 primum
288 4238 423 4300 efferenda
437 4261 468 4300 ea
481 4261 541 4319 qua
550 4240 640 4301 dicere
653 4239 771 4316 audent,
782 4255 809 4301 et
827 4263 903 4303 mon·
956 4243 1076 4305 confutat
1090 4243 1301 4324 Chrysostomus
1319 4263 1364 4305 eos
1376 4242 1424 4324 qui
1438 4240 1568 4322 dicerent,
1580 4231 1670 4302 botoel·

158 4343 241 4392 strata
255 4352 359 4406 eorum,
372 4354 431 4414 qua
444 4332 480 4393 ab
493 4332 548 4395 illis
568 4333 708 4414 dicuntur,
723 4334 901 4415 absurditate,
919 4338 921 4347 ¹
955 4336 1006 4397 lios
1022 4336 1071 4398 Dei
1085 4335 1167 4397 luisse
1181 4336 1299 4418 angelos.

17 2182 46 2228 Τ.
60 2192 97 2226 to.
109 2193 132 2235 p.

0 2269 1 2283 ι
13 2251 47 2305 7.
61 2259 82 2288 e.
92 2242 116 2286 d.

1719 4436 1739 4569 l

1721 4622 1732 4645 ul
