3714 5970
512 488 604 539 nuuc
630 488 762 539 rutrruu
788 487 989 543 snonnnrt.
1465 472 1529 547 155

121 608 173 673 lant
200 611 353 695 strtrr'puit,
373 613 449 692 queis
472 627 560 675 totum
581 614 730 697 Theophili
785 618 866 679 rideo
877 618 1148 702 hicundiquelupos
1161 618 1345 683 obambulare.
1363 646 1378 681 s
1394 620 1466 705 Lupi
1482 647 1529 685 an·

121 726 157 765 urr
177 704 377 770 declarabatur.
397 709 438 769 lla
461 729 490 768 re
509 708 665 790 perterritus
679 708 733 769 lsi·
784 722 838 769 tem
851 710 981 773 illierant
1000 712 1122 773 Anornoei
1137 727 1163 774 et
1179 715 1331 776 vetustioris
1345 715 1458 797 originis
1472 717 1527 778 hae-

121 802 175 863 lieo
197 804 306 884 attingit
331 804 537 865 Alexandriam.
560 804 732 886 Theophilus
783 803 879 882 retici,
894 806 1133 879 uthlarcionistae,
1150 808 1294 869 lilanichaei
1314 823 1340 868 et
1359 809 1529 871 Valentinia-

121 918 160 957 rm
181 897 435 979 Constantinopolin
450 898 578 973 venisset,
598 919 613 955 a
636 896 732 957 multis
784 894 831 968 ni,
854 897 955 975 quihus
967 913 1128 960 annumerat
1147 900 1230 959 etiam
1245 901 1402 964 iudeorum
1419 919 1525 962 coetus:

121 1002 176 1064 tur,
190 991 241 1069 qni
255 988 447 1051 lrbellosraria
461 990 575 1050 crimina
591 990 730 1050 efferentes
785 1008 871 1067 neque
898 989 1013 1053 dubium
1035 1007 1073 1053 cst
1099 991 1142 1053 his
1166 993 1247 1053 etiam
1273 994 1448 1055 accensendos
1472 1016 1529 1054 esse

127 1082 197 1162 ,qui
217 1096 283 1143 tunc
302 1083 433 1156 aderant,
451 1082 609 1143 offerebant.
628 1084 731 1144 Eutro-
782 1082 896 1159 gentiles
919 1098 946 1144 et
970 1084 1143 1161 idololatras,
1158 1086 1206 1166 qni
1233 1107 1284 1145 non
1310 1108 1393 1167 parvo
1415 1108 1528 1149 numero

121 1188 180 1257 ptos
192 1174 303 1237 libellos
314 1178 339 1235 T
342 1175 470 1259 heophilo
482 1175 617 1250 ostendit,
631 1174 731 1257 eligere
784 1173 1016 1257 Constantinopoli
1036 1177 1128 1238 adhuc
1149 1192 1233 1239 erant.
1247 1179 1341 1239 Postea
1363 1201 1428 1240 nero
1451 1185 1528 1240 alno·

121 1286 157 1329 us
167 1280 261 1327 utrum
275 1269 564 1343 mallet,Joannemne
587 1269 727 1347 ordinare,
782 1286 865 1326 moeos
886 1269 992 1330 fortiter
1005 1271 1181 1351 aggreditur,
1197 1272 1294 1353 probat
1317 1272 1456 1335 Christum
1479 1274 1529 1332 Fi·
1559 1258 1563 1265 ⁴

121 1358 251 1421 ittrinibas
273 1362 327 1422 sibi
347 1362 461 1444 objectis
475 1362 611 1443 judicium
626 1363 729 1425 subire.
781 1358 852 1420 lium
871 1360 921 1421 Dei
940 1364 1030 1423 Deum
1046 1385 1120 1441 esse,
1136 1364 1225 1424 Patris
1238 1363 1438 1439 consiliarium,
1452 1365 1527 1424 Patri

121 1454 248 1515 etelectus
257 1455 429 1537 Theophilus
442 1457 574 1518 loannem
591 1456 729 1516 ordinavit
781 1454 930 1531 equalem3
952 1457 1072 1517 affirmat
1099 1478 1207 1537 quoque
1232 1470 1325 1516 contra
1358 1456 1526 1517 blanicla'aeos

121 1544 229 1607 alendas
242 1546 278 1608 de
291 1549 386 1609 Martii
401 1570 471 1608 anno
485 1550 556 1631 398.
782 1548 869 1607 Vetus
902 1550 1106 1610 Testamentum
1143 1572 1205 1610 cum
1242 1550 1320 1609 Novo
1354 1568 1526 1624 consonare,

129 1636 218 1699 divini
234 1640 407 1703 concionator
425 1639 551 1700 assiduus
566 1641 728 1722 Chrysosto·
781 1638 939 1719 clauditque
962 1641 1062 1702 docens
1085 1656 1202 1722 quantus
1222 1643 1326 1703 t'ructus
1350 1656 1386 1702 ex
1404 1641 1526 1709 collectis

121 1722 225 1815 lopost
237 1754 320 1812 quarn
333 1731 474 1794 ordinatus
487 1734 575 1794 luerat
586 1733 728 1794 homiliam
781 1733 932 1810 proveniat.
951 1736 1013 1794 Duo
1032 1735 1212 1817 lllanuscripti
1234 1730 1316 1796 titulo
1328 1733 1435 1795 addunt
1455 1734 1528 1795 hanc

121 1825 240 1909 trajam
253 1846 307 1887 non
328 1841 465 1910 comparet
476 1841 501 1888 et
515 1828 636 1888 fortassis
655 1827 728 1909 inju·
783 1825 939 1886 concionem
957 1825 1081 1887 habitam
1102 1828 1185 1887 fuisse
1200 1827 1228 1888 in
1241 1850 1311 1889 nova
1332 1828 1454 1889 ecclesia.
1467 1816 1527 1893 Vc·-

121 1936 198 1979 urum
220 1919 331 1981 interiit.
350 1920 405 1981 Sed
418 1924 477 2004 ejus
491 1933 682 2001 argumentum
698 1922 725 1980 in
780 1936 841 1974 rum
854 1939 912 1977 rem
928 1932 1027 1978 certarn
1042 1940 1094 1978 non
1108 1940 1164 1979 esse
1178 1919 1205 1979 in
1219 1920 1325 1980 lllonito
1337 1920 1478 2001 probatur.

121 2030 182 2071 trent
196 2013 431 2096 Constantinopoli
453 2013 545 2088 dixit,
560 2014 643 2095 paulo
666 2028 727 2095 post
820 2012 917 2070 Paucis
928 2011 980 2071 snb
992 2011 1051 2071 haec
1063 2011 1161 2072 diebus
1172 2015 1326 2073 concionem
1339 2015 1450 2074 alteram
1461 2036 1524 2075 cou—
1534 2032 1676 2097 r.r.p.5t7,

121 2104 215 2167 retulit,
234 2130 250 2163 ι
264 2108 295 2166 tn
309 2106 397 2188 prima
416 2106 488 2166 enim
496 2151 505 2182 ‚
518 2129 534 2162 s
548 2106 647 2184 inquit,
661 2132 676 2163 ι
691 2106 728 2166 de
780 2113 821 2160 tra
831 2103 976 2162 hnomoeos
989 2102 1105 2176 habuit,
1116 2105 1195 2184 cujus
1206 2104 1303 2164 titulus
1313 2119 1353 2165 cst
1363 2129 1371 2162 ι
1383 2110 1421 2165 ln
1431 2110 1527 2167 Parn-

121 2196 203 2259 tvidis
212 2212 239 2258 et
254 2198 379 2259 Goliathi
392 2197 467 2280 apud
482 2219 530 2258 vos
542 2197 724 2279 philosopha·
780 2193 918 2268 lyricum,
930 2198 982 2275 qui
995 2215 1090 2255 annos
1102 2202 1296 2276 trigintaocto
1307 2199 1483 2257 decubuerat
1493 2203 1524 2257 in

121 2290 288 2366 uendentes,
299 2292 373 2351 hunc
386 2290 496 2371 quidem
510 2291 651 2373 omnigena
663 2311 725 2370 grs-
779 2286 1015 2366 infirmitatesua
1026 2312 1039 2358 ;
1053 2300 1079 2347 et
1093 2288 1120 2347 in
1133 2287 1222 2364 illud,
1236 2292 1331 2349 Pater
1342 2312 1422 2351 meus
1436 2312 1526 2370 usquc

121 2394 213 2443 utura
234 2383 356 2464 undique
368 2385 524 2465 munitum,
541 2383 618 2443 illum
633 2397 724 2442 autern
778 2381 864 2438 niodo
878 2392 1033 2459 operatur,
1048 2394 1077 2440 et
1094 2402 1147 2462 ego
1165 2396 1288 2461 operor:
1302 2383 1349 2443 ubi
1365 2385 1455 2443 statim
1469 2386 1526 2444 Deo

121 2472 265 2551 lum,lide
279 2476 511 2552 munitissimumt
529 2475 601 2535 hunc
616 2476 724 2536 extrin-
776 2469 913 2532 benedicit
941 2471 1016 2552 quod
1047 2487 1194 2534 conventus
1220 2475 1341 2554 quotidie
1369 2491 1523 2549 accrescat,

121 2564 205 2647 pidum
219 2566 330 2628 thorace
343 2583 368 2629 et
385 2582 476 2644 scuto,
491 2568 570 2628 illum
582 2568 657 2629 intus
669 2568 725 2651 spi.
778 2575 806 2622 et
824 2562 949 2623 divinum
975 2585 1064 2625 semen
1086 2565 1194 2648 copiose
1217 2569 1358 2647 germinet.
1379 2571 1525 2649 Postquam

121 2660 171 2719 ntia
182 2660 344 2733 radiantem,
356 2675 437 2744 atque
450 2663 520 2722 bant:
534 2661 570 2722 ob
584 2683 693 2722 causam
707 2683 724 2722 a
778 2668 869 2716 atttem
882 2654 917 2716 de
933 2657 1086 2739 paralytico
1100 2658 1187 2718 mulla
1202 2658 1329 2738 dixerat,
1343 2674 1436 2721 contra
1449 2665 1526 2723 Atto-

121 2752 219 2813 taminc
231 2752 335 2815 victum
341 2754 480 2835 juvenem,
497 2775 513 2813 a
529 2753 602 2814 nudo
613 2776 724 2835 supera·
781 2769 864 2809 moeos
878 2749 981 2832 stylum
995 2752 1130 2811 convertit
1142 2797 1151 2828 ,
1164 2752 1315 2833 probatque
1324 2753 1426 2814 Filium
1439 2768 1465 2815 ct
1477 2776 1528 2815 ve-

121 2858 236 2922 tttrrta,a
253 2860 358 2928 pastore
380 2860 545 2927 prostratum
567 2846 693 2920 militcm,
707 2871 722 2908 a
778 2861 807 2899 re
819 2841 908 2901 Deum
923 2854 950 2901 et
964 2842 1038 2901 Patri
1052 2843 1182 2922 aeqttalem
1198 2865 1264 2906 esse.

121 2936 242 3022 ,lapidis
265 2952 362 2999 natura
385 2938 476 2999 bellici
503 2940 564 2999 aeris
595 2954 721 3001 naturam
817 2934 934 2994 loannes
956 2932 985 2992 in
1005 2934 1233 3015 tantodignitatis
1250 2950 1359 2996 erectus
1377 2936 1516 3011 culmine,

121 3080 123 3089 ,
138 3044 167 3091 et
184 3030 381 3091 labefactatam,
397 3056 412 3087 s
427 3031 499 3103 Quia
515 3053 579 3092 vero
592 3033 725 3092 constan.
778 3023 942 3104 prcecipuam
955 3045 1049 3085 curatn
1065 3026 1178 3099 hahuit,
1193 3042 1222 3087 ut
1235 3029 1288 3089 sibi
1307 3030 1443 3090 commissi
1454 3052 1517 3111 gre-

134 3123 249 3206 gminde
272 3139 354 3205 atque
376 3124 525 3186 Antiochiae
553 3125 632 3184 multi
659 3140 723 3188 tunc
777 3115 819 3194 gis
840 3115 917 3176 Vlllls
940 3115 1107 3191 mederetur,
1130 3132 1248 3180 erranl'es
1267 3120 1302 3180 ad
1321 3134 1422 3181 reolum
1437 3124 1518 3182 ulam

121 3217 322 3295 immi,seillos
338 3239 527 3299 aggressurum
541 3239 598 3279 esse
613 3220 723 3300 pollici·
776 3210 931 3286 reducem,
955 3213 1082 3293 Flebilem
1102 3228 1232 3275 ³⁸⁶l³¹¹¹⁰⁵
1251 3218 1362 3277 smm-
1383 3243 1398 3291 t
1419 3220 1522 3279 Rerum
1588 3249 1675 3296 tntu.

131 3311 218 3392 prima
231 3311 296 3386 illa,
308 3333 369 3390 qnae
381 3311 500 3389 interiit,
511 3310 652 3382 concione,
669 3334 722 3373 non
776 3322 869 3361 curam
889 3304 1073 3384 aggreditur»
1087 3351 1096 3382 ,
1111 3308 1199 3386 inquit
1213 3308 1351 3369 Palladius
1363 3355 1371 3385 ,
1383 3337 1398 3368 c
1412 3333 1521 3394 per-ra·
1534 3310 1607 3383 124⁵,-

121 3422 138 3475 ι,
151 3403 198 3463 κά
213 3424 247 3461 ex
261 3405 463 3483 scripturarum
475 3404 644 3476 auctoritate,
661 3427 721 3484 quae
776 3394 931 3456 tionabilem
953 3396 1072 3457 fistulam
1086 3420 1150 3459 oves
1167 3400 1282 3480 probare
1302 3422 1425 3466 exorsus.
1449 3407 1523 3465 Raro

121 3492 191 3554 :iniis
200 3495 281 3575 longe
294 3493 426 3554 validiora
440 3508 511 3554 sunt.
775 3502 865 3548 autem
878 3488 1011 3549 adhibens
1026 3490 1106 3550 etiam
1120 3493 1220 3573 pedum
1236 3491 1448 3575 increpationis,
1461 3518 1522 3556 ser-

128 3602 297 3668 scrupeum
310 3585 427 3659 diebus,
447 3601 476 3647 ut
493 3587 629 3668 pollicitus
643 3603 719 3663 erat,
777 3602 937 3662 monemqne
957 3581 1054 3663 dirigit
1076 3583 1207 3644 adversus
1228 3586 1387 3647 ementitum
1406 3589 1529 3657 fratrum,
1601 3602 1610 3677 '-

140 3694 233 3741 contra
257 3686 401 3742 Anoruoeos
422 3680 539 3759 habuit,
555 3682 720 3760 quaeconti-
776 3674 1458 3760 sororumqueconvictum,reveraautetnturpem
1470 3680 1525 3743 'un-

123 3775 200 3835 nulla
214 3774 391 3855 interposita,
405 3772 521 3834 secunda
540 3774 601 3834 tuit.
625 3774 657 3833 ln
673 3774 720 3833 illa
770 3769 963 3850 probumque,
980 3769 1014 3828 de
1027 3769 1260 3840 subintroductis,
1281 3774 1479 3846 συνεισᾶκτων,
1494 3789 1523 3835 ut

121 3868 170 3939 eit,
186 3889 235 3945 se,
255 3870 314 3949 jam
328 3867 409 3927 semel
424 3867 631 3941 concionatum,
645 3888 722 3925 arnu-
776 3875 892 3936 vocant,
906 3882 1007 3941 agens,
1021 3862 1218 3942 ostendensque
1230 3865 1254 3923 si
1266 3864 1401 3924 malorum
1412 3866 1524 3927 daretur

141 3960 454 4042 Constantinopolitanos
474 3959 643 4020 Christianos
660 3974 722 4018 tnn-
776 3956 870 4036 optio,
885 3956 1010 4016 meliores
1032 3955 1090 4015 istis
1115 3955 1224 4016 lenones
1246 3978 1313 4019 esse.
1339 3958 1383 4017 llli
1407 3980 1524 4036 namque

121 4053 222 4135 spisse,
237 4068 369 4134 quantum
391 4054 415 4114 si
438 4075 500 4113 eum
515 4053 569 4113 illis
587 4053 623 4112 ab
644 4052 721 4112 initio
776 4049 900 4130 procula
915 4048 1026 4108 medicis
1039 4047 1192 4109 habitantes
1206 4048 1280 4131 apud
1292 4051 1464 4111 semorbum‘
1477 4053 1524 4111 lra-

121 4159 215 4207 rtcatus
224 4169 233 4221 3
248 4147 332 4225 idque
343 4146 472 4226 quoniam
487 4146 513 4205 in
528 4146 584 4206 illis
597 4145 722 4205 adverte-
775 4143 854 4216 ltent,
864 4141 911 4203 sed
926 4142 1080 4202 volentibus
1094 4141 1143 4200 :hi
1159 4154 1247 4201 autern
1262 4142 1291 4201 in
1305 4143 1400 4203 salutis
1413 4145 1522 4206 officina

153 4239 407 4311 relum,caritatcm
418 4239 521 4319 absque
531 4239 721 4314 simulatione,
775 4235 944 4310 habitantes,
959 4234 1041 4295 etiam
1063 4254 1141 4294 sanos
1164 4234 1308 4315 impellunt
1329 4235 1366 4294 ad
1382 4238 1518 4295 morbum.

123 4330 191 4391 tiam
217 4332 245 4391 in
268 4347 463 4414 preceptores,
483 4332 655 4392 concordiam
683 4332 723 4391 in·
777 4328 841 4388 lnde
856 4349 919 4409 pars
929 4326 1002 4387 Cleri
1011 4326 1123 4385 minime
1133 4326 1258 4404 religiosa
1271 4371 1279 4401 ,
1294 4348 1355 4404 qnae
1368 4327 1521 4409 morboillo

121 4424 182 4500 Qum
195 4447 260 4486 sane
270 4426 372 4498 omnia,
385 4428 499 4508 »pergit
510 4426 566 4498 ille,
583 4453 598 4484 ι
608 4427 674 4488 satis
684 4448 723 4485 cs·
779 4420 940 4497 tenebatur,
954 4433 1086 4479 commota
1100 4432 1149 4478 cst.
1161 4443 1176 4474 s
1187 4421 1255 4490 Quae
1269 4432 1296 4477 ut
1312 4419 1412 4481 clarius
1427 4422 1520 4503 perci·

121 4518 719 4601 llapideumanimumvohisconciliarcnt?u
776 4515 903 4596 piantur,
932 4515 1027 4597 paucis
1056 4513 1217 4596 explicanda
1239 4530 1310 4578 sunt.
1341 4515 1427 4577 Erant
1454 4532 1520 4580 tunc

121 4612 419 4694 inustantinopolitanos
452 4634 513 4673 cum
545 4611 721 4671 Antioclrenis
776 4601 1007 4690 Constantinopoli
1021 4608 1117 4688 puellae
1131 4607 1312 4686 Christianae,
1326 4631 1386 4689 quae
1401 4612 1519 4693 virgini·
1579 4676 1582 4681 ,

121 4702 187 4765 sita
200 4704 373 4786 prosequitur
385 4725 393 4762 ε
405 4730 420 4761 ι
435 4706 578 4786 Propterea
591 4724 645 4762 non
665 4703 720 4762 tni-
776 4717 856 4762 tatem
869 4700 1080 4784 profitebantur:
1091 4702 1139 4761 has
1150 4700 1261 4761 domum
1273 4701 1438 4764 inducebant
1446 4705 1518 4781 riri,

122 4817 250 4868 mamus,
265 4818 346 4875 qnam
366 4796 516 4857 Ecclesiam
537 4796 611 4855 illam
627 4795 721 4874 inqua
775 4798 863 4876 specie
876 4794 985 4874 quidem
998 4808 1030 4854 ut
1043 4816 1092 4854 cen
1105 4795 1202 4855 fratres
1214 4817 1275 4855 cum
1289 4797 1429 4858 sororibus
1447 4812 1519 4861 caste

121 4888 170 4949 cati
183 4904 210 4949 et
223 4889 327 4949 eruditi
346 4911 449 4950 sumus.
463 4890 547 4949 Soror
560 4890 632 4947 enim
647 4888 721 4948 illius
775 4890 912 4963 viverent,
926 4886 971 4947 sed
986 4909 1020 4948 ex
1034 4888 1082 4947 tali
1095 4890 1228 4947 consortio
1238 4901 1265 4948 et
1279 4889 1405 4950 societate
1417 4906 1519 4970 quanta

121 5002 223 5062 rosque
235 4982 422 5062 cognationem
437 4983 513 5043 illam
536 5004 615 5064 opere
632 4978 721 5042 decla·
774 4996 933 5065 paterentur
947 4982 1018 5042 mala
1042 4980 1114 5041 haud
1130 4980 1244 5041 difficile
1263 4996 1303 5041 est
1323 4984 1461 5063 augurari.
1475 4987 1519 5047 Λᾶ

121 5076 218 5135 temris
230 5090 322 5136 autem
334 5076 381 5135 illa
395 5091 515 5159 tempore
526 5077 562 5136 sit
572 5077 719 5156 antiquior,
776 5078 834 5136 haec
846 5096 910 5136 reru
923 5075 1043 5153 virgines
1054 5074 1107 5135 illae
1121 5074 1208 5135 cultui
1222 5075 1342 5155 corporis
1356 5087 1384 5135 et
1400 5076 1518 5138 restium

121 5166 370 5229 nlideferrentior
383 5184 423 5230 est
434 5198 442 5246 ;
455 5170 547 5229 etillic
560 5170 647 5252 major
660 5191 720 5230 con·
774 5168 922 5231 admodum
945 5168 1105 5244 studebant,
1135 5188 1195 5249 quae
1221 5167 1300 5249 signo
1325 5184 1403 5231 munt
1427 5172 1519 5243 omniu

121 5276 145 5339 t,
159 5273 188 5321 et
201 5260 336 5322 celebrius
349 5261 500 5340 theatrum,
515 5263 622 5325 sedhic
635 5265 722 5345 major
775 5264 845 5325 hanc
857 5262 1166 5345 virorumetrirginum
1182 5256 1449 5345 wcietatemperturr
1461 5252 1524 5327 esti·

121 5352 287 5437 majorisque
305 5353 474 5419 lentitudinis
492 5355 635 5421 iudicium.
652 5356 721 5418 Nam
776 5357 924 5420 exitialem.
937 5348 1243 5437 hdrcrsnshujusmodi
1253 5354 1443 5423 ”datum
