3714 5970
369 1145 373 1151 ·
506 1104 786 1215 LECTORI
812 1109 1156 1218 BENEVOLO

65 1380 1604 1625 sonuslrnusaseunnnrcmm

668 1818 989 1927 SALUTEM.

10 2684 18 2789 ξ
115 2692 384 2765 mma-nm
397 2690 528 2757 somna
538 2689 753 2772 mirorum
766 2688 908 2771 aaaron,
922 2706 1019 2772 quam
1032 2691 1144 2755 mua
1163 2691 1602 2777 caume‚stouronmqoam

10 2792 33 2837 Ε
90 2799 320 2875 abundando,
332 2798 533 2879 paraverunt,
544 2794 653 2860 deesm
661 2792 890 2875 aliquidaisum
904 2793 1431 2873 esset‚nisitantillootorisaurea
1439 2800 1604 2866 sententio

19 2944 27 2953 -
91 2896 794 2980 nmisinlndicrbus,quitamegregioincepto
805 2896 1604 2980 responderent,diligentertuissenteollcctte.Ne·

10 2994 39 3087 ξ’
91 3021 129 3071 no
139 3006 218 3071 enim
230 3005 347 3071 infitias
359 3003 418 3068 ibit
426 3004 527 3067 multa
537 3005 570 3066 et
579 3018 694 3083 magna
704 3017 795 3068 noras
809 3002 885 3066 huic
896 3000 1024 3067 editioni
1037 3003 1215 3082 amisa,
1230 3020 1367 3086 qnorum
1379 3005 1604 3074 abundantiam

10 3112 32 3201 ξ
89 3108 462 3177 tnucooooinnitatem
476 3107 653 3189 probabunt
665 3123 788 3173 omnes.
815 3105 1163 3187 Jureenimdiciposse
1185 3109 1344 3174 credimus
1367 3127 1446 3192 opus
1464 3114 1502 3175 ll.
1530 3115 1603 3177 Ber·

10 3204 27 3291 ἓ
87 3216 158 3281 nudi
169 3217 208 3282 de
220 3215 430 3281 montfaucon
445 3215 582 3277 multum
593 3211 781 3295 profecisse,
794 3215 865 3276 tum
879 3228 922 3275 ex
935 3210 1112 3276 innumeris
1130 3213 1318 3278 mendorum
1332 3213 1600 3295 castigationibus,

10 3308 20 3329 “
86 3320 140 3384 tun
149 3338 189 3386 ex
201 3318 361 3401 unquenti
374 3320 547 3383 contextus
556 3316 596 3381 ad
610 3316 704 3380 fidem
719 3314 866 3380 codicum
877 3314 1070 3396 optimorum
1082 3317 1257 3382 collatione.

10 3510 18 3555 ς
118 3478 168 3542 Sed
181 3479 266 3543 nulla
276 3478 407 3541 tortasse
418 3474 558 3556 aliapars
568 3472 839 3538 Montiauconiani
847 3473 948 3554 operis
956 3474 1036 3537 adeo
1049 3488 1178 3538 necesse
1190 3472 1326 3538 babebat
1334 3474 1598 3552 retractationem,

83 3584 165 3663 atque
172 3581 230 3663 ipsi
239 3580 366 3645 Indices
378 3583 448 3646 tum
459 3579 602 3643 locorum
615 3578 783 3660 Scripturas
793 3593 901 3657 sacre,
916 3580 980 3643 as.
996 3578 1133 3642 Doctore
1148 3579 1400 3659 explanatorum,
1413 3582 1481 3644 tum
1493 3597 1602 3646 rerum

10 3664 23 3745 l
84 3680 211 3767 inipsius
224 3684 353 3767 scriptis
370 3687 625 3749 memoratarum.
638 3683 806 3763 Nusquam
827 3680 913 3746 enim
933 3677 1208 3759 diligentissimum
1226 3679 1507 3762 doctissimumque
1525 3686 1603 3750 rete

10 3748 26 3875 l
83 3790 365 3867 rtbtotanctorem,
377 3790 593 3871 cuiusnomcn
604 3787 784 3855 venerabile
795 3786 849 3851 toti
864 3784 993 3850 editioni
1009 3786 1188 3864 profertum
1207 3784 1341 3865 plurima
1353 3802 1465 3852 manca
1478 3790 1534 3852 aut
1558 3789 1603 3852 iu·

10 3890 18 3959 .’
81 3894 319 3976 miniacebant3
332 3894 516 3970 unoverbo,
531 3893 661 3957 cuilibet
679 3894 729 3958 vel
748 3890 857 3955 leviter
870 3892 1043 3957 advertenti
1064 3889 1264 3955 manifestum
1284 3895 1352 3956 erat
1363 3909 1444 3974 opus
1459 3895 1526 3958 tam
1538 3893 1602 3958 im·

10 3990 20 4025 ¹
76 4001 483 4080 Mestummcomtumqne
494 4000 589 4078 longe
605 3997 646 4062 ab
660 3995 763 4061 oculis
777 3995 961 4061 immortalis
969 3994 1096 4060 editoris
1107 3993 1203 4058 luisse
1215 3995 1402 4060 absolutum.
1419 3997 1511 4078 Quod
1526 4013 1603 4062 sane

10 4174 13 4183 ,
75 4102 179 4169 laium
204 4122 268 4170 non
281 4107 341 4183 est,
354 4104 381 4167 si
395 4104 468 4185 quis
483 4103 588 4168 animo
602 4104 728 4185 reputet
743 4099 984 4166 I).llernardum
1003 4099 1042 4164 de
1062 4099 1268 4164 ltlontiaucon
1283 4099 1348 4179 jam
1361 4101 1489 4166 tertium
1506 4118 1602 4183 supra

10 4184 17 4273 l
69 4209 288 4288 waramum
302 4208 404 4273 auus
415 4225 482 4274 suaa
492 4224 613 4273 annum
625 4206 765 4287 attigisse
777 4205 916 4285 quando,
928 4220 1011 4269 anno
1023 4209 1111 4284 1738,
1127 4204 1157 4268 S.
1170 4203 1300 4271 loannis
1309 4205 1521 4287 Chrysostomi
1535 4210 1600 4272 ter-

71 4306 135 4375 tiu
143 4313 280 4377 decimus
289 4316 395 4379 tomus
408 4311 442 4376 in
456 4313 616 4393 publicum
628 4309 781 4394 prodibat.

114 4467 203 4546 lgitnr
214 4485 288 4533 cum
307 4484 398 4534 novae
411 4469 509 4550 buius
529 4466 675 4532 editioma
694 4469 839 4531 auctores
856 4466 897 4530 de
921 4465 1015 4530 tantu
1034 4466 1205 4530 sarciendis
1217 4466 1391 4530 defectibus
1404 4467 1598 4547 cogitarent,

63 4572 187 4635 {nobis
199 4572 397 4653 quesierunt
418 4575 455 4636 ut
475 4571 532 4636 otii
555 4571 653 4635 nostri
677 4574 798 4651 partem
810 4568 973 4634 lodicibus
993 4569 1032 4633 de
1046 4586 1129 4636 novo
1145 4570 1323 4635 reficiendis
1344 4570 1596 4652 impediremus:

61 4680 198 4751 quorum
209 4676 339 4757 quidem
353 4676 572 4740 honestissima
584 4679 655 4740 rota
668 4691 733 4738 non
742 4674 837 4739 modo
849 4690 912 4737 non
925 4673 1177 4754 rejicienda‚sed,
1192 4678 1228 4739 ut
1240 4678 1388 4755 parerat,
1405 4678 1528 4756 promto
1537 4677 1600 4742 ani·

60 4778 396 4844 'noadmittendaesse
414 4781 605 4845 cemuimus
619 4777 773 4859 llincper
782 4777 903 4856 aliquot
915 4794 1015 4843 annos
1028 4778 1077 4841 bis
1098 4779 1241 4844 texendis
1257 4779 1382 4843 assidue
1404 4779 1596 4845 vacavimus.

59 4868 247 4951 Messana
261 4884 423 4952 luitnovis
440 4886 579 4949 cucullae
601 4883 813 4949 Benedictime
837 4883 992 4947 tironibus
1018 4900 1148 4947 manum
1172 4882 1330 4960 timidam,
1346 4884 1403 4947 sed
1423 4887 1509 4949 certe
1530 4886 1599 4948 stu·

10 5038 12 5043 .
60 4980 197 5070 duum,
209 5006 342 5055 avorum
355 4988 442 5070 operi
454 4988 640 5060 admovere,
657 4991 694 5057 ut
705 4987 733 5051 ci
750 4988 1014 5067 complementum
1033 4988 1288 5068 qualecumque,
1311 5004 1369 5068 pro
1387 4986 1526 5068 ipsorum
1552 4989 1600 5051 te·

10 5080 13 5085 ’
63 5090 193 5175 unitata
205 5094 383 5160 adderetur.
394 5093 543 5159 Judioent
555 5092 660 5159 ceteri
673 5110 714 5157 an
727 5093 895 5159 sudoribus
913 5093 1029 5159 nostris
1051 5093 1183 5159 tenetur
1201 5092 1336 5159 creverit
1349 5095 1382 5158 et
1400 5093 1600 5174 aliquatenus

65 5195 177 5261 naim
194 5198 328 5264 evaserit
348 5224 357 5261 ι
377 5201 523 5263 nostrum
548 5197 591 5262 sit
614 5197 841 5276 tantummodo,
857 5197 1051 5279 singillatim,
1072 5200 1128 5264 sed
1142 5199 1291 5277 breviter,
1304 5213 1463 5278 exponere
1475 5213 1547 5277 quae
1566 5197 1599 5261 in

57 5292 404 5383 *flinplendomuuere
413 5300 583 5382 egerimus.
