3714 5970
738 454 923 504 Postulo.
1580 452 1627 498 XV

58 583 91 642 nti
100 579 239 660 Georgius
253 577 456 642 Alexandrinus
469 591 494 638 et
504 576 617 638 Photius
646 579 817 661 scripserunt.
837 578 867 640 si
881 597 945 637 vero
959 574 1099 635 Palladius
1108 572 1239 634 dicendus
1252 585 1291 633 est
1302 571 1629 656 episcopusllclenopoli·

59 694 143 751 tonus,
153 676 305 736 dicendum
317 695 426 753 quoque
435 673 501 732 mibi
510 672 661 748 videretur,
685 694 719 733 ex
733 673 891 754 Helenopoli
902 669 1060 730 translatum
1074 669 1156 728 luisse
1170 671 1320 749 Asponam,
1332 682 1411 747 atquc
1424 670 1452 728 in
1464 667 1523 749 ejus
1537 667 1628 728 locum

60 771 198 831 sodomum
215 790 275 829 esse
286 767 443 827 Palladium
456 767 586 840 alterum,
606 768 654 847 qui
677 770 792 828 Romam
811 768 911 829 missus
924 765 1006 824 suerit
1021 785 1036 822 a
1053 765 1155 824 loanne
1168 762 1202 821 ad
1218 765 1319 842 Papam
1332 763 1537 823 lnnoceutium:
1553 762 1629 840 isque

59 875 144 922 ructor
161 860 216 920 crit
227 858 357 920 Historiae
371 858 524 934 Lausiacae,
538 872 564 918 et
583 857 735 940 discipulus
746 858 870 938 Evagrii.
886 859 970 916 Porro
980 855 1133 916 Palladium
1146 876 1180 914 ex
1194 853 1353 935 Helenopoli
1367 855 1527 915 translatum
1542 857 1629 933 Aspo-

60 974 130 1027 nam,
140 951 231 1012 tradit
246 953 369 1011 Socrates
374 973 383 1028 5
394 963 531 1010 auctorem
554 971 617 1010 vero
630 949 732 1031 dialogi
746 950 901 1031 episcopatu
913 948 1036 1023 cessisse,
1047 969 1081 1007 ex
1099 946 1210 1027 Georgii
1221 947 1310 1007 verbis
1323 948 1447 1028 superins
1461 946 1551 1008 relatis
1564 967 1630 1007 ron·

60 1044 154 1127 ficityrr.
166 1041 228 1102 Hac
239 1042 346 1101 ratione
357 1041 404 1102 via
417 1040 594 1122 praeluditur
608 1040 702 1100 multis
720 1040 898 1121 ambagibus,
909 1061 977 1120 quas
992 1040 1070 1100 aliter
1084 1038 1197 1099 evadere
1210 1038 1302 1100 nullus
1315 1040 1408 1122 possit.
1420 1039 1448 1100 Si
1462 1039 1531 1119 quid
1540 1052 1628 1098 umen

62 1136 150 1196 rationi
162 1149 252 1215 atque
264 1133 400 1195 historicae
418 1135 524 1195 veritati
538 1135 625 1215 magis
643 1148 855 1195 consentaneum
872 1135 934 1214 quis
947 1134 1067 1195 attulerit
1085 1134 1112 1194 in
1128 1133 1261 1213 medium,
1280 1134 1432 1194 nullatenus
1452 1132 1627 1214 repugnabo:

62 1229 178 1310 quinimo
194 1226 333 1308 quidquid
352 1226 423 1287 illud
438 1228 503 1302 erit,
525 1227 657 1288 ambabus
677 1229 751 1288 ulnis
762 1227 835 1288 ultro
845 1228 990 1310 excipiam.
1005 1228 1058 1290 Sed
1069 1229 1136 1289 dum
1147 1227 1414 1310 descriptorehuy'ns
1425 1226 1528 1305 dialogi
1543 1225 1631 1284 sosius

61 1321 182 1400 edissero,
199 1339 280 1403 pene
288 1319 357 1380 mihi
365 1320 504 1382 exciderat
514 1320 588 1402 loqui
603 1320 637 1381 de
646 1319 805 1395 Theodoro;
820 1341 901 1400 quem
910 1320 994 1401 aliqui
1007 1334 1141 1382 auctorem
1155 1320 1296 1402 perbibent
1307 1321 1389 1400 hujus
1403 1317 1522 1397 dialogi,
1536 1315 1584 1376 sed
1593 1316 1629 1375 le·

62 1419 84 1475 ri
95 1437 209 1500 prorsus
226 1429 398 1499 argumento.
408 1415 580 1492 Theodorus,
597 1415 737 1495 inquiunt,
756 1415 921 1498 compellans
935 1417 1108 1498 episcopum,
1121 1437 1149 1475 se
1162 1414 1308 1495 aliquando
1319 1415 1387 1475 forte
1400 1414 1435 1474 de
1450 1412 1533 1473 rebus
1544 1410 1631 1472 sancti
1744 1442 1747 1446 Δ

62 1511 248 1593 Chrysostomi
259 1509 427 1594 scriptorum
442 1511 489 1572 ait.
499 1511 570 1587 Quis
582 1510 791 1591 dialogistarum
804 1533 906 1572 morem
919 1532 972 1572 non
983 1511 1187 1596 animadvertit,
1199 1511 1265 1591 qui,
1280 1526 1312 1570 ut
1326 1511 1371 1571 rel
1385 1509 1498 1570 minima
1514 1527 1629 1588 quasque

61 1607 90 1665 ab
98 1606 296 1666 interlocutore
310 1606 444 1688 expiscari
456 1606 573 1688 possint,
582 1605 671 1666 varias
682 1607 837 1669 sciscitandi
849 1611 964 1669 rationes
976 1607 1227 1683 comminiscuntur,
1242 1620 1323 1687 atquc
1337 1606 1407 1666 hanc
1420 1604 1447 1664 in
1458 1603 1566 1685 primis,
1579 1614 1628 1661 aut

61 1701 118 1760 alias
127 1698 258 1761 similes?
268 1700 326 1776 Qui
338 1700 409 1760 hanc
418 1700 597 1782 suscipionem
611 1701 693 1782 primi
711 1702 898 1782 protulerunt,
910 1721 1080 1781 nequaquam
1090 1699 1272 1774 attenderunt,
1289 1700 1396 1782 opinor,
1411 1698 1502 1759 omnia
1513 1696 1629 1758 doale-rc·

62 1815 172 1875 suque
188 1793 389 1869 modonotavi,
404 1817 421 1855 a
434 1793 556 1855 Palladio
572 1816 627 1856 non
645 1795 794 1879 depellere,
808 1797 853 1858 cui
864 1809 954 1857 tannen
966 1796 1005 1857 rei
1017 1797 1155 1880 precipue
1166 1795 1317 1858 cavendum
1328 1796 1389 1856 tuit.
1407 1793 1515 1855 Deinde
1527 1792 1629 1853 faciam

63 1889 120 1948 nihi
136 1889 219 1967 satis,
234 1889 258 1949 si
269 1889 391 1970 possint,
408 1903 435 1951 et
452 1890 581 1970 quaremi
597 1890 790 1972 respondeant,
804 1912 887 1971 quare
897 1891 1069 1972 Theodorus,
1085 1894 1214 1953 Romana
1229 1891 1354 1952 Ecclesia
1374 1889 1517 1963 ἀίιιιιιιιιι,
1531 1886 1630 1947 hrono

63 2004 103 2043 non
112 1983 273 2066 seipserit5
289 1998 349 2056 aut,
361 1983 385 2044 si
395 1985 491 2047 Latine
501 1985 618 2067 scripsit,
631 1999 661 2045 ut
673 1987 833 2047 nonnemini
842 1987 933 2048 rhum
940 2001 992 2064 est,
1004 2009 1088 2068 quare
1096 1987 1150 2048 hoc
1164 2008 1233 2069 opus
1242 1987 1383 2065 hucusque
1393 1982 1499 2045 Latinis
1510 1980 1628 2042 auribus

64 2077 206 2139 inauditum
219 2078 316 2141 fucrit.
329 2078 385 2141 Sed
399 2079 480 2140 missa
496 2080 701 2156 istafaeiamus,
716 2101 775 2159 quae
785 2082 859 2142 omni
874 2081 976 2142 ratione
989 2095 1071 2161 atque
1082 2081 1217 2163 probabili
1231 2081 1385 2162 conjectura
1396 2091 1495 2139 carent.
1512 2101 1527 2132 s

379 2456 450 2560 nn
474 2475 602 2583 ιιιι
628 2474 667 2561 s.
694 2474 922 2566 ιοιιιιιιι
947 2471 1326 2564 cunrsosrour

636 2653 674 2755 ἰ
696 2697 805 2758 rous
826 2697 1039 2758 ιιιοιιιιιιι.

737 2866 931 2889 *oo-—

95 3015 167 3076 llrbil
181 3018 275 3097 magis
292 3031 476 3100 opportunum
490 3018 526 3079 ad
539 3020 633 3082 Vitam
646 3021 675 3080 S.
690 3023 735 3082 lo.
748 3019 936 3100 chrysostomi
959 3031 1082 3079 accurate
1098 3016 1329 3095 concinnandam,
1346 3038 1427 3096 quam
1452 3019 1510 3098 ejus
1529 3037 1629 3098 opera,

69 3113 104 3171 nbi
116 3113 262 3174 innumera
273 3134 355 3196 poenc
371 3128 516 3175 occnrrnnt
536 3114 572 3174 ab
584 3114 646 3176 aliis
659 3115 836 3198 scriptoribus
853 3134 905 3174 non
929 3128 1084 3175 memorata.
1104 3113 1242 3174 Palladius
1265 3133 1371 3192 quoque
1395 3113 1423 3172 in
1446 3112 1561 3191 Dialogo
1579 3131 1629 3170 suo

68 3205 181 3269 lomim
193 3228 253 3269 non
264 3229 353 3291 pauca
366 3209 540 3320 suppeditat,
552 3232 612 3290 qua²
625 3212 693 3272 alibi
705 3212 806 3272 frustm
820 3230 960 3290 quereres
976 3210 1025 3270 llis
1036 3209 1154 3271 addendi
1168 3211 1311 3285 Socrates,
1324 3211 1487 3270 Sonornenus
1501 3223 1527 3268 ct
1541 3207 1630 3276 Theo·

69 3298 178 3382 luens,
190 3324 301 3366 menon
311 3304 464 3367 Photius
439 3327 549 3368 circaea
563 3307 683 3370 maxime
692 3328 774 3388 ,qua
783 3306 819 3367 ad
830 3305 992 3388 synodum
983 3328 1011 3366 ιιι
1021 3307 1132 3382 Quercu
1145 3307 1288 3388 pertinent.
1301 3305 1438 3367 Aliunde
1431 3320 1494 3365 rtem
1503 3304 1628 3399 quadam

68 3392 93 3454 td
103 3350 178 3456 iderti
186 3409 382 3502 argumentum
388 3399 535 3481 spectantia
545 3400 680 3484 expiscari
690 3421 841 3483 ροιιιιιιιιιε
835 3399 888 3460 lis
898 3419 965 3459 usus
978 3399 1132 3459 auctoribus
1143 3399 1273 3460 Vitam
1249 3419 1307 3478 ejus
1321 3398 1429 3459 Gallico
1441 3396 1550 3476 vulgari
1563 3386 1629 3458 idio

68 3503 125 3550 nate
132 3489 248 3571 scripsit
257 3488 434 3551 Hernuntins
444 3504 644 3572 ,atqneornnes
655 3493 789 3554 inferioris
802 3492 854 3553 arvi
864 3491 1029 3574 scriptores,
1040 3513 1088 3571 qur
1080 3491 1192 3554 Vitam
1207 3491 1395 3574 Chrysostomi
1408 3490 1628 3565 adornaverant,

67 3586 229 3644 macone
239 3596 268 3643 et
277 3582 419 3664 diligentia
434 3584 513 3668 longe
523 3587 671 3669 superarit.
682 3589 747 3648 Post
759 3587 839 3647 illum
852 3602 917 3647 vero
930 3586 975 3647 vir
986 3586 1024 3646 cl.
1036 3585 1111 3646 omni
1125 3585 1283 3667 exceptione
1300 3585 1405 3667 major,
1416 3583 1627 3662 Tillemontius,

67 3675 217 3737 italiorum
231 3675 320 3737 vitam
329 3690 481 3738 uncorum
497 3700 604 3741 summo
617 3680 707 3741 studio
716 3696 742 3741 et
752 3680 845 3741 labore
858 3679 1001 3762 descripsit
1013 3727 1021 3756 ‚
1035 3679 1073 3739 ita
1088 3680 1116 3739 in
1134 3681 1200 3740 tanti
1214 3680 1333 3741 doctoris
1353 3679 1410 3740 vita
1423 3678 1494 3739 nihil
1511 3678 1630 3759 neglexit

65 3787 167 3846 mum,
177 3789 245 3848 quae
258 3768 289 3828 in
297 3768 456 3852 hujusmodi
470 3793 551 3854 opere
559 3773 664 3854 aliquid
675 3788 782 3857 possent
792 3775 889 3834 allerre
903 3773 1042 3835 momenti.
1059 3772 1089 3833 Si
1101 3772 1170 3853 quid
1181 3793 1247 3834 vero
1259 3772 1431 3834 difficultatis
1447 3774 1476 3834 in
1488 3774 1547 3854 ejus
1559 3772 1629 3832 relc-

65 3861 148 3922 rendis
156 3863 245 3944 gestis
260 3878 401 3942 occurrat,
420 3865 448 3926 in
468 3867 539 3928 notis
552 3871 609 3927 suis
621 3867 657 3928 ad
670 3868 770 3928 calcem
784 3868 849 3928 libri
862 3867 957 3949 positis
970 3867 1061 3927 omnia
1082 3867 1236 3927 minutatim
1256 3866 1401 3949 explanat,
1425 3887 1458 3928 ne
1477 3866 1629 3946 quidquam

65 3957 267 4034 patumisisse
279 3959 415 4021 ridentur.
435 3962 492 4023 lloc
504 3961 641 4045 precipue
655 3964 785 4046 scriptore
800 3984 866 4024 usus
881 3984 958 4042 snm,
977 3984 1040 4024 cum
1059 3963 1179 4023 maxime
1192 3963 1235 4023 vel
1249 3962 1337 4040 dicta,
1360 3962 1404 4024 rel
1418 3976 1491 4044 gesta
1502 3961 1628 4044 Chryso-

65 4052 136 4111 tomi
149 4049 261 4133 aliquid
276 4073 333 4141 prae
344 4074 373 4114 se
385 4056 475 4116 lerunt
487 4056 679 4136 obscuritatis,
692 4056 766 4137 qood
779 4077 842 4118 sanc
850 4056 1012 4139 plerumque
1024 4053 1142 4116 accidit:
1158 4056 1293 4135 fateorque
1302 4070 1390 4116 umen
1401 4077 1445 4115 me
1457 4076 1510 4116 non
1524 4075 1630 4138 semper

64 4146 124 4205 tanti
133 4146 191 4207 riri
200 4146 362 4206 sententiam
375 4149 535 4230 amplexum
551 4169 625 4209 esse:
639 4150 667 4209 in
679 4151 818 4212 nonnullis
829 4151 910 4212 etiam
925 4151 1029 4210 illuma
1042 4161 1114 4210 recta
1125 4152 1169 4210 via
1179 4149 1327 4211 declinasse
1339 4149 1467 4233 comperi.
1476 4153 1547 4212 Cum
1557 4152 1629 4212 enim

64 4237 137 4320 longe
146 4239 215 4322 plus
228 4239 361 4320 temporis
373 4239 400 4300 in
414 4240 548 4321 legendis,
565 4242 662 4303 Latine
675 4244 824 4322 vertendis,
838 4243 1013 4327 explorandis
1029 4244 1215 4325 chrysostomi
1227 4243 1374 4325 operibus,
1393 4264 1475 4322 quam
1495 4244 1551 4319 ille,
1566 4264 1628 4304 con·

63 4335 200 4394 sumserint
215 4330 362 4413 ,peilam
372 4331 549 4415 deprehendi,
560 4335 590 4395 in
599 4335 699 4414 quibus
708 4336 755 4398 ille
767 4338 812 4399 rel
826 4339 854 4398 in
867 4337 997 4419 temporis
1012 4338 1212 4421 supputatione,
1229 4337 1273 4398 vel
1287 4336 1316 4397 in
1330 4357 1419 4397 rerum
1435 4349 1570 4418 gestarum
1584 4359 1630 4398 ra·

62 4428 141 4508 tione,
160 4451 178 4490 a
197 4441 276 4491 recto
297 4428 405 4489 tramite
420 4428 585 4492 deflexerat:
602 4450 686 4512 eaque
697 4431 732 4493 de
743 4454 772 4493 re
786 4434 914 4496 lectorem
931 4433 1092 4514 quandoque
1105 4432 1197 4493 monui
1206 4478 1214 4510 ,
1229 4453 1289 4492 cum
1307 4453 1337 4493 ea
1351 4444 1459 4509 tamen,
1476 4453 1537 4514 qna
1554 4445 1628 4496 tanto

63 4525 112 4586 siro
122 4523 260 4600 debetur,
275 4523 456 4586 observantia.

91 4621 161 4694 Quia
173 4622 204 4681 in
220 4621 275 4680 hac
288 4633 423 4702 pestremo
432 4620 622 4704 Chrysostomi
632 4624 756 4706 Operum
769 4624 927 4688 collectione
936 4626 1003 4695 bene
1016 4625 1101 4686 multa
1113 4637 1190 4698 sunt,
1207 4641 1266 4704 quae
1279 4646 1429 4706 numquam
1443 4626 1531 4687 lucem
1540 4625 1626 4688 ride·

62 4733 110 4778 rant
119 4716 302 4797 5hincetiam
318 4737 373 4778 non
393 4738 478 4799 panca
493 4720 621 4782 hactenus
639 4721 731 4802 ignota
757 4721 892 4783 advitam
907 4722 975 4784 tanti
990 4722 1108 4784 doctoris
1121 4723 1281 4804 pertinentia
1292 4721 1494 4803 decerpsimus,
1510 4725 1629 4784 maxime

62 4810 297 4876 reroexnndecim
307 4810 365 4870 illis
373 4810 501 4873 Homiliis
509 4817 588 4877 novis
601 4815 629 4875 in
642 4816 731 4876 Tomo
741 4815 904 4877 duodecimo
914 4816 1000 4894 cusis,
1013 4836 1073 4895 qua
1081 4815 1118 4877 ad
1129 4814 1270 4875 historiam
1283 4815 1359 4876 illius
1371 4812 1629 4898 temporis'multum

62 4911 204 4983 uoluunt,
219 4907 353 4974 videlicet
366 4929 382 4967 a
396 4923 532 4991 posueras
547 4926 625 4994 parte
645 4913 709 4973 anni
727 4912 787 4975 598
804 4913 939 4995 usquead
953 4912 1099 4974 dimidium
1114 4911 1176 4973 anni
1196 4913 1331 4992 sequentis
1344 4914 1425 4976 599;
1441 4912 1475 4972 de
1488 4934 1542 4991 quo
1556 4927 1627 4974 tem·

61 5008 122 5083 poris
133 5007 219 5088 spatio
229 5008 257 5067 in
271 5005 318 5066 bis
328 5004 585 5087 homiliisquadam
596 5009 749 5071 referuntur
766 5010 835 5071 scitu
851 5009 1011 5091 dignissima
1025 5024 1051 5072 ct
1058 5009 1205 5071 ·'antehac
1198 5023 1308 5092 ignota,
1323 5031 1384 5090 qnae
1395 5009 1468 5091 apud
1481 5010 1548 5071 alios
1560 5012 1628 5072 scri·

62 5105 241 5178 melcoma
251 5121 403 5183 quareret.
418 5103 483 5164 Hac
495 5105 586 5167 omnia
601 5105 629 5165 in
640 5126 671 5167 ea
684 5126 766 5187 quam
778 5089 874 5167 damus
884 5119 968 5167 sancti
960 5105 1097 5169 doctoris
1111 5107 1176 5169 Vita
1186 5120 1310 5167 accurate
1315 5119 1465 5187 ,quantum
1475 5107 1624 5188 potuimus,

64 5194 150 5275 scripto
162 5197 318 5351 oonsigpata
333 5196 471 5277 reperies.

545 5321 1123 5361 Μυσοῦ-..-
