3750 6052
266 420 339 493 306
852 444 1062 497 rrsrrnonu
1089 446 1250 499 rnrnnnrr

111 780 128 824 ιι
143 723 176 825 νηί
187 719 252 824 ''chiis''
758 698 902 782 limam
916 700 1005 761 Hom·
1023 704 1036 761 1
1057 701 1094 762 de
1104 701 1215 784 Spiritu
1228 715 1345 765 coneto.

110 858 209 959 ⁵⁷¹i³i¹
303 933 383 994 necta
397 947 435 994 ειν
449 933 636 1016 chrysostomi
654 933 742 1014 poma
760 933 873 994 nomon
888 934 923 995 ui
937 935 1004 1018 spr—
1098 937 1260 1019 ἰνιγιιινη
1282 946 1329 1001 ατ
1352 941 1543 1021 inomni
1571 944 1606 1003 tx
1635 943 1690 1015 τῆτ
1715 942 1784 1023 ποθ
1805 946 1848 1004 νῦ

109 1040 249 1161 Ππφιομὲ.
261 1026 316 1086 ritu
328 1024 642 1177 τυπείηέιιὲγυὲζιιίιὲιω
657 1024 764 1176 :clipei
776 1025 1004 1178 nepis‚ob(}hptti
1057 1029 1133 1141 ἁγίου
1145 1031 1300 1184 Πμοίμλατος
1319 1032 1427 1115 πρώτης
1447 1034 1563 1114 όμιλίας,
1573 1025 1609 1109 ἥς
1628 1040 1648 1109 ἡ
1664 1035 1768 1153 ἀργή·
1783 1034 1849 1147 xil<

109 1181 131 1222 p*
146 1179 200 1227 ⁷⁹⁷⁸
218 1132 1007 1292 ἃ’1ίίιόιιίὲῐεοτκίεεὲςε,ινόινετῃγῗοινρῗίνςείῖῗόόόιὲειοξίίνῖνιιιὲόίὲί,
1056 1127 1395 1297 ίλμόλόυνῗοόκοίγκρόόγτιίόό,
1404 1126 1848 1300 όθιὲίῗκδόνόόόφῖοτῦννᾶῗᾶλλόωῦῖό

259 1303 344 1364 tentia
360 1315 385 1362 et
400 1302 514 1383 impetu.
535 1302 664 1364 Servatur
683 1317 774 1362 autem
793 1324 846 1364 non
866 1303 974 1364 recessit
989 1325 1005 1362 a
1023 1322 1041 1372 r
1058 1311 1106 1380 εῆς
1116 1305 1184 1375 ἰδίας
1193 1308 1301 1389 γνώμης
1310 1310 1356 1369 καὶ
1364 1314 1460 1391 ὁρμῆς.
1471 1310 1507 1373 ‘0
1517 1311 1546 1373 ῦὶ
1556 1312 1661 1394 Σωτὴρ
1674 1316 1731 1375 οῦκ
1743 1314 1847 1385 ἀπέστη

260 1396 335 1477 lege,
354 1415 404 1455 nec
418 1393 527 1473 reliquit
540 1394 703 1476 prophetas,
717 1393 763 1455 sed
780 1394 907 1469 dicebat,
925 1394 1006 1456 modo
1058 1398 1149 1478 νόμου,
1164 1401 1211 1461 οῦκ
1222 1402 1429 1481 ίγκαταλίλοιπε
1453 1403 1605 1484 προφήτας,
1618 1407 1685 1466 ἀλλ’
1709 1407 1791 1487 ίλνγυ
1804 1411 1847 1466 νῦν

107 1508 193 1551 trouu.
214 1507 249 1553 15.
261 1487 390 1568 quidem,
409 1489 490 1545 Betre
511 1487 628 1547 dicebar
647 1490 744 1548 isaias
750 1511 763 1558 ;
788 1486 868 1548 modo
895 1501 1006 1561 autern,
1059 1491 1125 1570 μίν,
1137 1494 1233 1562 Καλῶς
1249 1485 1459 1574 εἷπενἩσαίας,
1477 1502 1522 1557 νῦν
1539 1495 1576 1570 dl,
1589 1499 1635 1559 Οὔ
1648 1498 1813 1579 γέγραπται
1822 1502 1848 1558 ἐν

107 1582 135 1673 3,,
153 1648 167 1675 n
195 1631 210 1677 8
262 1583 369 1642 Nonne
378 1587 516 1660 scriptum
528 1591 572 1639 est
582 1585 613 1638 in
622 1581 685 1662 lege
695 1587 856 1641 vestraiet
865 1581 1007 1643 innumera
1058 1587 1098 1667 τῷ
1112 1583 1186 1665 νόμῳ
1199 1588 1293 1663 ὑμῶνς
1308 1586 1354 1646 καὶ
1369 1586 1450 1669 μυρία
1463 1594 1583 1650 τοιαῦτα.
1599 1588 1688 1651 Ἐπεὶ
1703 1581 1754 1652 οῦν
1768 1594 1846 1654 utt-

137 1649 175 1676 a'
213 1664 218 1676 ’
261 1670 429 1755 hujusmodi.
456 1671 592 1744 Quoniam
614 1672 698 1752 igitur
717 1672 764 1752 qui
787 1688 849 1733 ante
867 1673 1006 1734 Christum
1060 1676 1147 1745 θόντες
1157 1676 1210 1759 πρό
1222 1680 1341 1761 Χριστοῦ
1355 1679 1441 1740 καὲτό
1455 1680 1731 1764 ίιιυίναυπιριθίνττς
1746 1689 1847 1752 ἑαυτοῖς

262 1778 399 1841 renerent,
405 1779 430 1824 et
442 1762 543 1823 Christi
556 1783 653 1825 nomen
665 1764 717 1824 sibi
729 1764 1050 1855 iraudulenteilimpo-'²⁸³
1060 1770 1213 1852 κακούργως
1226 1769 1321 1848 ὄνομα,
1334 1773 1382 1833 οῦκ
1399 1772 1453 1833 ἀπό
1468 1777 1521 1833 τῶν
1534 1777 1617 1856 ἱερῶν
1637 1777 1778 1857 Γραφιῦν,
1792 1778 1846 1839 ἀλλ’

264 1870 381 1931 onerant,
394 1878 446 1916 non
470 1878 505 1916 ex
518 1856 601 1916 sacris
616 1856 764 1939 Scripturis
775 1903 783 1926 .
796 1857 843 1919 scd
853 1881 885 1919 ex
897 1861 1007 1942 propria
1023 1874 1043 1919 Α
1059 1864 1090 1922 ἐκ
1104 1866 1153 1934 τῆς
1167 1862 1236 1929 ἰδίας
1249 1863 1375 1931 ἀπονοίας
1388 1863 1423 1925 τό
1441 1867 1489 1936 τῆς
1505 1864 1612 1940 πλάνης
1625 1868 1845 1951 πρωῦαλλοντο,

125 1961 197 2007 toan.
213 1958 249 2021 il.
262 1949 388 2010 uecordia
400 1970 503 2009 errores
511 1948 704 2030 proponebant,
716 1950 782 2014 dicit
795 1952 933 2028 Serrator,
942 1955 1007 2034 Ego
1059 1954 1132 2033 λέγει
1148 1959 1163 2014 ὑ
1181 1955 1296 2036 Σωτήρ·
1309 1955 1384 2034 Ἐγὼ
1400 1958 1448 2016 ἀπ’
1458 1960 1575 2035 ίμαυτοῦ
1591 1964 1623 2019 οῦ
1639 1961 1739 2034 λαλῶ,
1755 1960 1846 2044 ὥσπερ

111 2037 146 2071 '⁰'
260 2069 281 2106 α
295 2050 462 2127 memetipso
484 2066 543 2105 non
557 2047 678 2127 loquor,
693 2060 724 2105 nt
738 2046 790 2106 illi.
804 2048 873 2107 Nam
888 2069 904 2108 a
918 2048 1006 2131 seipso
1059 2047 1164 2106 ἐκεῖνον.
1179 2046 1281 2129 Τόγόρ
1294 2049 1338 2128 ἀφ’
1351 2051 1445 2109 ἑαυτοῦ
1457 2050 1605 2124 λαλιῖν,·τό
1617 2049 1674 2122 ἔξω
1694 2056 1753 2113 τῶν
1770 2057 1845 2135 ἱερῶν

260 2137 348 2220 loqui,
362 2155 401 2200 est
414 2154 491 2199 entra
512 2159 600 2199 sacras
615 2139 707 2199 literas
721 2139 806 2219 loqui.
822 2140 904 2213 Quod
916 2155 1007 2203 antem
1060 2140 1173 2220 Γραφῶν
1194 2143 1251 2200 ἐστι
1270 2143 1368 2201 λαλεῖν.
1380 2138 1445 2203 Ὅτι
1466 2141 1495 2201 il
1513 2142 1545 2203 τό
1564 2146 1614 2225 ἀφ’
1630 2149 1734 2206 ἑαυτοῦ
1756 2150 1844 2208 λαλεῖν

259 2256 273 2294 a
297 2234 384 2316 seipso
409 2232 501 2313 loqui,
515 2230 781 2312 pseudochristorum
799 2247 826 2292 et
840 2232 1006 2315 pseudopro·
1058 2232 1255 2314 ψευδογρίστων
1266 2232 1324 2292 ἐστί
1336 2233 1382 2292 καί
1395 2235 1633 2316 ψευδοπροφητῶν,
1646 2226 1729 2318 λέγει
1744 2239 1789 2300 διό
1801 2246 1845 2300 τοῦ

258 2327 401 2409 phetarum
414 2325 459 2397 sit,
472 2324 539 2384 dicit
552 2326 626 2382 Deus
645 2343 693 2403 per
706 2323 864 2405 prophetam
880 2325 1007 2387 Eneebie·
1058 2324 1194 2404 προφήτου
1205 2322 1331 2397 Ἐζεκιὴλ
1347 2328 1363 2384 θ
1377 2324 1458 2394 Θεός·
1477 2328 1539 2386 Οθκ
1556 2328 1715 2391 ἀπέστειλα
1737 2332 1843 2399 αῦεώς·

107 2432 191 2476 itm-t.
212 2420 416 2480 13.lcmrNon
434 2420 500 2476 misi
520 2416 588 2475 iilos
602 2439 612 2478 .·
626 2436 647 2474 a
663 2419 765 2495 seipsis
782 2416 901 2498 loquuti
919 2430 1004 2493 runt,
1059 2419 1104 2497 ἀφ’
1119 2419 1219 2476 ἑαυτῶν
1241 2416 1390 2490 ἐλάλησαν,
1404 2420 1497 2490 ίκτῆς
1510 2421 1622 2498 καρδίας
1643 2425 1743 2483 αὐτῶν
1768 2425 1844 2505 φθέγ-

106 2493 128 2538 3.
141 2497 164 2543 ⁶·
259 2537 296 2575 ex
317 2513 402 2573 corde
419 2530 472 2571 sito
494 2507 586 2567 verba
603 2508 687 2566 dant.
704 2508 776 2577 Quia
789 2508 874 2587 igitur
888 2509 1006 2590 pseudo·
1058 2531 1159 2589 γονται.
1173 2508 1251 2570 Ἐπεί
1265 2499 1310 2569 οῦν
1323 2514 1348 2569 οί
1358 2511 1573 2591 ψευδοπροφῆται
1587 2515 1637 2594 ἀφ’
1652 2517 1764 2576 ἑαυτῶν
1778 2516 1841 2590 ἑκη-

258 2606 397 2689 propheta
414 2622 450 2662 ex
470 2600 565 2681 seipsis
583 2598 784 2681 praedieabnnt,
808 2600 879 2661 hane
897 2601 1005 2662 amoliri
1060 2624 1167 2685 ρυττον,
1178 2601 1277 2675 ταύτην
1300 2603 1480 2680 ἀποδυόμενος
1498 2603 1548 2677 νην
1567 2605 1703 2667 ὑπόνοιαν
1716 2608 1780 2682 (καί
1793 2609 1844 2688 γόρ

210 2739 212 2743 <
260 2697 355 2759 volens
376 2693 578 2775 suspicionem3
599 2690 700 2751 etenim
723 2692 828 2771 ingrata
848 2693 1006 2756 iudaeorum
1059 2694 1202 2775 ίδυοφημει
1217 2695 1247 2754 τό
1265 2695 1409 2776 ἀχάριστον
1426 2699 1479 2755 τῶν
1492 2695 1630 2757 Ἰουδαίων
1647 2699 1843 2769 ἱθνοςπλάνον

260 2789 334 2850 natio
347 2787 464 2867 maligne
477 2783 584 2844 dicebat
603 2783 693 2865 ipsum
709 2783 878 2873 seductorem
892 2807 965 2864 erse,
981 2803 1006 2851 et
1023 2807 1040 2854 n
1059 2787 1150 2861 αὑτόν,
1171 2788 1215 2846 καί
1232 2791 1334 2866 πλανᾷν
1358 2787 1402 2847 τόν
1417 2786 1547 2866 κόσμονλ·
1565 2788 1611 2850 διό
1637 2797 1725 2853 τοῦτο
1739 2793 1842 2873 ἑλεγεν·

261 2882 396 2944 mundum
409 2880 437 2939 in
450 2898 567 2938 errorem
582 2876 723 2952 inducere;
737 2875 798 2945 idco
813 2878 920 2939 dicebat
937 2880 983 2941 ille
997 2907 1004 2940 ε
1058 2875 1132 2956 Ἐγὼ
1145 2870 1190 2937 ἀπ’
1204 2881 1317 2956 ἐμαυτοῦ
1332 2883 1361 2938 οὐ
1373 2880 1456 2953 λαλῶ,
1471 2882 1530 2941 ἀλλ’
1542 2880 1597 2941 ἀπό
1606 2881 1708 2962 νόμον,
1725 2887 1782 2946 ἀπό
1791 2890 1842 2945 τῶν

264 2981 329 3058 Ego
345 2998 365 3035 a
387 2975 554 3052 memetipso
577 2992 637 3030 non
657 2972 774 3052 loquor,
797 2971 877 3031 seda
896 2973 966 3052 lege,
990 2997 1007 3034 a
1058 2969 1297 3048 προφητῶνὍσα
1311 2970 1500 3053 ἤκουσαπαρό
1513 2976 1559 3032 τοῦ
1574 2974 1702 3057 Πατρός,
1718 2978 1843 3059 ίννόμφν,

107 3084 177 3126 νυνι.
201 3079 236 3125 15.
264 3067 403 3152 prophetis
415 3091 422 3123 ε
436 3068 632 3145 Qrtrecumque
643 3064 746 3124 audivi
756 3085 777 3123 a
790 3066 891 3139 Patre,
902 3064 930 3123 in
939 3066 1006 3146 lege,
1059 3063 1086 3119 ίν
1101 3061 1249 3142 προφήταις
1263 3066 1308 3134 (ἐκ
1323 3060 1466 3144 προσώπου
1477 3062 1505 3122 δὲ
1516 3069 1564 3137 τῆς
1575 3065 1680 3145 σαρκός
1696 3076 1784 3130 ταῦτα
1797 3070 1842 3128 λέ.

112 3144 176 3190 ¹⁵'⁰²
185 3146 250 3203 ⁸44·
262 3163 290 3222 in
305 3159 444 3243 prophetis
462 3162 514 3232 (ex
532 3177 644 3238 persona
658 3156 747 3217 carnis
762 3156 819 3216 haec
834 3157 917 3233 dicit,
937 3173 964 3219 et
977 3173 1008 3219 ut
1059 3180 1110 3236 γει,
1120 3154 1166 3214 καὶ
1178 3158 1214 3224 εἰς
1225 3153 1342 3213 διάλυσιν
1354 3158 1402 3226 τῆς
1412 3156 1590 3228 ῦυσσεόοὺοης
1599 3159 1759 3240 ὑπονοίας)·
1769 3166 1842 3240 ὑγιεῖς

261 3255 374 3336 impiam
384 3250 564 3333 suspicionem
575 3249 688 3327 tollat);
700 3270 748 3312 vos
757 3271 821 3310 vero
829 3272 1008 3332 quecumque
1059 3247 1103 3319 όὲ,
1119 3247 1169 3309 όοα
1188 3245 1320 3319 ἠκούσατε
1341 3246 1415 3327 παρόν
1431 3254 1477 3308 τοῦ
1491 3246 1592 3330 πατρός
1611 3252 1694 3328 ὑμῶν
1713 3258 1763 3312 τῶ
1787 3255 1843 3312 δη.

260 3348 375 3410 audistis
391 3369 407 3406 a
423 3359 499 3428 patre
512 3357 601 3403 vestro
614 3341 733 3402 diabolo.
750 3345 819 3418 Quae
836 3345 906 3404 enim
922 3346 1006 3427 patris
1059 3342 1146 3403 θόλου.
1160 3341 1203 3401 Τό
1219 3339 1270 3421 γὰρ
1283 3344 1328 3399 τοῦ
1342 3339 1442 3421 πατρός
1453 3342 1549 3422 κλῆρος
1560 3340 1668 3419 γίνεται
1682 3352 1740 3413 τοῖς
1753 3348 1842 3407 παισί·

259 3457 339 3519 sunt,
358 3462 416 3501 sors
435 3450 498 3498 sunt
512 3435 648 3509 filiorn1n;
668 3449 694 3493 et
713 3433 773 3494 ideo
790 3456 849 3513 quae
863 3435 897 3495 ad
917 3437 1006 3518 ipsum
1058 3434 1105 3494 καλ
1122 3432 1165 3493 διό
1187 3438 1264 3490 τοῦτο
1283 3431 1317 3492 τὰ
1339 3430 1439 3491 ἐκείνου
1457 3431 1558 3510 γίνεται
1575 3437 1629 3493 τῶν
1652 3437 1841 3518 κληρονόμων·

260 3534 393 3616 pertinent
410 3527 556 3588 heredibus
576 3526 724 3585 obveniunt
742 3551 749 3583 ι
764 3527 801 3586 ita
820 3541 849 3586 ut
866 3527 913 3587 hie
935 3527 1006 3587 idern
1058 3530 1094 3593 ὡς
1109 3527 1165 3585 ίσον
1180 3527 1292 3583 ἐνταῦθα
1307 3529 1479 3604 καθορᾶσθαι,
1493 3524 1540 3584 καλ
1552 3527 1590 3592 ελς
1603 3527 1709 3591 ταῦτόν
1724 3530 1842 3590 συνιέναι

260 3647 317 3685 esse
334 3622 459 3683 videatur
472 3633 498 3677 et
512 3615 605 3677 eodeni
619 3617 748 3693 recidere,
764 3639 799 3677 ex
814 3620 903 3699 seipso
922 3618 1006 3696 loqui,
1058 3619 1088 3678 τό
1101 3618 1128 3687 ἐξ
1143 3621 1242 3676 ἑαυτῶν
1256 3617 1346 3676 λαλεῖν
1359 3616 1404 3675 καί
1423 3616 1454 3676 τό
1468 3620 1498 3678 ἐκ
1510 3623 1557 3676 τοῦ
1570 3619 1678 3700 πατρός
1693 3624 1784 3683 αὐτῶν
1797 3629 1841 3682 ταῦ

261 3731 287 3776 et
307 3713 383 3791 loqui
402 3732 436 3770 en
455 3724 531 3790 patre
543 3707 661 3768 diabolo.
676 3707 916 3781 Quemadmodum
931 3708 1040 3776 Chri-c
1059 3709 1182 3770 διαῦολου
1202 3710 1302 3768 λαλεῖν.
1317 3706 1424 3790 Ὥσπερ
1444 3712 1459 3767 ὑ
1482 3708 1596 3790 Χριστός
1618 3711 1711 3773 utus
1737 3715 1841 3795 ἐγένετο

262 3820 320 3865 stus
334 3803 443 3863 veniens
455 3801 541 3859 iactus
555 3813 596 3858 est
610 3798 750 3879 plenitudo
766 3799 833 3878 legis
847 3813 872 3859 et
887 3799 1006 3881 prophe·
1060 3802 1194 3884 πλήρωμα
1205 3799 1286 3878 νόμου
1301 3800 1346 3859 καλ
1362 3801 1524 3880 προφητῶν,
1535 3799 1605 3861 οὕτω
1617 3803 1669 3863 καὶ
1682 3805 1715 3864 τό
1728 3806 1840 3885 Πνεῦμα

263 3913 371 3970 torum,
398 3894 437 3954 sic
456 3907 483 3952 et
501 3891 621 3973 Spiritus
641 3890 782 3972 plenitudo
804 3906 843 3951 est
864 3893 1006 3973 evangelii.
1060 3896 1194 3976 πλήρωμα
1206 3900 1252 3954 τοῦ
1273 3893 1434 3972 εὐαγγελίου.
1450 3893 1565 3972 Χριστός
1585 3893 1672 3954 ἐλθὼν
1694 3896 1840 3959 licinium

256 3989 388 4069 ¹Christus
399 3986 507 4048 veniens
518 3983 690 4044 confirmavit
702 4006 732 4044 ea
744 4006 831 4063 quaea
847 3987 925 4046 Patre
934 3986 1006 4046 dieta
1060 3986 1094 4047 τό
1111 3986 1184 4066 παρὰ
1199 3991 1244 4045 τοῦ
1262 3983 1367 4066 Πατρός
1381 3987 1407 4043 ίν
1423 3987 1462 4064 τῷ
1473 3984 1547 4066 νόμῳ
1563 3985 1697 4065 είρημίνα
1714 3989 1765 4050 καὶ
1779 4014 1840 4072 τρο

262 4087 368 4145 lucrant
386 4081 413 4140 in
438 4079 495 4159 lege
516 4091 542 4137 et
563 4075 700 4157 prophetis
723 4101 730 4136 ε
752 4091 916 4158 quopropter
939 4078 1007 4139 dicit
1061 4079 1164 4162 φηταις·
1180 4078 1220 4138 διὸ
1237 4078 1283 4138 καὶ
1298 4081 1370 4157 λέγει
1387 4079 1504 4152 Παῦλος,
1515 4079 1661 4159 Πληρονμα
1673 4081 1762 4161 νόμον
1777 4085 1840 4164 Χρι·

113 4182 252 4246 nomio-4.
264 4175 365 4237 Paulus
387 4200 396 4235 ε
417 4170 577 4232 Plenitudo
600 4169 671 4249 legis
694 4170 828 4228 Christus
853 4194 862 4227 .·
887 4169 1008 4252 Spiritus
1061 4172 1129 4241 οτός·
1141 4172 1171 4231 τό
1182 4174 1294 4248 Πνεῦμα
1307 4171 1338 4230 τό
1351 4171 1426 4250 ἅγιον
1451 4171 1573 4245 ἐπελθόν,
1584 4171 1729 4253 ίπλήριυοα
1745 4175 1784 4237 τό
1796 4180 1840 4237 τοῦ

264 4282 371 4332 sanctus
391 4265 502 4326 ueniens
518 4260 643 4343 implevit
658 4282 688 4319 ea
706 4282 768 4340 quae
783 4275 846 4321 sunt
861 4261 1005 4341 evangelii.
1061 4262 1221 4344 εὐαγγελίου.
1235 4262 1311 4323 Ὅσα
1324 4262 1394 4322 ίστθν
1415 4265 1442 4323 όν
1460 4266 1492 4341 τῇ
1507 4268 1553 4322 τοῦ
1571 4263 1692 4344 Χριστοῦ
1708 4265 1838 4328 διδασκα-

264 4367 447 4439 Quacumque
455 4370 517 4417 sunt
527 4354 555 4415 in
567 4352 668 4413 Christi
680 4352 802 4414 doctrina
815 4400 825 4432 ‚
838 4355 933 4436 implet
944 4354 1008 4437 spi·
1060 4355 1120 4437 λίμ,
1130 4355 1161 4414 τό
1174 4356 1284 4433 Πνεῦμα
1298 4357 1404 4467 πληροῖ·
1419 4353 1468 4414 ὅσα
1480 4358 1507 4414 ἑν
1519 4357 1553 4433 τῇ
1567 4358 1613 4414 τοῦ
1627 4353 1729 4434 νόμον,
1742 4362 1760 4418 θ
1773 4360 1840 4438 Χρι-

269 4456 338 4514 ritus
353 4468 474 4523 sanetns3
489 4468 665 4528 quercumque
678 4462 768 4508 autern
783 4447 811 4506 in
823 4448 884 4529 lege
892 4493 902 4525 ‚
923 4448 1008 4508 Chri·
1061 4446 1131 4515 οτός·
1145 4451 1195 4527 οὐχ
1208 4450 1243 4514 ὡς
1257 4447 1363 4512 ἀτελους
1380 4444 1453 4513 ὄντος
1466 4450 1512 4504 τοῦ
1527 4445 1650 4526 Πατρός,
1665 4450 1728 4509 ἀλλ’
1740 4454 1780 4519 ὡς
1794 4454 1840 4530 ξρ-

264 4560 341 4606 atus:
358 4564 410 4603 non
428 4541 500 4622 quod
513 4543 593 4600 Pater
603 4534 642 4599 'sir
654 4538 843 4621 imperfectus,
857 4539 903 4601 sed
916 4552 947 4599 nt
960 4541 1006 4599 in·
1063 4539 1193 4622 μηνευτλς
1210 4543 1263 4598 τῶν
1284 4543 1329 4597 τοῦ
1350 4538 1456 4617 Πατρός
1477 4538 1523 4598 καὶ
1539 4539 1695 4612 τιλιιαντνίς.
1715 4541 1840 4604 oiim&

264 4651 367 4719 terprcs
386 4649 412 4695 ct
430 4634 562 4715 perfector
576 4653 669 4692 eorum
687 4654 745 4711 quae
759 4621 825 4695 lunt
842 4633 941 4695 Panis.
961 4632 1008 4694 Sic
1061 4632 1107 4694 καί
1121 4635 1233 4712 Πνεῦμα
1247 4630 1434 4710 &conopeium
1448 4632 1583 4710 διατρανοῑ
1596 4629 1632 4691 τὲ
1645 4639 1694 4695 τοῦ
1706 4634 1788 4696 Υίοῦ·
1797 4631 1841 4695 καὶ

264 4744 355 4790 autern
374 4727 492 4809 Spiritus
513 4725 631 4807 explicat
645 4739 670 4785 et
687 4725 806 4789 declarat
823 4748 853 4786 ea
872 4748 933 4806 quae
945 4741 1007 4786 sunt
1024 4741 1043 4787 n
1061 4724 1113 4805 γάρ
1132 4748 1210 4804 φησι,
1224 4722 1319 4783 Πολλὰ
1333 4723 1387 4802 ἔχω
1404 4726 1465 4800 ὑμῖν
1483 4725 1592 4796 λαλεῖν,
1608 4723 1713 4784 ίλλόθ
1730 4726 1840 4787 δόναοθν

127 4860 180 4886 νην.
202 4855 208 4884 ι
230 4873 236 4886 .
264 4822 330 4883 Filii
349 4841 434 4881 :nam
453 4817 541 4877 dicit:
558 4817 657 4876 Multo
677 4819 770 4880 habeo
789 4823 876 4880 vohis
895 4820 1007 4890 dicere,
1063 4816 1202 4896 βαστάζειν
1216 4816 1291 4896 ἄρτι·
1308 4815 1370 4876 όταν
1387 4815 1414 4876 δὲ
1435 4815 1499 4895 ἔλθη
1513 4815 1544 4874 τό
1565 4816 1680 4893 Πνεῦμα
1695 4816 1729 4877 τό
1751 4819 1841 4898 ἅγιον,

114 4917 152 4948 ¹²·
198 4936 203 4950 ·
264 4917 319 4977 sed
326 4937 385 4975 non
394 4914 513 4994 potestis
519 4923 638 4992 portare
648 4913 833 4972 modorcum
845 4926 944 4983 autem
956 4933 1008 4970 oe·
1061 4908 1188 4987 ὁδηγήσει
1198 4914 1266 4985 ὑμᾶς
1275 4911 1312 4974 εἰς
1323 4918 1411 4967 πᾶσαν
1424 4905 1473 4979 τόν
1487 4907 1621 4981 ἀλήθειαν,
1631 4907 1680 4967 καλ
1693 4907 1840 4983 ὑξῆς.”οτι

264 5014 340 5069 norit
362 5008 485 5088 Spiritus
508 5016 644 5080 sanctus,
662 5003 746 5062 ducet
765 5025 820 5064 vos
839 5011 870 5063 in
891 5026 1006 5064 omnem
1063 5004 1107 5081 ἀφ’
1123 5005 1215 5061 ἑαυτοῦ
1230 5002 1258 5059 οὐ
1272 5002 1358 5059 λαλεῖ·
1374 5003 1403 5060 οὐ
1416 4999 1469 5080 γὰρ
1483 4998 1688 5079 ἀντιφθέγγεται
1700 5005 1742 5083 τῷ
1763 5005 1839 5085 lte»,

262 5104 427 5170 veritatem,
438 5111 507 5155 etc.»
520 5093 627 5168 Quodn
641 5094 728 5175 seipso
738 5114 790 5155 non
803 5095 1003 5174 loquitnr;non
1064 5096 1123 5153 ἀλλ’
1142 5094 1290 5170 ἀναπληροῖ
1309 5093 1343 5151 τό
1357 5098 1403 5152 τοῦ
1425 5093 1504 5165 iton,
1519 5092 1578 5150 καθ’
1592 5090 1621 5150 ὃν
1634 5093 1739 5172 τρόπον
1752 5099 1768 5154 ὁ
1780 5097 1841 5162 lli<

261 5193 333 5249 enim
347 5187 506 5250 contradicit
523 5186 605 5261 Filio,
622 5184 668 5245 sed
682 5185 810 5265 adimplet
825 5209 854 5246 ea
869 5208 928 5266 quae
942 5203 1004 5247 sunt
1061 5184 1094 5245 τό
1106 5193 1151 5246 τοῦ
1164 5184 1279 5265 Πατρός.
1292 5184 1356 5244 Ὅτι
1368 5186 1395 5242 ἐν
1406 5183 1489 5265 τούτῳ
1499 5186 1537 5264 τῷ
1549 5183 1620 5265 λόγῳ
1633 5185 1763 5264 εὑρήσεις
1776 5188 1840 5268 πρός

262 5283 338 5360 Filii,
349 5296 379 5341 nt
393 5296 419 5341 et
430 5278 554 5342 Filiusea
570 5298 629 5356 quar
641 5291 703 5337 sunt
712 5275 830 5338 Patris.»
841 5278 873 5337 ln
886 5277 940 5338 fine
950 5279 1001 5338 hu·
1060 5283 1099 5359 τῷ
1113 5277 1192 5354 τελει,
1204 5276 1349 5345 δεικνύντος
1362 5283 1408 5336 τοῦ
1421 5274 1622 5356 Χρυσοοτόμω,
1635 5276 1680 5338 ότι
1691 5283 1710 5352 ἡ
1721 5284 1840 5342 ἀποσεσ-
