3750 6052
287 639 353 729 140
777 665 808 709 s.
835 662 978 713 ioannis
1002 664 1236 711 crtersosrom
1264 663 1364 727 virs,

282 784 441 864 internosci,
454 786 683 865 quemadmodum
698 802 725 849 et
739 788 916 869 praeoedeotes
926 788 988 847 aliar
1000 788 1028 848 in
1083 789 1173 847 lorum
1196 788 1295 847 babent
1312 836 1321 867 ,
1343 804 1440 871 putant
1460 768 1584 871 quidard
1595 792 1783 855 oracionibus
1807 794 1841 857 de

283 880 415 937 Actorum
434 878 647 960 inscriptionem.
662 881 772 953 Quanto
785 894 874 940 autem
896 879 925 939 id
945 881 1028 941 lecto·
1082 882 1241 941 Poeniteotia
1254 881 1441 962 adjungendas
1454 906 1511 944 esse
1524 908 1534 943 r
1547 898 1587 962 at,
1600 899 1630 945 nt
1654 906 1706 946 suo
1719 888 1786 949 loeo
1796 890 1841 950 di·

282 992 345 1031 rum
357 970 499 1054 dispendio
510 973 756 1049 acciderit,norunt
769 975 799 1045 ii,
811 974 857 1053 qui
868 973 912 1034 vel
926 974 1028 1055 primo·
1082 976 1165 1049 citur,
1174 998 1237 1036 cum
1253 976 1309 1036 illis
1321 978 1458 1037 cohaerere
1471 1000 1549 1061 posse
1561 999 1615 1040 non
1624 979 1774 1043 videntur.

281 1062 358 1123 ribus
369 1063 454 1124 labris
465 1084 524 1125 rem
536 1065 745 1126 eeclesiasticam
768 1065 916 1126 literarium
929 1065 1028 1145 attiqe-
1121 1068 1190 1129 Tres
1201 1084 1340 1149 sequentes
1350 1066 1583 1153 homiliaemetspe
1594 1072 1729 1155 septima,
1740 1090 1838 1138 oetam

281 1169 354 1215 runt.
1079 1174 1106 1220 et
1121 1182 1190 1221 nona
1202 1206 1211 1236 ,
1224 1182 1277 1221 non
1291 1184 1370 1243 pares
1383 1163 1556 1242 γνησιόητος
1572 1178 1652 1225 notas
1666 1188 1729 1247 pra·
1751 1190 1784 1229 se
1801 1172 1837 1231 ie·

128 1264 232 1309 tremiti.
243 1264 272 1307 ua
320 1249 454 1309 llnmilias
467 1250 502 1309 de
516 1250 675 1311 Paenitentia
689 1264 750 1333 post
769 1270 871 1311 annum
889 1250 948 1309 1195
963 1269 1026 1311 etim
1080 1268 1153 1312 runt.
1166 1254 1263 1335 Stylus
1277 1274 1294 1313 a
1307 1254 1494 1335 chrysostomi
1509 1256 1646 1335 elegantia
1663 1276 1723 1319 nort
1737 1282 1837 1339 parum

128 1328 270 1371 Poe'lm‘l‘·
281 1340 457 1401 Tillemontio
477 1364 513 1401 ex
536 1344 590 1405 levi
609 1345 763 1425 conjectura
786 1343 920 1423 ponimus.
936 1342 1025 1401 Tanta
1079 1344 1188 1405 recedit.
1197 1346 1380 1419 Quamobrem
1395 1365 1449 1405 oon
1462 1346 1520 1406 sine
1533 1346 1627 1426 aliquo
1641 1352 1783 1431 scrupulo
1794 1376 1836 1415 eas

127 1440 267 1504 rapam.
278 1447 369 1493 autem
378 1448 419 1493 est
432 1435 459 1493 in
474 1456 566 1495 eorum
578 1435 675 1495 ordine
688 1436 867 1517 perturbatio,
881 1434 1026 1494 utdiffici-
1079 1438 1150 1497 inter
1171 1458 1298 1517 germana
1319 1438 1506 1519 Chrysostomi
1523 1459 1604 1521 opera
1619 1440 1814 1523 relinquimus
1824 1470 1832 1523 ς
1842 1468 1872 1509 ut

280 1527 353 1586 lesit
368 1526 459 1586 dicere
474 1548 535 1606 quae
549 1528 649 1609 prima,
664 1548 724 1607 quae
734 1526 860 1599 secunda,
874 1524 1025 1606 quatertia
1080 1548 1129 1587 nec
1152 1531 1293 1589 tamenab
1315 1528 1370 1589 illis
1390 1530 1569 1610 sejungendas
1591 1554 1652 1593 esse
1673 1532 1833 1615 duximus,

278 1619 373 1681 habita
388 1621 480 1679 fuerit.
491 1618 545 1679 Sed
563 1620 599 1679 ad
613 1621 750 1680 hinnitum
769 1621 796 1679 io
813 1620 920 1679 easdem
933 1618 1024 1678 mitti·
1080 1622 1220 1702 quoniam,
1235 1636 1264 1681 ut
1274 1623 1332 1702 jam
1345 1621 1412 1681 alibi
1427 1624 1597 1698 mouerimus,
1611 1625 1773 1689 indicendi
1789 1652 1835 1713 ge·

280 1736 352 1789 mus,
366 1715 415 1775 nbi
432 1714 491 1775 hac
503 1736 554 1796 pm
560 1716 689 1775 facultate
705 1716 892 1775 discussimus.
905 1714 1023 1775 llomilia
1079 1736 1142 1773 nere
1161 1735 1213 1773 non
1227 1737 1334 1797 semper
1347 1714 1400 1775 sibi
1412 1728 1515 1775 constat
1527 1716 1679 1780 S.doctnr.
1698 1722 1780 1783 Alias
1795 1724 1836 1783 in-

281 1821 369 1869 tamen
390 1821 505 1891 quarta,
520 1808 597 1888 eujus
618 1808 727 1867 initium
743 1813 768 1868 οἱ
782 1810 905 1886 ποιμένες
914 1808 948 1868 rh
961 1806 1025 1889 πρό·
1078 1824 1160 1887 super
1172 1792 1358 1887 (ih‘iysostomi
1371 1806 1405 1865 de
1416 1808 1577 1867 Poeuitentia
1590 1810 1728 1871 homilias
1749 1813 1836 1875 babe-

280 1897 430 1976 6ere‚jure
441 1910 544 1975 quartae
558 1897 665 1957 nornine
674 1895 820 1975 insignitur
835 1921 842 1952 ε
856 1895 1025 1975 quandoqui-
1079 1918 1156 1971 mus,
1168 1918 1236 1976 quas
1247 1913 1342 1981 utpote
1355 1900 1461 1979 spurias
1473 1898 1503 1961 in
1516 1900 1710 1983 Appendieem
1723 1904 1835 1987 ablega-

262 1988 342 2048 ·dem
355 1989 565 2069 Chrysnstomus
577 1988 655 2050 initio
669 1988 738 2048 dicit
748 1991 840 2068 sejam
853 2002 948 2067 quarta
961 1988 1020 2047 rice
1079 1988 1180 2049 vimus.

279 2095 306 2141 et
317 2080 362 2141 die
375 2076 409 2141 de
419 2081 573 2163 poenitentia
583 2080 730 2161 ageresed
738 2104 803 2141 eave
816 2094 895 2161 piues
907 2079 1023 2160 perinde
1118 2084 1276 2143 innumeras
1287 2084 1437 2145 Antiochia
1447 2084 1543 2145 babuit
1551 2086 1700 2149 conciones
1711 2090 1834 2173 Chryso-

279 2190 382 2237 certnm
396 2198 452 2237 esse
464 2198 533 2247 eam,
544 2192 597 2237 tres
606 2177 666 2236 illas
677 2199 745 2257 quas
756 2176 860 2259 priores
870 2177 1021 2257 posuimus,
1078 2189 1191 2245 stemus,
1207 2198 1323 2255 quarum
1336 2196 1433 2255 magna
1447 2198 1511 2259 pars
1531 2180 1605 2241 edita
1617 2182 1686 2259 tois,
1708 2198 1739 2243 et
1760 2206 1834 2245 nore

278 2285 326 2330 aut
339 2271 458 2349 aliquam
472 2291 507 2329 ex
521 2270 576 2330 illis
596 2284 737 2349 serqumam
758 2292 824 2330 esse.
847 2269 963 2329 Planum
983 2282 1024 2329 est
1079 2267 1369 2330 interdumatenebris
1378 2284 1520 2333 eruuntur.
1534 2272 1580 2333 Ex
1590 2272 1678 2335 editis
1690 2298 1762 2337 uere
1772 2299 1833 2357 qua·

278 2376 417 2439 tres,ante
432 2363 503 2423 banc
516 2377 640 2441 quartam
655 2364 711 2439 ,de
724 2363 881 2445 poenitentia
896 2362 1024 2423 homilias
1079 2362 1205 2421 rumdam
1224 2384 1325 2423 annum
1343 2386 1397 2443 que
1415 2364 1494 2423 dicta·
1511 2366 1623 2426 inerunt
1642 2366 1832 2431 indicarimus

277 2452 363 2515 dictas
377 2455 472 2531 luisse,
482 2454 528 2515 sed
542 2455 626 2514 hasne
640 2468 702 2527 tres,
708 2477 775 2534 quos
788 2453 979 2535 praemisimus,
987 2474 1023 2513 an
1077 2452 1120 2509 vel
1133 2472 1168 2511 ex
1180 2452 1260 2511 certis
1273 2452 1353 2526 uotis,
1364 2452 1408 2511 rel
1423 2474 1458 2513 ex
1469 2454 1624 2533 conjectura
1639 2469 1756 2519 tantum
1766 2482 1775 2517 r
1785 2480 1832 2519 ea·

276 2547 353 2621 alias,
368 2548 492 2627 ignotum
502 2568 615 2627 prorsus
625 2561 675 2609 est.
693 2547 844 2605 Antiochiae
856 2559 947 2605 autern
958 2568 1022 2627 pro-
1076 2555 1195 2603 terarum
1213 2558 1313 2617 autem,
1332 2566 1396 2623 quae
1414 2546 1493 2625 longe
1507 2547 1604 2627 majori
1618 2568 1747 2633 pumero
1761 2568 1830 2629 suat,

277 2641 427 2699 nuntiatam
455 2639 539 2698 tuisse
566 2636 681 2698 suadent
703 2639 763 2698 hec
786 2638 870 2697 rerba
892 2642 1022 2697 nomm
1077 2658 1177 2697 annum
1193 2660 1227 2698 ne
1242 2638 1397 2719 conjectum
1417 2638 1529 2717 quidem
1539 2640 1650 2719 assequi
1667 2664 1829 2725 munus.

278 2724 294 2787 ir
316 2729 549 2808 Quandoquidem
569 2750 618 2789 nos
640 2750 702 2789 eum
727 2729 952 2809 exagitabamur,
974 2750 1023 2788 ve·
1078 2727 1174 2785 Dubis
1187 2748 1269 2807 porro
1275 2728 1332 2808 jam
1347 2728 1481 2807 agendum
1492 2728 1634 2789 nobisest.

278 2824 337 2883 aati
351 2824 422 2883 fame
433 2868 442 2899 ,
454 2836 545 2904 peste,
560 2821 706 2903 grandine,
716 2822 836 2883 siccitate
846 2866 854 2897 ,
866 2820 998 2881 incendiis
1011 2868 1021 2897 ,
1118 2820 1155 2881 Et
1170 2820 1378 2900 primoquidem
1391 2820 1425 2881 de
1435 2821 1513 2880 Petili
1523 2822 1656 2883 encomiis
1667 2844 1722 2885 seu
1737 2838 1872 2889 serasera

278 2914 397 2975 bostium
413 2914 582 2989 incursione,
596 2935 683 2974 nonne
693 2914 816 2994 quotidie
829 2912 939 2973 ecclesie
951 2914 1024 2973 mul·
1078 2915 1157 2974 nibus
1172 2927 1286 2993 septem,
1299 2934 1368 2991 quos
1380 2914 1491 2973 oanninn
1504 2934 1659 2976 memorare
1678 2918 1798 2981 videtur
1807 2921 1832 2979 io

278 3006 394 3068 titudine
407 3006 624 3067 convenientium
638 3007 930 3086 angustabaturl......
945 3010 1024 3065 Post·
1078 3006 1196 3064 llnmilia
1209 3006 1236 3065 iu
1245 3005 1392 3081 Kalendas,
1398 3006 1446 3065 ubi
1457 3007 1497 3066 sie
1509 3006 1591 3067 habet
1602 3010 1694 3090 paulo
1705 3028 1774 3095 post
1783 3014 1832 3073 ini·

279 3120 361 3177 quam
371 3114 460 3159 autem
470 3101 543 3159 Deus
554 3099 622 3158 iram
630 3098 764 3179 deposuit,
775 3113 855 3177 atque
865 3110 925 3179 post
934 3110 1022 3159 tantus
1079 3098 1157 3157 tium.
1170 3122 1186 3153 a
1201 3101 1295 3178 Nuper
1308 3098 1401 3177 igitur,
1413 3118 1475 3157 cum
1488 3098 1597 3159 beatum
1613 3102 1744 3165 Paulum
1757 3118 1872 3167 uentu.

278 3190 377 3251 lluctns
388 3190 535 3272 procellam
549 3191 650 3271 abegit,
664 3192 700 3250 ad
713 3192 842 3273 pristinos
856 3192 954 3250 iterum
964 3212 1023 3251 mo-
1078 3191 1140 3251 miis
1158 3192 1365 3265 celebraremus,
1385 3192 1424 3251 sic
1434 3192 1636 3269 exsultavistis,
1650 3217 1686 3257 ae
1704 3200 1730 3259 ai
1746 3197 1853 3283 ipsum''

277 3305 320 3343 ras
335 3285 436 3344 reversi
450 3304 551 3343 sumus.
564 3285 647 3361 Atqui
660 3284 687 3343 in
699 3284 758 3364 ipse
768 3284 946 3343 tentationum
957 3296 1024 3343 tem·
1078 3300 1235 3367 praesentem
1248 3285 1384 3345 vidissetis
1386 3328 1448 3345 .....
1460 3284 1595 3345 Volebam
1607 3292 1754 3353 autentin
1766 3294 1832 3354 idem

278 3400 344 3460 pore
357 3380 414 3439 hac
425 3377 572 3460 pnraedicere
582 3392 610 3438 et
619 3379 757 3438 testificari
767 3400 820 3439 non
831 3377 1025 3440 desistebam.»
1077 3392 1265 3459 argumentum
1280 3376 1361 3437 bodie
1372 3376 1551 3452 descendere;
1564 3380 1613 3441 aei
1629 3382 1669 3443 ad
1683 3386 1747 3447 alia
1759 3410 1832 3469 qua·

280 3470 332 3530 llic
343 3469 453 3551 longam
466 3470 649 3539 calamitatum
662 3474 759 3531 seriem
774 3486 916 3549 memorat,
923 3470 1023 3550 quibua
1077 3474 1155 3546 dam,
1173 3494 1233 3551 qum
1251 3473 1338 3551 magis
1356 3486 1465 3551 urgent,
1486 3474 1573 3533 oratio
1586 3488 1685 3537 nostra
1702 3484 1832 3561 provebi-

277 3584 395 3645 ptresens
408 3564 466 3646 ipse
484 3578 556 3640 erat,
568 3577 593 3623 et
610 3563 838 3624 concionabatur:
850 3584 910 3642 quae
930 3564 1022 3624 omnia
1077 3582 1140 3641 tur;
1151 3566 1179 3625 in
1194 3566 1321 3644 quibusa
1336 3578 1391 3624 tota
1404 3564 1488 3625 hodie
1499 3565 1608 3625 ciuitate
1623 3574 1832 3649 procurans„

278 3658 382 3717 nonnisi
393 3656 429 3717 ad
440 3671 558 3737 tempus.
571 3678 625 3735 quo
641 3656 790 3715 Antiochiae
800 3657 942 3738 presbyter
954 3670 1022 3731 erat,
1076 3659 1160 3731 enim,
1179 3659 1228 3737 qui
1247 3656 1367 3717 encomia
1389 3657 1468 3716 Pauli
1486 3656 1583 3717 audire
1602 3660 1746 3741 cupiunt,
1761 3668 1833 3749 prius

277 3750 409 3828 quadrare
430 3763 549 3829 possunt.
565 3748 690 3808 Hostium
709 3770 774 3807 vern
797 3750 920 3809 incursus
945 3762 1022 3830 putot
1076 3749 1186 3807 virtutis
1199 3748 1279 3807 Pauli
1294 3749 1404 3809 emulos
1417 3762 1603 3829 susceptoria,
1625 3766 1655 3811 et
1669 3752 1832 3837 hujumodi

278 3840 470 3903 Tillementius
493 3862 550 3899 esse
563 3840 730 3899 invasionem
747 3840 823 3899 illam
845 3842 1022 3915 Hunnorum,
1077 3840 1342 3919 concionedignos.o
1356 3841 1408 3901 llic
1421 3840 1498 3901 vides
1511 3842 1661 3905 conciones
1672 3846 1707 3907 iu
1716 3850 1829 3911 Paulum

278 3954 338 4010 quar
349 3952 420 3992 anno
434 3935 492 3992 595
511 3932 623 4010 contigit
637 3955 645 3988 r
659 3930 732 4008 qnod
747 3946 788 3991 sat
801 3933 912 4010 quidem
925 3930 1023 3991 verisi-
1079 3945 1137 3989 tum
1150 3932 1214 4011 jam·
1222 3931 1339 4004 habitas,
1359 3946 1417 3992 tum
1437 3932 1653 4014 posthabendas
1667 3932 1871 4039 murmurari&

277 4025 344 4083 mile
358 4023 476 4084 videtur.
487 4026 526 4084 Ut
541 4038 571 4083 ut
590 4044 655 4083 vero
669 4036 731 4093 est,
748 4024 818 4081 banc
842 4024 869 4081 in
888 4022 1022 4093 ultimos,
1078 4044 1191 4102 quartum
1208 4040 1397 4104 argumentum
1410 4038 1485 4084 erant
1499 4026 1622 4087 encomia
1634 4032 1733 4097 Pauli.
1745 4034 1784 4095 Et
1794 4052 1830 4097 ta·

278 4116 378 4193 quibus
391 4116 540 4175 Antiochia
552 4116 723 4176 concionatus
732 4130 783 4187 est,
797 4136 881 4175 annos
894 4128 1024 4196 opportu·
1077 4136 1137 4175 men
1151 4116 1324 4176 Hermantius
1341 4116 1467 4197 opinatus
1483 4129 1535 4193 est,
1555 4117 1631 4179 illud
1647 4122 1739 4187 Pauli
1753 4148 1830 4188 mas-

279 4229 313 4267 ne
325 4207 471 4287 rejicimus.
1077 4208 1161 4269 mium
1180 4210 1208 4268 io
1222 4209 1341 4269 Humilia
1359 4212 1394 4269 de
1408 4208 1539 4269 Kalendis
1558 4230 1765 4297 memoratum,
1785 4222 1830 4281 ha-

318 4302 436 4377 Quinta,
452 4303 529 4383 cujus
548 4301 666 4378 initium,
679 4301 777 4385 φαιδρὰ
794 4302 910 4381 σήμερον
924 4307 1020 4379 Apis-q
1074 4300 1132 4361 beri
1156 4303 1183 4362 in
1206 4300 1325 4360 Homilia
1345 4301 1380 4361 de
1402 4302 1541 4363 petitione·
1553 4300 1683 4367 liliorum
1705 4310 1829 4375 Μ

276 4396 436 4480 πανήγυρις,
448 4411 488 4457 est
501 4394 704 4477 pulcherrima,
717 4417 799 4474 quum
809 4396 872 4478 περὶ
883 4395 1019 4469 νηστείας,
1075 4415 1150 4455 num.
1165 4398 1197 4471 b,
1212 4394 1260 4453 ubi
1273 4394 1361 4453 obiter
1375 4394 1452 4453 Pauli
1467 4394 1561 4455 laudes
1573 4397 1695 4479 attingit
1706 4404 1828 4489 Chryso-

276 4492 313 4549 de
319 4490 446 4573 jejunae,
464 4489 601 4570 inscripsit
615 4489 746 4549 Sarilius.
758 4488 796 4548 Et
813 4502 852 4547 est
863 4488 974 4567 quidem
985 4488 1021 4549 de
1072 4485 1382 4546 stemusTillemontius
1394 4508 1469 4562 vero,
1480 4488 1577 4568 rejecta
1590 4488 1761 4560 llermantii
1772 4504 1827 4583 opi.

273 4582 400 4663 jejunio,
416 4582 463 4643 sed
482 4583 619 4664 praecipue
640 4582 676 4641 de
694 4581 871 4663 penitentia,
891 4602 952 4660 quae
964 4602 1020 4659 quo
1074 4580 1164 4653 niune,
1186 4593 1265 4660 putat
1281 4576 1423 4639 homiliam
1442 4580 1469 4639 in
1489 4580 1620 4641 concinne
1636 4582 1676 4645 de
1694 4588 1825 4653 Kalendis

277 4688 428 4754 pactncum
442 4676 505 4735 aliis
517 4674 648 4734 cohaereat
668 4673 835 4755 deprehendi
846 4674 922 4733 nullo
938 4672 1021 4733 inodo
1074 4687 1248 4732 memoratam
1259 4693 1318 4731 eam
1334 4693 1401 4743 esse,
1416 4674 1494 4753 cujus
1506 4674 1617 4747 titulus,
1638 4678 1763 4757 Quales
1781 4687 1826 4745 ἡ.

277 4779 375 4845 potest.
393 4767 540 4826 Antiochiae
567 4788 632 4825 vero
660 4765 784 4825 habitam
807 4765 892 4825 luisse
917 4764 1019 4827 indicat
1073 4766 1173 4825 cendoe
1182 4768 1242 4823 siat
1256 4785 1373 4839 uxores,
1388 4765 1435 4824 ubi
1451 4767 1553 4826 Paulus
1564 4766 1727 4835 identidem
1738 4776 1825 4839 lauda·

275 4859 580 4941 chrysostomus,cum
600 4859 796 4918 monachorum
822 4859 851 4917 in
880 4858 1021 4919 montibus
1074 4871 1129 4916 tur.
1148 4860 1263 4928 Verum,
1282 4871 1313 4916 ot
1330 4879 1365 4917 ex
1379 4859 1506 4939 superius
1518 4860 1609 4919 allatis
1628 4866 1736 4931 verbis
1748 4871 1826 4951 liqui·

274 4951 401 5035 proxime
427 4950 584 5031 degentium
609 4952 765 5033 exemplum
789 4949 1015 5011 considerandum
1072 4952 1140 5010 dum
1153 4965 1202 5024 est,
1222 4972 1274 5010 non
1289 4952 1380 5031 agitor
1398 4953 1435 5011 ibi
1454 4953 1489 5013 de
1502 4954 1633 5017 laudibus
1647 4958 1752 5039 Pauli,
1765 4984 1825 5045 quas

273 5044 364 5118 offert,
379 5058 408 5103 ut
423 5045 489 5104 solet
504 5044 531 5103 in
545 5045 719 5104 concionibus
738 5045 887 5105 Antiochia
901 5045 1017 5105 habitis.
1073 5043 1247 5101 concionibus
1265 5043 1339 5118 suis,
1359 5046 1504 5124 cujuslibet
1530 5045 1823 5138 tandemnrgumri

312 5139 395 5197 Sexta
406 5181 414 5210 ‚
425 5137 504 5217 cujus
521 5136 638 5209 initium,
649 5141 685 5205 ὡς
698 5138 798 5217 τερπνὰ
809 5143 858 5210 τῆς
868 5160 1016 5216 ansepert-
1072 5137 1136 5205 sint,
1157 5136 1256 5215 passim
1276 5136 1415 5216 obiterque
1437 5138 1570 5199 interserit
1591 5142 1821 5226 chrysostomus,
1865 5134 1869 5175 .·

273 5228 373 5302 κῆς,(1ε
378 5228 484 5309 jejunio
495 5228 615 5288 maxime
628 5228 684 5308 agit
698 5252 705 5284 ε
720 5250 755 5287 au
766 5250 830 5288 vern
845 5229 1016 5302 Antiochiae,
1072 5227 1146 5307 quod
1161 5228 1306 5311 sepissime
1319 5250 1382 5288 sane
1394 5231 1541 5310 contingit3
1562 5233 1612 5293 sed
1626 5234 1664 5297 de
1682 5245 1822 5305 munioni.

272 5342 307 5381 an
314 5320 545 5400 Constantinopoli
555 5318 648 5379 habita
656 5321 841 5396 fuerit,nnlln,
853 5336 885 5403 ut
896 5322 1016 5402 uidetur,
1072 5322 1125 5380 bus
1135 5320 1271 5401 plurimis,
1281 5343 1397 5400 quarum
1407 5338 1596 5402 argumentum
1607 5348 1694 5395 erant
1704 5338 1821 5399 menania

274 5414 356 5474 modo
369 5413 534 5496 deprehendi
557 5427 654 5495 potest.
681 5414 813 5475 Homilias
832 5415 893 5475 illas
903 5415 973 5474 duas
986 5416 1013 5475 iu
1073 5414 1169 5488 Paulis
1185 5414 1239 5473 Au
1251 5416 1386 5489 curtalem,
1401 5416 1499 5494 inquit,
1514 5438 1618 5481 ursus
1632 5425 1821 5508 hypothesim

274 5509 413 5569 Psalmum
425 5507 677 5588 quinquagesimum
687 5509 805 5587 ,quaein
819 5507 914 5587 quinto
925 5510 1015 5571 'some
1073 5508 1246 5568 ‹lurerrdere
1257 5508 1413 5578 uolebam,-
1425 5509 1452 5567 id
1463 5524 1513 5587 est,
1523 5532 1618 5574 rursus
1628 5515 1668 5579 de
1680 5521 1766 5585 Pauli
1775 5524 1822 5585 lan.
