3714 5970
651 455 696 505 nn
718 457 752 506 s.
780 441 913 507 rotanti
938 457 1123 508 euersosr.
1310 524 1312 527 ,
1604 437 1675 506 555

125 598 143 638 α
168 574 264 639 πάντα
284 581 357 660 Θεῷ.
371 577 521 661 Σήμροιὸ
538 579 576 640 ὧν
599 579 732 656 τίκτεται,
754 581 800 641 καὶ
814 585 829 643 ὁ
842 580 879 642 ὢν
931 583 1021 640 omnia
1032 579 1083 639 Dei
1099 592 1194 639 nutum
1208 590 1367 658 sequuntur.
1383 577 1471 639 Hodie
1482 579 1531 658 qni
1552 593 1610 666 erat
1633 580 1679 660 gi-

125 668 208 730 hmr
219 671 288 753 ὅπερ
300 674 348 732 οὐκ
360 663 402 746 ἦν·
416 671 453 731 ὢν
467 669 519 752 γὰρ
531 671 610 747 Θεὸς,
622 672 724 751 γίνεται
734 672 880 753 ἅνθρωπος,
933 672 1040 751 guitur3
1053 685 1078 730 et
1098 671 1146 750 qui
1169 683 1222 743 est,
1235 670 1264 730 id
1287 670 1361 750 quod
1383 691 1437 731 nou
1458 685 1516 731 erat
1539 672 1657 731 efficitur
1672 694 1679 728 ε

125 765 153 823 ἰιι
169 763 273 830 ἐκστὰς
285 770 333 824 τοῦ
350 755 418 823 εἶναι
436 763 512 833 Θιός.
526 765 598 824 Οὔτε
611 765 662 847 γὰρ
683 767 742 825 κατ’
756 763 879 827 ἔκστασιν
901 773 920 820 Β
936 786 997 825 nam
1014 786 1075 824 cum
1089 767 1162 825 Dens
1183 777 1266 838 essct,
1277 765 1311 830 fit
1329 765 1426 837 homo,
1441 785 1488 826 neo
1503 763 1604 826 desinit
1624 785 1681 825 esse

125 856 230 930 ιάτητος
243 856 350 937 γέγονεν
372 855 525 938 ἄνθρωπος,
538 855 598 917 οὔτε
611 857 681 918 κατὰ
694 857 831 938 προκοπὴν
855 858 881 927 ἐξ
936 859 1021 916 Deus.
1034 858 1126 936 Neque
1140 856 1212 916 euim
1226 877 1289 915 curu
1300 853 1407 916 deitatis
1417 857 1523 937 jactura
1537 856 1627 916 iactus
1640 871 1681 916 est

125 947 250 1030 αθρώπου
263 947 356 1027 γέγονε
363 948 440 1020 Θεὸς,
454 947 617 1030 munique
624 949 660 1009 ὢιι
669 948 713 1009 διὰ
727 949 757 1010 τὸ
772 948 881 1024 ἀπαθὲς,
935 951 1034 1029 homo,
1050 972 1137 1030 neque
1162 971 1211 1033 per
1229 951 1423 1011 incrementum
1445 973 1481 1012 ex
1503 951 1614 1012 homine
1637 952 1681 1013 la-

125 1040 174 1121 ὶοξ
195 1039 321 1121 ἐγίνετο,
341 1039 529 1120 §meridialem
552 1041 682 1121 μενούσης
700 1047 749 1114 τῆς
770 1041 881 1123 φύσεως.
936 1056 996 1103 ctus
1014 1055 1056 1103 est
1075 1042 1228 1121 Deuspmed
1250 1064 1313 1102 cum
1332 1043 1448 1105 verbnm
1468 1058 1554 1118 esset,
1570 1058 1682 1126 propter

125 1132 163 1195 tet
181 1132 350 1213 προσεπάγει
371 1130 484 1201 τούτοις·
507 1134 521 1192 δ
542 1133 586 1193 inl
607 1132 698 1215 θρόνου
719 1137 822 1214 ὑψηλοῦ
837 1132 882 1194 καὶ
935 1135 1182 1217 impatibilitatem,
1207 1156 1269 1195 caro
1291 1135 1394 1195 iactum
1419 1149 1472 1208 est,
1487 1158 1536 1196 sua
1559 1149 1684 1196 manente

125 1225 260 1306 ’,τηρμίνου
281 1224 446 1302 καθήμενος,
467 1225 495 1284 ἐν
517 1224 602 1306 φάτνῃ
625 1225 882 1306 τίθεσανὸἀναφὴς
935 1224 1101 1287 immutabili
1114 1243 1220 1290 natura.
1240 1229 1314 1288 Haec
1327 1229 1433 1287 deinde
1445 1231 1568 1311 adjicit.-
1583 1229 1639 1301 Qui
1652 1229 1682 1290 in

125 1318 156 1379 ml
167 1320 268 1386 ἁπλοῦς
285 1319 332 1378 καὶ
348 1317 488 1397 ἀσώματος
502 1317 594 1398 χερσὶν
611 1318 787 1400 ἀνθρωπίναις
803 1318 882 1379 eihls·
937 1320 1005 1380 solio
1018 1321 1123 1380 excelso
1137 1319 1301 1399 sublimique
1314 1320 1389 1380 sedet
1399 1366 1407 1391 ‚
1419 1321 1447 1381 in
1461 1321 1592 1403 praesepio
1601 1322 1683 1403 poni·

125 1409 265 1473 τοτοτὸτᾶ
282 1413 332 1482 τῆς
346 1409 477 1491 ἁμαρτίας
494 1413 620 1471 ἀνασπῶν
645 1409 748 1492 δεσμὰ,
764 1403 884 1493 σποργοί·
936 1422 983 1491 tur
999 1413 1067 1491 :qui
1090 1412 1295 1495 impalpabilis,
1321 1411 1438 1494 simplex
1458 1424 1485 1473 et
1510 1414 1683 1496 incorporeus

125 1526 168 1574 ιοις
179 1503 354 1584 ἐμπλέκεται.
933 1515 991 1581 sst',
1002 1505 1129 1565 humanis
1144 1505 1271 1566 manibus
1289 1505 1439 1567 involvitur
1458 1528 1465 1562 τ
1489 1505 1536 1584 qni
1560 1519 1683 1588 peccato·
1741 1514 1745 1521 “

945 1617 1009 1657 rum
1023 1598 1131 1658 vincula
1144 1598 1244 1674 solvit,
1256 1599 1345 1659 insciis
1359 1597 1562 1679 constringitur.

135 1830 1688 1866 Q

244 2019 372 2080 Sanetus
386 2020 570 2102 Augustinus
583 2021 620 2081 de
633 2019 754 2081 Natura
761 2033 790 2080 et
805 2020 911 2082 Gratia
921 2033 1024 2081 eontra
1036 2020 1207 2102 Pelagium,
1225 2022 1255 2082 T.
1266 2021 1305 2082 Χ.
1317 2042 1345 2082 ο.
1359 2022 1409 2083 65.
1419 2043 1449 2103 p.
1462 2021 1531 2083 159.
1547 2025 1574 2084 b.

165 2212 222 2276 ltrm
233 2217 351 2279 Joanues
361 2215 670 2300 Constantinopolitauus
680 2215 840 2300 episcopos,
855 2219 932 2300 cujus
944 2219 1035 2300 posuit
1056 2218 1299 2294 sententiam,dioit
1316 2235 1457 2302 peccatum
1470 2241 1523 2282 non
1536 2242 1594 2283 ease
1608 2221 1678 2293 snb-

142 2311 307 2386 tandemsed
317 2326 409 2372 aetum
420 2313 579 2394 malignum.
592 2314 660 2386 Quis
670 2314 721 2374 hoc
732 2313 867 2395 negarint
880 2313 942 2393 quia
958 2335 1010 2373 uon
1023 2329 1062 2376 est
1072 2316 1208 2390 naturale,
1220 2316 1281 2376 ideo
1294 2331 1385 2377 contra
1396 2316 1467 2377 illud
1479 2319 1567 2399 legem
1580 2318 1684 2393 latam,

142 2406 229 2485 etqood
241 2411 276 2468 dc
287 2407 397 2468 arbitrii
407 2405 532 2469 libertate
543 2407 690 2469 descendit.
708 2407 798 2468 Etiam
811 2408 864 2468 hoc
876 2408 938 2489 quis
951 2410 1050 2489 negat?
1065 2410 1120 2472 Sed
1135 2431 1208 2470 nunc
1220 2412 1310 2491 agitur
1323 2409 1358 2471 de
1367 2412 1487 2473 hnmana
1499 2425 1676 2492 natura,quae

145 2499 213 2562 titiata
224 2517 277 2580 eat3
289 2503 381 2584 agitur
394 2502 429 2563 de
443 2505 528 2585 gratia
541 2505 607 2578 Dei,
623 2526 677 2583 qua
690 2518 800 2564 sanatur
811 2504 1008 2586 permodicum
1020 2505 1169 2583 Christum,
1183 2527 1237 2585 quo
1249 2529 1301 2566 non
1314 2507 1463 2587 indigeret,
1475 2509 1499 2568 si
1510 2530 1574 2568 sana
1589 2524 1675 2580 esset,

145 2597 225 2750 Εἰσὶ)
242 2596 292 2658 isto
314 2611 453 2678 tamquam
464 2598 595 2676 sana,vel
616 2612 753 2678 tamquam
774 2597 826 2658 sibi
841 2597 991 2659 sufficiente
1008 2599 1156 2661 voluntatis
1176 2600 1304 2675 arbitrio,
1318 2621 1397 2683 posse
1417 2622 1470 2662 uon
1491 2623 1603 2684 peccare
1625 2601 1678 2663 de-

199 2703 248 2752 tur.

289 2893 432 2976 Ejusdem
444 2907 548 2955 eontra
560 2847 717 2956 Julinnnm
730 2894 940 2977 Pelagianum,
954 2895 985 2955 T.
997 2894 1038 2956 Χ.
1053 2896 1116 2956 Lib.
1127 2897 1141 2954 l
1147 2939 1157 2954 .
1169 2916 1197 2955 e.
1213 2898 1244 2956 6.
1257 2918 1287 2977 p.
1299 2895 1359 2956 509
1373 2910 1400 2956 et
1417 2895 1485 2958 sto,
1495 2920 1522 2957 u.
1549 2988 1551 2993 ,

173 3087 235 3150 tun
247 3089 297 3150 ista
312 3089 393 3150 verba
407 3089 491 3151 sancti
504 3090 617 3152 loannis
635 3089 755 3172 episcopi
769 3089 851 3150 audes
864 3103 1004 3169 tamquam
1018 3090 1178 3150 econtrario
1194 3104 1233 3151 tot
1249 3091 1400 3172 taliumque
1412 3092 1551 3153 sententiis
1563 3094 1682 3175 collega·

145 3185 246 3265 rarrejm
254 3204 519 3267 opponere,cumque
529 3184 565 3244 ab
578 3184 688 3244 illorum
700 3183 908 3245 concordissima
918 3183 1042 3244 societate
1052 3185 1202 3265 sejungere,
1218 3198 1244 3245 et
1257 3185 1294 3245 eis
1306 3185 1492 3247 adversarium
1503 3188 1684 3248 constituere?

146 3277 216 3355 thir,
229 3280 299 3340 absit
319 3279 373 3341 hoc
395 3280 497 3340 malum
518 3278 554 3341 de
573 3293 647 3340 tanto
669 3280 730 3340 viro
751 3278 858 3340 credere
876 3293 924 3339 ant
945 3278 1044 3340 dicere.
1065 3281 1157 3353 Absit,
1170 3279 1298 3359 inquam,
1313 3294 1344 3339 nt
1366 3281 1678 3362 Constantinopolitanus

145 3373 236 3435 inrue
247 3376 282 3436 de
294 3375 458 3458 baptismate
476 3375 669 3457 parvulorum,
683 3396 830 3454 eorumque
841 3397 857 3434 a
870 3389 981 3455 paterno
996 3374 1178 3455 chirographo
1191 3375 1350 3435 liberatione
1363 3397 1411 3456 pcr
1424 3376 1580 3450 Christum,
1595 3390 1634 3435 tot
1648 3398 1680 3437 ac

145 3466 206 3528 teris
221 3467 383 3550 coepiscopis
396 3467 467 3544 suis,
480 3468 650 3548 maximeque
664 3469 786 3527 Romano
802 3468 977 3542 Innocentio,
992 3467 1208 3547 Carthaginiensi
1228 3466 1383 3548 Cypriane,
1397 3466 1551 3548 Cappadoci
1564 3468 1679 3538 Basilio,

145 3561 286 3624 limameno
297 3563 447 3644 Gregorio,
460 3561 542 3626 Gallo
562 3550 684 3638 Hilario,
700 3561 895 3623 Mediolanensi
910 3562 1015 3622 resistat
1030 3561 1186 3641 Ambrosio,
1202 3577 1253 3623 ete.
1268 3565 1378 3622 Postea
1391 3563 1526 3643 quaedam
1538 3564 1633 3643 affert
1643 3583 1681 3622 ex

147 3660 320 3739 pnepr'stoia
332 3660 375 3720 ud
391 3659 599 3741 Olympiadem
611 3670 641 3719 et
651 3680 688 3719 ex
697 3678 830 3719 samone
840 3659 877 3717 de
889 3660 1015 3718 Lazaro.

290 3910 434 3990 eruum
448 3913 480 3970 n
491 3888 575 3991 opere
588 3911 758 3993 imperfecto
771 3911 1061 3991 commarcarum,
1078 3912 1309 3993 ποιμα.
1321 3858 1540 3975 ramerum.
1560 3950 1562 3956 -

175 4106 204 4168 tn
216 4110 283 4171 mibi
294 4109 392 4193 objicis
404 4111 507 4193 peceati
517 4111 600 4194 primi
611 4112 731 4174 hominis
743 4111 935 4193 granditatem,
949 4133 1010 4194 qum
1024 4113 1092 4173 tanti
1106 4111 1170 4172 mali
1183 4111 1326 4195 homipum
1336 4111 1460 4172 omnium
1469 4112 1573 4172 exstitit
1585 4133 1677 4185 causa,

147 4201 204 4276 masi
214 4203 264 4264 boc
273 4223 323 4284 ego
336 4202 411 4264 solus
422 4204 467 4265 vel
480 4205 586 4287 primus
596 4205 733 4266 dixerim?
746 4206 820 4267 Audi
834 4208 965 4268 ioannem
979 4205 1306 4287 Constantinopolitanum
1319 4206 1473 4266 excellentis
1483 4206 1594 4286 gloria:
1604 4210 1683 4267 Pec-

147 4295 218 4367 avt,
229 4297 333 4378 inquit,
347 4296 451 4357 Adam
470 4298 549 4358 atiud
566 4300 680 4379 pande
696 4315 868 4381 peecatum,
885 4314 914 4359 et
924 4321 1008 4359 omne
1020 4320 1112 4380 genus
1131 4301 1279 4360 hominum
1299 4304 1499 4359 incommune
1512 4301 1678 4360 damnavit.

149 4387 202 4447 ludi
209 4390 285 4452 etiam
295 4392 322 4452 in
334 4393 430 4452 Larari
441 4393 642 4454 resuscitatione
655 4393 724 4473 quid
736 4394 820 4470 dicat,
831 4409 860 4454 ut
872 4394 1007 4475 intelligas
1021 4395 1142 4475 eorporis
1155 4407 1268 4453 mortem
1281 4391 1317 4452 de
1332 4392 1380 4453 illo
1390 4392 1485 4472 grandi
1498 4393 1601 4455 venisse
1612 4417 1680 4475 poc-

151 4493 208 4540 cato:
221 4485 340 4559 Flebat,
357 4486 465 4567 inquit,
487 4488 637 4565 Christus,
656 4487 740 4570 quod
755 4509 803 4548 eos
821 4491 873 4569 qui
891 4489 1071 4549 immortales
1094 4507 1156 4549 esse
1175 4499 1352 4568 potuerunt,
1370 4484 1508 4551 maiolus
1522 4488 1604 4572 seeit
1621 4510 1685 4551 esse
1778 4528 1780 4530 v

152 4579 274 4657 mortales,
283 4594 333 4640 etc.

153 4765 1682 4815 w

459 5026 462 5033 ,
501 4961 663 5022 Cassianus
676 4962 713 5022 de
725 4964 933 5029 lucarnatione
945 4965 1086 5038 Domini,
1102 4963 1166 5038 bib.
1181 4963 1213 5041 t,
1227 4984 1251 5025 e.
1266 4964 1315 5024 50.

173 5152 278 5256 ¹littttes
290 5146 650 5244 Conamntinopodtanorum
670 5164 822 5224 antistitum
844 5164 944 5249 decus,
965 5167 1044 5248 cujus
1058 5165 1185 5228 sanctitas
1199 5165 1300 5246 absque
1313 5164 1369 5226 ulla
1384 5164 1527 5247 gentilitiae
1540 5188 1686 5250 persequu-

165 5251 376 5329 mamenhart
388 5253 515 5337 martyrii
528 5254 623 5317 merita
636 5257 776 5338 pervenit,
788 5269 843 5319 ete.
