<?xml version="1.0" encoding="UTF-8"?>
<!DOCTYPE html PUBLIC "-//W3C//DTD XHTML 1.0 Transitional//EN"
    "http://www.w3.org/TR/xhtml1/DTD/xhtml1-transitional.dtd">
<html xmlns="http://www.w3.org/1999/xhtml" xml:lang="en" lang="en">
 <head>
  <title>
</title>
<meta http-equiv="Content-Type" content="text/html;charset=utf-8" />
  <meta name='ocr-system' content='tesseract 3.04.00' />
  <meta name='ocr-capabilities' content='ocr_page ocr_carea ocr_par ocr_line ocrx_word'/>
</head>
<body>
  <div class='ocr_page' id='page_1' title='image "./sanctipatrisnos00chrygoog_0213.png"; bbox 0 0 3750 6052; ppageno 0'>
   <div class='ocr_carea' id='block_1_1' title="bbox 239 550 1295 640">
    <p class='ocr_par' dir='ltr' id='par_1_1' title="bbox 239 550 1295 640">
     <span class='ocr_line' id='line_1_1' title="bbox 239 550 1295 640; baseline 0.003 -22"><span class='ocrx_word' id='word_1_1' title='bbox 239 550 305 640; x_wconf 71' lang='lat'>184</span> <span class='ocrx_word' id='word_1_2' title='bbox 709 572 738 619; x_wconf 89' lang='lat' dir='ltr'>s.</span> <span class='ocrx_word' id='word_1_3' title='bbox 769 566 912 620; x_wconf 73' lang='lat' dir='ltr'>scennis</span> <span class='ocrx_word' id='word_1_4' title='bbox 936 566 1171 620; x_wconf 82' lang='lat' dir='ltr'>cunrsosrour</span> <span class='ocrx_word' id='word_1_5' title='bbox 1196 566 1295 637; x_wconf 78' lang='lat' dir='ltr'>virs,</span> 
     </span>
    </p>
   </div>
   <div class='ocr_carea' id='block_1_2' title="bbox 72 692 978 5359">
    <p class='ocr_par' dir='ltr' id='par_1_2' title="bbox 229 692 977 1583">
     <span class='ocr_line' id='line_1_2' title="bbox 233 692 977 773; baseline 0 -19"><span class='ocrx_word' id='word_1_6' title='bbox 233 716 268 754; x_wconf 94' lang='lat' dir='ltr'>no</span> <span class='ocrx_word' id='word_1_7' title='bbox 282 695 411 754; x_wconf 83' lang='lat' dir='ltr'>Praelecto</span> <span class='ocrx_word' id='word_1_8' title='bbox 423 692 556 773; x_wconf 71' lang='lat' dir='ltr'>Praetorii,</span> <span class='ocrx_word' id='word_1_9' title='bbox 573 695 678 755; x_wconf 88' lang='lat' dir='ltr'>Joaune</span> <span class='ocrx_word' id='word_1_10' title='bbox 691 693 796 755; x_wconf 86' lang='lat' dir='ltr'>Comite</span> <span class='ocrx_word' id='word_1_11' title='bbox 817 693 977 754; x_wconf 87' lang='lat' dir='ltr'>Thesauro·</span> 
     </span>
     <span class='ocr_line' id='line_1_3' title="bbox 231 784 974 863; baseline 0.001 -17"><span class='ocrx_word' id='word_1_12' title='bbox 231 807 303 863; x_wconf 84' lang='lat' dir='ltr'>rum,</span> <span class='ocrx_word' id='word_1_13' title='bbox 318 784 463 845; x_wconf 86' lang='lat' dir='ltr'>Eustatbio</span> <span class='ocrx_word' id='word_1_14' title='bbox 471 785 622 858; x_wconf 80' lang='lat' dir='ltr'>Quaestcre,</span> <span class='ocrx_word' id='word_1_15' title='bbox 633 799 660 847; x_wconf 89' lang='lat' dir='ltr'>et</span> <span class='ocrx_word' id='word_1_16' title='bbox 668 785 838 859; x_wconf 84' lang='lat' dir='ltr'>Tabulariis,</span> <span class='ocrx_word' id='word_1_17' title='bbox 849 787 878 845; x_wconf 92' lang='lat' dir='ltr'>in</span> <span class='ocrx_word' id='word_1_18' title='bbox 888 807 954 847; x_wconf 90' lang='lat' dir='ltr'>auro</span> <span class='ocrx_word' id='word_1_19' title='bbox 964 829 974 863; x_wconf 94' lang='lat'>,</span> 
     </span>
     <span class='ocr_line' id='line_1_4' title="bbox 234 877 977 960; baseline 0.004 -25"><span class='ocrx_word' id='word_1_20' title='bbox 234 890 344 957; x_wconf 89' lang='lat' dir='ltr'>argento</span> <span class='ocrx_word' id='word_1_21' title='bbox 357 890 384 936; x_wconf 92' lang='lat' dir='ltr'>et</span> <span class='ocrx_word' id='word_1_22' title='bbox 402 877 529 938; x_wconf 88' lang='lat' dir='ltr'>restibus.</span> <span class='ocrx_word' id='word_1_23' title='bbox 550 878 581 936; x_wconf 92' lang='lat' dir='ltr'>ln</span> <span class='ocrx_word' id='word_1_24' title='bbox 593 890 668 938; x_wconf 90' lang='lat' dir='ltr'>tauto</span> <span class='ocrx_word' id='word_1_25' title='bbox 679 892 770 938; x_wconf 77' lang='lat' dir='ltr'>autem</span> <span class='ocrx_word' id='word_1_26' title='bbox 779 891 805 939; x_wconf 91' lang='lat' dir='ltr'>et</span> <span class='ocrx_word' id='word_1_27' title='bbox 814 892 870 938; x_wconf 86' lang='lat' dir='ltr'>tam</span> <span class='ocrx_word' id='word_1_28' title='bbox 881 877 977 960; x_wconf 77' lang='lat' dir='ltr'>praci-</span> 
     </span>
     <span class='ocr_line' id='line_1_5' title="bbox 236 967 976 1052; baseline 0.007 -26"><span class='ocrx_word' id='word_1_29' title='bbox 236 967 288 1050; x_wconf 91' lang='lat' dir='ltr'>piti</span> <span class='ocrx_word' id='word_1_30' title='bbox 299 967 424 1030; x_wconf 88' lang='lat' dir='ltr'>inccndio</span> <span class='ocrx_word' id='word_1_31' title='bbox 436 991 515 1032; x_wconf 88' lang='lat' dir='ltr'>nemo</span> <span class='ocrx_word' id='word_1_32' title='bbox 526 970 613 1052; x_wconf 90' lang='lat' dir='ltr'>periit.</span> <span class='ocrx_word' id='word_1_33' title='bbox 627 970 706 1030; x_wconf 87' lang='lat' dir='ltr'>Circa</span> <span class='ocrx_word' id='word_1_34' title='bbox 718 972 777 1052; x_wconf 88' lang='lat' dir='ltr'>ejus</span> <span class='ocrx_word' id='word_1_35' title='bbox 797 983 919 1032; x_wconf 83' lang='lat' dir='ltr'>auctores</span> <span class='ocrx_word' id='word_1_36' title='bbox 928 988 976 1031; x_wconf 80' lang='lat' dir='ltr'>va·</span> 
     </span>
     <span class='ocr_line' id='line_1_6' title="bbox 231 1059 976 1142; baseline 0.005 -24"><span class='ocrx_word' id='word_1_37' title='bbox 231 1059 271 1118; x_wconf 87' lang='lat' dir='ltr'>ria</span> <span class='ocrx_word' id='word_1_38' title='bbox 284 1080 300 1118; x_wconf 89' lang='lat' dir='ltr'>a</span> <span class='ocrx_word' id='word_1_39' title='bbox 319 1060 498 1142; x_wconf 82' lang='lat' dir='ltr'>scriptoribus</span> <span class='ocrx_word' id='word_1_40' title='bbox 510 1061 682 1122; x_wconf 78' lang='lat' dir='ltr'>referuntur:</span> <span class='ocrx_word' id='word_1_41' title='bbox 696 1061 834 1123; x_wconf 86' lang='lat' dir='ltr'>Palladius</span> <span class='ocrx_word' id='word_1_42' title='bbox 841 1084 898 1122; x_wconf 87' lang='lat' dir='ltr'>rem</span> <span class='ocrx_word' id='word_1_43' title='bbox 911 1083 976 1122; x_wconf 91' lang='lat' dir='ltr'>nar·</span> 
     </span>
     <span class='ocr_line' id='line_1_7' title="bbox 232 1151 975 1229; baseline 0.007 -20"><span class='ocrx_word' id='word_1_44' title='bbox 232 1164 281 1226; x_wconf 88' lang='lat' dir='ltr'>rat,</span> <span class='ocrx_word' id='word_1_45' title='bbox 288 1165 319 1211; x_wconf 92' lang='lat' dir='ltr'>ut</span> <span class='ocrx_word' id='word_1_46' title='bbox 330 1151 465 1214; x_wconf 83' lang='lat' dir='ltr'>divinitus</span> <span class='ocrx_word' id='word_1_47' title='bbox 478 1153 694 1214; x_wconf 81' lang='lat' dir='ltr'>omninoiactam</span> <span class='ocrx_word' id='word_1_48' title='bbox 705 1178 712 1210; x_wconf 76' lang='grc' dir='ltr'><strong><em>ε</em></strong></span> <span class='ocrx_word' id='word_1_49' title='bbox 724 1155 886 1215; x_wconf 84' lang='lat' dir='ltr'>Soaomenus</span> <span class='ocrx_word' id='word_1_50' title='bbox 895 1153 975 1229; x_wconf 90' lang='lat' dir='ltr'>dicit,</span> 
     </span>
     <span class='ocr_line' id='line_1_8' title="bbox 229 1242 974 1327; baseline 0.009 -26"><span class='ocrx_word' id='word_1_51' title='bbox 229 1242 363 1324; x_wconf 90' lang='lat' dir='ltr'>populum</span> <span class='ocrx_word' id='word_1_52' title='bbox 381 1244 482 1307; x_wconf 89' lang='lat' dir='ltr'>Joanni</span> <span class='ocrx_word' id='word_1_53' title='bbox 495 1244 637 1306; x_wconf 88' lang='lat' dir='ltr'>addictum</span> <span class='ocrx_word' id='word_1_54' title='bbox 651 1244 682 1304; x_wconf 91' lang='lat' dir='ltr'>id</span> <span class='ocrx_word' id='word_1_55' title='bbox 693 1245 721 1305; x_wconf 91' lang='lat' dir='ltr'>in</span> <span class='ocrx_word' id='word_1_56' title='bbox 733 1247 791 1327; x_wconf 87' lang='lat' dir='ltr'>ejus</span> <span class='ocrx_word' id='word_1_57' title='bbox 801 1245 923 1306; x_wconf 91' lang='lat' dir='ltr'>inimicos</span> <span class='ocrx_word' id='word_1_58' title='bbox 933 1269 974 1308; x_wconf 90' lang='lat' dir='ltr'>re-</span> 
     </span>
     <span class='ocr_line' id='line_1_9' title="bbox 229 1334 975 1420; baseline 0.007 -27"><span class='ocrx_word' id='word_1_59' title='bbox 229 1334 343 1411; x_wconf 68' lang='lat' dir='ltr'>tulisse,</span> <span class='ocrx_word' id='word_1_60' title='bbox 355 1336 417 1396; x_wconf 93' lang='lat' dir='ltr'>illos</span> <span class='ocrx_word' id='word_1_61' title='bbox 428 1335 532 1396; x_wconf 87' lang='lat' dir='ltr'>veroid</span> <span class='ocrx_word' id='word_1_62' title='bbox 544 1336 659 1399; x_wconf 80' lang='lat' dir='ltr'>loannis</span> <span class='ocrx_word' id='word_1_63' title='bbox 672 1338 767 1397; x_wconf 89' lang='lat' dir='ltr'>amicis</span> <span class='ocrx_word' id='word_1_64' title='bbox 782 1336 975 1420; x_wconf 75' lang='lat' dir='ltr'>adscripsisse,</span> 
     </span>
     <span class='ocr_line' id='line_1_10' title="bbox 230 1429 977 1511; baseline 0.005 -25"><span class='ocrx_word' id='word_1_65' title='bbox 230 1429 371 1489; x_wconf 83' lang='lat' dir='ltr'>Socrates:</span> <span class='ocrx_word' id='word_1_66' title='bbox 384 1429 510 1489; x_wconf 86' lang='lat' dir='ltr'>Zosimus</span> <span class='ocrx_word' id='word_1_67' title='bbox 525 1444 552 1490; x_wconf 88' lang='lat' dir='ltr'>et</span> <span class='ocrx_word' id='word_1_68' title='bbox 571 1429 753 1511; x_wconf 79' lang='lat' dir='ltr'>Theophanes</span> <span class='ocrx_word' id='word_1_69' title='bbox 765 1429 866 1511; x_wconf 90' lang='lat' dir='ltr'>populo</span> <span class='ocrx_word' id='word_1_70' title='bbox 878 1429 977 1492; x_wconf 85' lang='lat' dir='ltr'>loanni</span> 
     </span>
     <span class='ocr_line' id='line_1_11' title="bbox 230 1519 583 1583; baseline 0.011 -5"><span class='ocrx_word' id='word_1_71' title='bbox 230 1519 340 1580; x_wconf 87' lang='lat' dir='ltr'>addicto</span> <span class='ocrx_word' id='word_1_72' title='bbox 352 1533 440 1579; x_wconf 92' lang='lat' dir='ltr'>totum</span> <span class='ocrx_word' id='word_1_73' title='bbox 453 1521 583 1583; x_wconf 76' lang='lat' dir='ltr'>referunt.</span> 
     </span>
    </p>

    <p class='ocr_par' dir='ltr' id='par_1_3' title="bbox 72 1611 978 4179">
     <span class='ocr_line' id='line_1_12' title="bbox 91 1611 976 1694; baseline 0.01 -29"><span class='ocrx_word' id='word_1_74' title='bbox 91 1626 153 1666; x_wconf 69' lang='lat' dir='ltr'>socr.</span> <span class='ocrx_word' id='word_1_75' title='bbox 166 1624 184 1670; x_wconf 89' lang='lat' dir='ltr'>t.</span> <span class='ocrx_word' id='word_1_76' title='bbox 194 1621 218 1668; x_wconf 86' lang='lat'>6.</span> <span class='ocrx_word' id='word_1_77' title='bbox 272 1617 305 1671; x_wconf 92' lang='lat' dir='ltr'>In</span> <span class='ocrx_word' id='word_1_78' title='bbox 319 1611 384 1672; x_wconf 93' lang='lat' dir='ltr'>aula</span> <span class='ocrx_word' id='word_1_79' title='bbox 396 1632 460 1672; x_wconf 86' lang='lat' dir='ltr'>vero</span> <span class='ocrx_word' id='word_1_80' title='bbox 473 1612 648 1694; x_wconf 86' lang='lat' dir='ltr'>imperatoria</span> <span class='ocrx_word' id='word_1_81' title='bbox 662 1612 797 1693; x_wconf 82' lang='lat' dir='ltr'>flagitium</span> <span class='ocrx_word' id='word_1_82' title='bbox 809 1611 880 1673; x_wconf 92' lang='lat' dir='ltr'>illud</span> <span class='ocrx_word' id='word_1_83' title='bbox 893 1633 909 1671; x_wconf 91' lang='lat' dir='ltr'>a</span> <span class='ocrx_word' id='word_1_84' title='bbox 927 1613 976 1674; x_wconf 86' lang='lat' dir='ltr'>Jo-</span> 
     </span>
     <span class='ocr_line' id='line_1_13' title="bbox 78 1688 977 1786; baseline 0.001 -24"><span class='ocrx_word' id='word_1_85' title='bbox 78 1701 97 1728; x_wconf 75' lang='lat'>⁰·</span> <span class='ocrx_word' id='word_1_86' title='bbox 111 1688 147 1732; x_wconf 79' lang='lat'>¹³·</span> <span class='ocrx_word' id='word_1_87' title='bbox 232 1703 331 1765; x_wconf 73' lang='lat' dir='ltr'>annius</span> <span class='ocrx_word' id='word_1_88' title='bbox 339 1718 476 1786; x_wconf 87' lang='lat' dir='ltr'>patratum</span> <span class='ocrx_word' id='word_1_89' title='bbox 483 1705 565 1765; x_wconf 85' lang='lat' dir='ltr'>luisse</span> <span class='ocrx_word' id='word_1_90' title='bbox 578 1705 623 1767; x_wconf 86' lang='lat' dir='ltr'>vel</span> <span class='ocrx_word' id='word_1_91' title='bbox 634 1705 792 1785; x_wconf 85' lang='lat' dir='ltr'>putabatur,</span> <span class='ocrx_word' id='word_1_92' title='bbox 806 1704 851 1766; x_wconf 83' lang='lat' dir='ltr'>vel</span> <span class='ocrx_word' id='word_1_93' title='bbox 863 1703 977 1764; x_wconf 64' lang='lat' dir='ltr'>emula·</span> 
     </span>
     <span class='ocr_line' id='line_1_14' title="bbox 97 1795 978 1884; baseline 0.002 -30"><span class='ocrx_word' id='word_1_94' title='bbox 97 1825 184 1871; x_wconf 44' lang='lat' dir='ltr'>hup,</span> <span class='ocrx_word' id='word_1_95' title='bbox 196 1840 219 1884; x_wconf 75' lang='lat' dir='ltr'>p.</span> <span class='ocrx_word' id='word_1_96' title='bbox 230 1795 321 1854; x_wconf 90' lang='lat' dir='ltr'>batur.</span> <span class='ocrx_word' id='word_1_97' title='bbox 341 1799 420 1856; x_wconf 90' lang='lat' dir='ltr'>Tunc</span> <span class='ocrx_word' id='word_1_98' title='bbox 434 1799 562 1877; x_wconf 83' lang='lat' dir='ltr'>Optatus,</span> <span class='ocrx_word' id='word_1_99' title='bbox 585 1795 661 1856; x_wconf 91' lang='lat' dir='ltr'>urbis</span> <span class='ocrx_word' id='word_1_100' title='bbox 672 1797 818 1856; x_wconf 75' lang='lat' dir='ltr'>Praefectus</span> <span class='ocrx_word' id='word_1_101' title='bbox 826 1841 835 1871; x_wconf 92' lang='lat'>,</span> <span class='ocrx_word' id='word_1_102' title='bbox 848 1796 978 1876; x_wconf 78' lang='lat' dir='ltr'>religione</span> 
     </span>
     <span class='ocr_line' id='line_1_15' title="bbox 76 1886 977 1969; baseline 0.001 -21"><span class='ocrx_word' id='word_1_103' title='bbox 76 1886 114 1932; x_wconf 69' lang='lat'>³⁸·</span> <span class='ocrx_word' id='word_1_104' title='bbox 231 1888 358 1969; x_wconf 84' lang='lat' dir='ltr'>gentilis,</span> <span class='ocrx_word' id='word_1_105' title='bbox 371 1889 549 1952; x_wconf 85' lang='lat' dir='ltr'>inloannitas</span> <span class='ocrx_word' id='word_1_106' title='bbox 571 1910 621 1949; x_wconf 87' lang='lat' dir='ltr'>seu</span> <span class='ocrx_word' id='word_1_107' title='bbox 632 1888 744 1950; x_wconf 84' lang='lat' dir='ltr'>loannis</span> <span class='ocrx_word' id='word_1_108' title='bbox 755 1889 873 1949; x_wconf 80' lang='lat' dir='ltr'>lantmes</span> <span class='ocrx_word' id='word_1_109' title='bbox 885 1888 977 1949; x_wconf 91' lang='lat' dir='ltr'>admo·</span> 
     </span>
     <span class='ocr_line' id='line_1_16' title="bbox 230 1980 977 2044; baseline 0.005 -5"><span class='ocrx_word' id='word_1_110' title='bbox 230 1980 297 2040; x_wconf 88' lang='lat' dir='ltr'>dum</span> <span class='ocrx_word' id='word_1_111' title='bbox 307 1982 402 2042; x_wconf 82' lang='lat' dir='ltr'>saeviit</span> <span class='ocrx_word' id='word_1_112' title='bbox 415 1982 521 2042; x_wconf 84' lang='lat' dir='ltr'>Auullo</span> <span class='ocrx_word' id='word_1_113' title='bbox 531 1996 620 2042; x_wconf 87' lang='lat' dir='ltr'>tamen</span> <span class='ocrx_word' id='word_1_114' title='bbox 630 2003 664 2041; x_wconf 88' lang='lat' dir='ltr'>ex</span> <span class='ocrx_word' id='word_1_115' title='bbox 672 1981 730 2043; x_wconf 88' lang='lat' dir='ltr'>illis</span> <span class='ocrx_word' id='word_1_116' title='bbox 742 1981 771 2044; x_wconf 82' lang='lat' dir='ltr'>ri</span> <span class='ocrx_word' id='word_1_117' title='bbox 780 1994 977 2043; x_wconf 90' lang='lat' dir='ltr'>tormentcrum</span> 
     </span>
     <span class='ocr_line' id='line_1_17' title="bbox 228 2070 976 2155; baseline 0.003 -25"><span class='ocrx_word' id='word_1_118' title='bbox 228 2070 257 2130; x_wconf 93' lang='lat' dir='ltr'>id</span> <span class='ocrx_word' id='word_1_119' title='bbox 267 2073 373 2133; x_wconf 80' lang='lat' dir='ltr'>cllicere</span> <span class='ocrx_word' id='word_1_120' title='bbox 381 2073 482 2155; x_wconf 76' lang='lat' dir='ltr'>potuit,</span> <span class='ocrx_word' id='word_1_121' title='bbox 494 2086 559 2135; x_wconf 89' lang='lat' dir='ltr'>utse</span> <span class='ocrx_word' id='word_1_122' title='bbox 573 2074 617 2136; x_wconf 79' lang='lat' dir='ltr'>tel</span> <span class='ocrx_word' id='word_1_123' title='bbox 630 2095 693 2135; x_wconf 88' lang='lat' dir='ltr'>suos</span> <span class='ocrx_word' id='word_1_124' title='bbox 707 2073 790 2154; x_wconf 82' lang='lat' dir='ltr'>hujus</span> <span class='ocrx_word' id='word_1_125' title='bbox 799 2071 917 2132; x_wconf 88' lang='lat' dir='ltr'>incendii</span> <span class='ocrx_word' id='word_1_126' title='bbox 928 2094 976 2133; x_wconf 93' lang='lat' dir='ltr'>au-</span> 
     </span>
     <span class='ocr_line' id='line_1_18' title="bbox 161 2161 976 2248; baseline 0.001 -23"><span class='ocrx_word' id='word_1_127' title='bbox 161 2173 163 2177; x_wconf 70' lang='lat'>‘</span> <span class='ocrx_word' id='word_1_128' title='bbox 227 2180 317 2228; x_wconf 90' lang='lat' dir='ltr'>ctores</span> <span class='ocrx_word' id='word_1_129' title='bbox 325 2187 382 2228; x_wconf 87' lang='lat' dir='ltr'>esse</span> <span class='ocrx_word' id='word_1_130' title='bbox 393 2161 571 2243; x_wconf 81' lang='lat' dir='ltr'>declararent,</span> <span class='ocrx_word' id='word_1_131' title='bbox 580 2166 639 2248; x_wconf 91' lang='lat' dir='ltr'>ipso</span> <span class='ocrx_word' id='word_1_132' title='bbox 652 2168 751 2226; x_wconf 82' lang='lat' dir='ltr'>latente</span> <span class='ocrx_word' id='word_1_133' title='bbox 766 2164 890 2226; x_wconf 85' lang='lat' dir='ltr'>Zosimo:</span> <span class='ocrx_word' id='word_1_134' title='bbox 901 2163 976 2244; x_wconf 88' lang='lat' dir='ltr'>quod</span> 
     </span>
     <span class='ocr_line' id='line_1_19' title="bbox 226 2256 975 2340; baseline -0.003 -23"><span class='ocrx_word' id='word_1_135' title='bbox 226 2259 308 2318; x_wconf 88' lang='lat' dir='ltr'>ctiam</span> <span class='ocrx_word' id='word_1_136' title='bbox 325 2260 484 2320; x_wconf 88' lang='lat' dir='ltr'>testificatur</span> <span class='ocrx_word' id='word_1_137' title='bbox 503 2261 620 2321; x_wconf 86' lang='lat' dir='ltr'>loannes</span> <span class='ocrx_word' id='word_1_138' title='bbox 641 2259 721 2340; x_wconf 88' lang='lat' dir='ltr'>epist.</span> <span class='ocrx_word' id='word_1_139' title='bbox 738 2258 789 2317; x_wconf 63' lang='lat'>94.</span> <span class='ocrx_word' id='word_1_140' title='bbox 807 2257 868 2319; x_wconf 93' lang='lat' dir='ltr'>lmo</span> <span class='ocrx_word' id='word_1_141' title='bbox 884 2256 975 2338; x_wconf 89' lang='lat' dir='ltr'>ipsum</span> 
     </span>
     <span class='ocr_line' id='line_1_20' title="bbox 225 2346 976 2423; baseline -0.012 -8"><span class='ocrx_word' id='word_1_142' title='bbox 225 2355 359 2415; x_wconf 83' lang='lat' dir='ltr'>loannem</span> <span class='ocrx_word' id='word_1_143' title='bbox 380 2367 410 2412; x_wconf 94' lang='lat' dir='ltr'>ut</span> <span class='ocrx_word' id='word_1_144' title='bbox 421 2351 542 2414; x_wconf 90' lang='lat' dir='ltr'>incendii</span> <span class='ocrx_word' id='word_1_145' title='bbox 555 2365 695 2421; x_wconf 83' lang='lat' dir='ltr'>auctorem</span> <span class='ocrx_word' id='word_1_146' title='bbox 708 2369 883 2423; x_wconf 64' lang='lat' dir='ltr'>accusarem</span> <span class='ocrx_word' id='word_1_147' title='bbox 895 2346 976 2407; x_wconf 87' lang='lat' dir='ltr'>ideo·</span> 
     </span>
     <span class='ocr_line' id='line_1_21' title="bbox 225 2438 975 2526; baseline -0.004 -23"><span class='ocrx_word' id='word_1_148' title='bbox 225 2466 290 2524; x_wconf 89' lang='lat' dir='ltr'>que,</span> <span class='ocrx_word' id='word_1_149' title='bbox 305 2458 336 2503; x_wconf 92' lang='lat' dir='ltr'>ut</span> <span class='ocrx_word' id='word_1_150' title='bbox 344 2446 383 2504; x_wconf 91' lang='lat' dir='ltr'>ait</span> <span class='ocrx_word' id='word_1_151' title='bbox 394 2444 535 2504; x_wconf 89' lang='lat' dir='ltr'>Palladius</span> <span class='ocrx_word' id='word_1_152' title='bbox 546 2468 574 2526; x_wconf 87' lang='lat' dir='ltr'>p.</span> <span class='ocrx_word' id='word_1_153' title='bbox 585 2443 746 2517; x_wconf 75' lang='lat' dir='ltr'>95,riuctus</span> <span class='ocrx_word' id='word_1_154' title='bbox 756 2442 784 2501; x_wconf 93' lang='lat' dir='ltr'>in</span> <span class='ocrx_word' id='word_1_155' title='bbox 791 2439 920 2521; x_wconf 80' lang='lat' dir='ltr'>bithynia</span> <span class='ocrx_word' id='word_1_156' title='bbox 930 2438 975 2500; x_wconf 90' lang='lat' dir='ltr'>de·</span> 
     </span>
     <span class='ocr_line' id='line_1_22' title="bbox 227 2530 974 2617; baseline -0.005 -23"><span class='ocrx_word' id='word_1_157' title='bbox 227 2550 316 2596; x_wconf 90' lang='lat' dir='ltr'>tentus</span> <span class='ocrx_word' id='word_1_158' title='bbox 329 2536 382 2595; x_wconf 83' lang='lat' dir='ltr'>luit</span> <span class='ocrx_word' id='word_1_159' title='bbox 392 2557 455 2595; x_wconf 85' lang='lat' dir='ltr'>eum</span> <span class='ocrx_word' id='word_1_160' title='bbox 469 2537 584 2617; x_wconf 85' lang='lat' dir='ltr'>Cyriaco</span> <span class='ocrx_word' id='word_1_161' title='bbox 595 2548 621 2594; x_wconf 94' lang='lat' dir='ltr'>et</span> <span class='ocrx_word' id='word_1_162' title='bbox 630 2534 744 2616; x_wconf 83' lang='lat' dir='ltr'>Eulysia</span> <span class='ocrx_word' id='word_1_163' title='bbox 758 2532 902 2614; x_wconf 88' lang='lat' dir='ltr'>episcopis,</span> <span class='ocrx_word' id='word_1_164' title='bbox 925 2530 974 2611; x_wconf 90' lang='lat' dir='ltr'>qui</span> 
     </span>
     <span class='ocr_line' id='line_1_23' title="bbox 226 2624 973 2708; baseline -0.012 -18"><span class='ocrx_word' id='word_1_165' title='bbox 226 2629 355 2708; x_wconf 73' lang='lat' dir='ltr'>postremi</span> <span class='ocrx_word' id='word_1_166' title='bbox 368 2650 431 2688; x_wconf 93' lang='lat' dir='ltr'>cum</span> <span class='ocrx_word' id='word_1_167' title='bbox 443 2627 505 2688; x_wconf 90' lang='lat' dir='ltr'>aliis</span> <span class='ocrx_word' id='word_1_168' title='bbox 513 2625 711 2688; x_wconf 87' lang='lat' dir='ltr'>Chalcedonem</span> <span class='ocrx_word' id='word_1_169' title='bbox 721 2624 834 2685; x_wconf 89' lang='lat' dir='ltr'>adducti</span> <span class='ocrx_word' id='word_1_170' title='bbox 847 2637 874 2683; x_wconf 88' lang='lat' dir='ltr'>et</span> <span class='ocrx_word' id='word_1_171' title='bbox 885 2636 973 2683; x_wconf 88' lang='lat' dir='ltr'>custo·</span> 
     </span>
     <span class='ocr_line' id='line_1_24' title="bbox 225 2717 975 2802; baseline -0.008 -20"><span class='ocrx_word' id='word_1_172' title='bbox 225 2720 428 2802; x_wconf 82' lang='lat' dir='ltr'>diaemancipati</span> <span class='ocrx_word' id='word_1_173' title='bbox 437 2733 501 2780; x_wconf 91' lang='lat' dir='ltr'>sunt</span> <span class='ocrx_word' id='word_1_174' title='bbox 515 2743 521 2776; x_wconf 92' lang='lat'><strong>:</strong></span> <span class='ocrx_word' id='word_1_175' title='bbox 536 2733 748 2802; x_wconf 88' lang='lat' dir='ltr'>atquceousque</span> <span class='ocrx_word' id='word_1_176' title='bbox 762 2717 939 2800; x_wconf 75' lang='lat' dir='ltr'>impudentia</span> <span class='ocrx_word' id='word_1_177' title='bbox 948 2730 975 2777; x_wconf 87' lang='lat' dir='ltr'>et</span> 
     </span>
     <span class='ocr_line' id='line_1_25' title="bbox 225 2809 973 2892; baseline -0.005 -20"><span class='ocrx_word' id='word_1_178' title='bbox 225 2813 350 2892; x_wconf 83' lang='lat' dir='ltr'>nequitiae</span> <span class='ocrx_word' id='word_1_179' title='bbox 363 2824 550 2892; x_wconf 88' lang='lat' dir='ltr'>processerunt</span> <span class='ocrx_word' id='word_1_180' title='bbox 559 2811 681 2889; x_wconf 80' lang='lat' dir='ltr'>Aeacius,</span> <span class='ocrx_word' id='word_1_181' title='bbox 693 2809 973 2887; x_wconf 81' lang='lat' dir='ltr'>Paulus,llnticchus,</span> 
     </span>
     <span class='ocr_line' id='line_1_26' title="bbox 226 2900 974 2983; baseline 0.001 -21"><span class='ocrx_word' id='word_1_182' title='bbox 226 2902 403 2975; x_wconf 81' lang='lat' dir='ltr'>Severianus,</span> <span class='ocrx_word' id='word_1_183' title='bbox 422 2903 506 2963; x_wconf 88' lang='lat' dir='ltr'>etalii</span> <span class='ocrx_word' id='word_1_184' title='bbox 521 2901 643 2983; x_wconf 90' lang='lat' dir='ltr'>quidam,</span> <span class='ocrx_word' id='word_1_185' title='bbox 658 2917 690 2964; x_wconf 89' lang='lat' dir='ltr'>ut</span> <span class='ocrx_word' id='word_1_186' title='bbox 708 2902 738 2963; x_wconf 92' lang='lat' dir='ltr'>in</span> <span class='ocrx_word' id='word_1_187' title='bbox 759 2902 848 2963; x_wconf 91' lang='lat' dir='ltr'>literis</span> <span class='ocrx_word' id='word_1_188' title='bbox 864 2901 921 2961; x_wconf 90' lang='lat' dir='ltr'>suis</span> <span class='ocrx_word' id='word_1_189' title='bbox 939 2900 974 2963; x_wconf 80' lang='lat' dir='ltr'>eti</span> 
     </span>
     <span class='ocr_line' id='line_1_27' title="bbox 227 2990 972 3076; baseline 0.005 -26"><span class='ocrx_word' id='word_1_190' title='bbox 227 2990 679 3075; x_wconf 75' lang='lat' dir='ltr'>Innocentium‘rapam,tcannem</span> <span class='ocrx_word' id='word_1_191' title='bbox 693 2995 771 3076; x_wconf 83' lang='lat' dir='ltr'>quasi</span> <span class='ocrx_word' id='word_1_192' title='bbox 780 2993 920 3055; x_wconf 84' lang='lat' dir='ltr'>ecclesiam</span> <span class='ocrx_word' id='word_1_193' title='bbox 929 2993 972 3054; x_wconf 90' lang='lat' dir='ltr'>in·</span> 
     </span>
     <span class='ocr_line' id='line_1_28' title="bbox 226 3084 975 3167; baseline 0 -23"><span class='ocrx_word' id='word_1_194' title='bbox 226 3084 369 3165; x_wconf 81' lang='lat' dir='ltr'>condisset,</span> <span class='ocrx_word' id='word_1_195' title='bbox 378 3086 617 3148; x_wconf 89' lang='lat' dir='ltr'>calumniarentur.</span> <span class='ocrx_word' id='word_1_196' title='bbox 625 3089 742 3149; x_wconf 82' lang='lat' dir='ltr'>loannes</span> <span class='ocrx_word' id='word_1_197' title='bbox 752 3107 817 3148; x_wconf 83' lang='lat' dir='ltr'>vero</span> <span class='ocrx_word' id='word_1_198' title='bbox 825 3085 934 3167; x_wconf 90' lang='lat' dir='ltr'>scripsit</span> <span class='ocrx_word' id='word_1_199' title='bbox 942 3084 975 3144; x_wconf 90' lang='lat' dir='ltr'>il·</span> 
     </span>
     <span class='ocr_line' id='line_1_29' title="bbox 225 3175 972 3257; baseline 0.001 -20"><span class='ocrx_word' id='word_1_200' title='bbox 225 3179 272 3257; x_wconf 89' lang='lat' dir='ltr'>lis,</span> <span class='ocrx_word' id='word_1_201' title='bbox 285 3179 334 3239; x_wconf 87' lang='lat' dir='ltr'>etsi</span> <span class='ocrx_word' id='word_1_202' title='bbox 350 3179 377 3239; x_wconf 93' lang='lat' dir='ltr'>in</span> <span class='ocrx_word' id='word_1_203' title='bbox 388 3178 451 3238; x_wconf 90' lang='lat' dir='ltr'>aliis</span> <span class='ocrx_word' id='word_1_204' title='bbox 462 3179 516 3240; x_wconf 87' lang='lat' dir='ltr'>sibi</span> <span class='ocrx_word' id='word_1_205' title='bbox 526 3177 738 3239; x_wconf 79' lang='lat' dir='ltr'>defendendisni</span> <span class='ocrx_word' id='word_1_206' title='bbox 753 3179 844 3240; x_wconf 92' lang='lat' dir='ltr'>locum</span> <span class='ocrx_word' id='word_1_207' title='bbox 858 3197 913 3238; x_wconf 91' lang='lat' dir='ltr'>non</span> <span class='ocrx_word' id='word_1_208' title='bbox 922 3175 972 3238; x_wconf 89' lang='lat' dir='ltr'>de·</span> 
     </span>
     <span class='ocr_line' id='line_1_30' title="bbox 225 3268 971 3353; baseline 0.001 -24"><span class='ocrx_word' id='word_1_209' title='bbox 225 3271 336 3343; x_wconf 89' lang='lat' dir='ltr'>derant,</span> <span class='ocrx_word' id='word_1_210' title='bbox 365 3272 394 3331; x_wconf 92' lang='lat' dir='ltr'>in</span> <span class='ocrx_word' id='word_1_211' title='bbox 409 3270 460 3332; x_wconf 92' lang='lat' dir='ltr'>hoc</span> <span class='ocrx_word' id='word_1_212' title='bbox 478 3271 573 3332; x_wconf 85' lang='lat' dir='ltr'>saltem</span> <span class='ocrx_word' id='word_1_213' title='bbox 600 3271 694 3332; x_wconf 80' lang='lat' dir='ltr'>darent</span> <span class='ocrx_word' id='word_1_214' title='bbox 713 3285 744 3331; x_wconf 91' lang='lat' dir='ltr'>ut</span> <span class='ocrx_word' id='word_1_215' title='bbox 762 3272 797 3332; x_wconf 92' lang='lat' dir='ltr'>de</span> <span class='ocrx_word' id='word_1_216' title='bbox 811 3268 971 3353; x_wconf 89' lang='lat' dir='ltr'>hujusmodi</span> 
     </span>
     <span class='ocr_line' id='line_1_31' title="bbox 224 3358 973 3448; baseline 0.009 -26"><span class='ocrx_word' id='word_1_217' title='bbox 224 3364 348 3426; x_wconf 89' lang='lat' dir='ltr'>incendio</span> <span class='ocrx_word' id='word_1_218' title='bbox 364 3387 422 3427; x_wconf 86' lang='lat' dir='ltr'>sese</span> <span class='ocrx_word' id='word_1_219' title='bbox 435 3378 574 3448; x_wconf 88' lang='lat' dir='ltr'>purgaret.</span> <span class='ocrx_word' id='word_1_220' title='bbox 964 3358 973 3372; x_wconf 72' lang='grc'><strong>”</strong></span> 
     </span>
     <span class='ocr_line' id='line_1_32' title="bbox 96 3457 973 3542; baseline -0.003 -21"><span class='ocrx_word' id='word_1_221' title='bbox 96 3494 147 3535; x_wconf 70' lang='lat'>50„</span> <span class='ocrx_word' id='word_1_222' title='bbox 160 3491 176 3534; x_wconf 85' lang='lat'>1.</span> <span class='ocrx_word' id='word_1_223' title='bbox 189 3491 213 3538; x_wconf 71' lang='lat' dir='ltr'>g,</span> <span class='ocrx_word' id='word_1_224' title='bbox 264 3457 319 3521; x_wconf 77' lang='lat' dir='ltr'>dlii</span> <span class='ocrx_word' id='word_1_225' title='bbox 330 3479 437 3542; x_wconf 89' lang='lat' dir='ltr'>quoque</span> <span class='ocrx_word' id='word_1_226' title='bbox 448 3480 496 3539; x_wconf 87' lang='lat' dir='ltr'>per</span> <span class='ocrx_word' id='word_1_227' title='bbox 506 3459 600 3518; x_wconf 90' lang='lat' dir='ltr'>urbem</span> <span class='ocrx_word' id='word_1_228' title='bbox 608 3458 918 3537; x_wconf 89' lang='lat' dir='ltr'>circumeuntes,eosqui</span> <span class='ocrx_word' id='word_1_229' title='bbox 927 3458 973 3518; x_wconf 86' lang='lat' dir='ltr'>do·</span> 
     </span>
     <span class='ocr_line' id='line_1_33' title="bbox 72 3548 969 3631; baseline 0.017 -36"><span class='ocrx_word' id='word_1_230' title='bbox 72 3568 92 3595; x_wconf 70' lang='lat' dir='ltr'>a.</span> <span class='ocrx_word' id='word_1_231' title='bbox 103 3567 142 3598; x_wconf 73' lang='lat' dir='ltr'>so.</span> <span class='ocrx_word' id='word_1_232' title='bbox 225 3549 273 3609; x_wconf 88' lang='lat' dir='ltr'>lati</span> <span class='ocrx_word' id='word_1_233' title='bbox 290 3551 394 3610; x_wconf 83' lang='lat' dir='ltr'>fueraut</span> <span class='ocrx_word' id='word_1_234' title='bbox 416 3548 489 3631; x_wconf 94' lang='lat' dir='ltr'>quod</span> <span class='ocrx_word' id='word_1_235' title='bbox 503 3551 600 3612; x_wconf 85' lang='lat' dir='ltr'>Joanni</span> <span class='ocrx_word' id='word_1_236' title='bbox 613 3551 743 3626; x_wconf 77' lang='lat' dir='ltr'>faverent,</span> <span class='ocrx_word' id='word_1_237' title='bbox 758 3548 969 3630; x_wconf 90' lang='lat' dir='ltr'>comprehende-</span> 
     </span>
     <span class='ocr_line' id='line_1_34' title="bbox 74 3643 971 3725; baseline 0.001 -24"><span class='ocrx_word' id='word_1_238' title='bbox 74 3667 146 3725; x_wconf 64' lang='lat' dir='ltr'>E,;„,</span> <span class='ocrx_word' id='word_1_239' title='bbox 164 3673 214 3720; x_wconf 63' lang='lat' dir='ltr'>„g</span> <span class='ocrx_word' id='word_1_240' title='bbox 225 3657 299 3717; x_wconf 89' lang='lat' dir='ltr'>runt,</span> <span class='ocrx_word' id='word_1_241' title='bbox 312 3658 337 3703; x_wconf 91' lang='lat' dir='ltr'>et</span> <span class='ocrx_word' id='word_1_242' title='bbox 352 3647 380 3704; x_wconf 91' lang='lat' dir='ltr'>in</span> <span class='ocrx_word' id='word_1_243' title='bbox 396 3643 547 3704; x_wconf 85' lang='lat' dir='ltr'>custodiam</span> <span class='ocrx_word' id='word_1_244' title='bbox 560 3643 649 3716; x_wconf 87' lang='lat' dir='ltr'>datos,</span> <span class='ocrx_word' id='word_1_245' title='bbox 667 3657 697 3703; x_wconf 92' lang='lat' dir='ltr'>ut</span> <span class='ocrx_word' id='word_1_246' title='bbox 713 3644 812 3706; x_wconf 85' lang='lat' dir='ltr'>loanni</span> <span class='ocrx_word' id='word_1_247' title='bbox 828 3643 971 3703; x_wconf 86' lang='lat' dir='ltr'>anathema</span> 
     </span>
     <span class='ocr_line' id='line_1_35' title="bbox 73 3729 973 3815; baseline 0.006 -24"><span class='ocrx_word' id='word_1_248' title='bbox 73 3729 115 3775; x_wconf 75' lang='lat'>¹·3·</span> <span class='ocrx_word' id='word_1_249' title='bbox 125 3749 147 3791; x_wconf 77' lang='grc' dir='ltr'>Ρ·</span> <span class='ocrx_word' id='word_1_250' title='bbox 157 3733 212 3798; x_wconf 74' lang='grc'>659·</span> <span class='ocrx_word' id='word_1_251' title='bbox 224 3734 343 3796; x_wconf 79' lang='lat' dir='ltr'>dicerent</span> <span class='ocrx_word' id='word_1_252' title='bbox 353 3736 495 3815; x_wconf 77' lang='lat' dir='ltr'>cogebant.</span> <span class='ocrx_word' id='word_1_253' title='bbox 505 3736 566 3796; x_wconf 90' lang='lat' dir='ltr'>lllis</span> <span class='ocrx_word' id='word_1_254' title='bbox 576 3755 639 3794; x_wconf 80' lang='lat' dir='ltr'>tero</span> <span class='ocrx_word' id='word_1_255' title='bbox 654 3735 799 3815; x_wconf 86' lang='lat' dir='ltr'>episcopis,</span> <span class='ocrx_word' id='word_1_256' title='bbox 808 3736 973 3815; x_wconf 90' lang='lat' dir='ltr'>preshyteris</span> 
     </span>
     <span class='ocr_line' id='line_1_36' title="bbox 118 3825 973 3913; baseline 0 -28"><span class='ocrx_word' id='word_1_257' title='bbox 118 3848 177 3895; x_wconf 57' lang='lat' dir='ltr'>nau,</span> <span class='ocrx_word' id='word_1_258' title='bbox 191 3827 339 3913; x_wconf 71' lang='lat' dir='ltr'>P,aliisque</span> <span class='ocrx_word' id='word_1_259' title='bbox 357 3829 406 3904; x_wconf 94' lang='lat' dir='ltr'>qui</span> <span class='ocrx_word' id='word_1_260' title='bbox 418 3831 461 3885; x_wconf 88' lang='lat' dir='ltr'>sui</span> <span class='ocrx_word' id='word_1_261' title='bbox 482 3847 560 3885; x_wconf 85' lang='lat' dir='ltr'>causa</span> <span class='ocrx_word' id='word_1_262' title='bbox 578 3825 608 3883; x_wconf 93' lang='lat' dir='ltr'>in</span> <span class='ocrx_word' id='word_1_263' title='bbox 619 3846 754 3885; x_wconf 87' lang='lat' dir='ltr'>carcerem</span> <span class='ocrx_word' id='word_1_264' title='bbox 770 3825 839 3884; x_wconf 90' lang='lat' dir='ltr'>trusi</span> <span class='ocrx_word' id='word_1_265' title='bbox 850 3826 973 3899; x_wconf 85' lang='lat' dir='ltr'>inerant,</span> 
     </span>
     <span class='ocr_line' id='line_1_37' title="bbox 74 3907 974 3997; baseline 0.03 -47"><span class='ocrx_word' id='word_1_266' title='bbox 74 3907 129 3956; x_wconf 68' lang='grc' dir='ltr'>διδ.</span> <span class='ocrx_word' id='word_1_267' title='bbox 226 3919 371 3997; x_wconf 85' lang='lat' dir='ltr'>epistolam</span> <span class='ocrx_word' id='word_1_268' title='bbox 385 3917 593 3976; x_wconf 89' lang='lat' dir='ltr'>consolatoriam</span> <span class='ocrx_word' id='word_1_269' title='bbox 605 3916 680 3975; x_wconf 90' lang='lat' dir='ltr'>misit</span> <span class='ocrx_word' id='word_1_270' title='bbox 691 3917 913 3997; x_wconf 86' lang='lat' dir='ltr'>Chrysostomus,</span> <span class='ocrx_word' id='word_1_271' title='bbox 925 3917 974 3977; x_wconf 88' lang='lat' dir='ltr'>uhi</span> 
     </span>
     <span class='ocr_line' id='line_1_38' title="bbox 227 4005 972 4087; baseline 0.003 -23"><span class='ocrx_word' id='word_1_272' title='bbox 227 4009 326 4087; x_wconf 90' lang='lat' dir='ltr'>paucis</span> <span class='ocrx_word' id='word_1_273' title='bbox 337 4009 462 4066; x_wconf 91' lang='lat' dir='ltr'>hortatur</span> <span class='ocrx_word' id='word_1_274' title='bbox 473 4007 536 4066; x_wconf 91' lang='lat' dir='ltr'>illos</span> <span class='ocrx_word' id='word_1_275' title='bbox 547 4006 582 4065; x_wconf 92' lang='lat' dir='ltr'>ad</span> <span class='ocrx_word' id='word_1_276' title='bbox 591 4007 757 4087; x_wconf 85' lang='lat' dir='ltr'>patientiam,</span> <span class='ocrx_word' id='word_1_277' title='bbox 771 4005 891 4086; x_wconf 78' lang='lat' dir='ltr'>dIcitque</span> <span class='ocrx_word' id='word_1_278' title='bbox 904 4028 972 4071; x_wconf 85' lang='lat' dir='ltr'>aeru-</span> 
     </span>
     <span class='ocr_line' id='line_1_39' title="bbox 228 4097 972 4179; baseline 0.003 -21"><span class='ocrx_word' id='word_1_279' title='bbox 228 4120 305 4179; x_wconf 79' lang='lat' dir='ltr'>mnas</span> <span class='ocrx_word' id='word_1_280' title='bbox 315 4112 342 4159; x_wconf 88' lang='lat' dir='ltr'>et</span> <span class='ocrx_word' id='word_1_281' title='bbox 353 4120 445 4178; x_wconf 87' lang='lat' dir='ltr'>poeuus</span> <span class='ocrx_word' id='word_1_282' title='bbox 460 4097 638 4178; x_wconf 85' lang='lat' dir='ltr'>hujusmodi,</span> <span class='ocrx_word' id='word_1_283' title='bbox 650 4118 701 4178; x_wconf 93' lang='lat' dir='ltr'>pro</span> <span class='ocrx_word' id='word_1_284' title='bbox 711 4097 813 4177; x_wconf 86' lang='lat' dir='ltr'>pietate</span> <span class='ocrx_word' id='word_1_285' title='bbox 823 4112 972 4179; x_wconf 86' lang='lat' dir='ltr'>susceptas,</span> 
     </span>
    </p>

    <p class='ocr_par' dir='ltr' id='par_1_4' title="bbox 75 4188 973 5359">
     <span class='ocr_line' id='line_1_40' title="bbox 228 4188 673 4251; baseline -0.007 -1"><span class='ocrx_word' id='word_1_286' title='bbox 228 4212 388 4250; x_wconf 88' lang='lat' dir='ltr'>coronarum</span> <span class='ocrx_word' id='word_1_287' title='bbox 400 4212 457 4251; x_wconf 89' lang='lat' dir='ltr'>esse</span> <span class='ocrx_word' id='word_1_288' title='bbox 467 4188 673 4250; x_wconf 89' lang='lat' dir='ltr'>conciliatrices.</span> 
     </span>
     <span class='ocr_line' id='line_1_41' title="bbox 117 4278 972 4361; baseline 0 -21"><span class='ocrx_word' id='word_1_289' title='bbox 117 4315 219 4357; x_wconf 68' lang='lat' dir='ltr'>saueius</span> <span class='ocrx_word' id='word_1_290' title='bbox 269 4284 415 4361; x_wconf 85' lang='lat' dir='ltr'>Postquam</span> <span class='ocrx_word' id='word_1_291' title='bbox 425 4281 464 4340; x_wconf 92' lang='lat' dir='ltr'>sic</span> <span class='ocrx_word' id='word_1_292' title='bbox 481 4279 615 4338; x_wconf 86' lang='lat' dir='ltr'>abductus</span> <span class='ocrx_word' id='word_1_293' title='bbox 629 4279 716 4336; x_wconf 85' lang='lat' dir='ltr'>iuerat</span> <span class='ocrx_word' id='word_1_294' title='bbox 728 4278 859 4354; x_wconf 83' lang='lat' dir='ltr'>loannes,</span> <span class='ocrx_word' id='word_1_295' title='bbox 875 4300 972 4340; x_wconf 88' lang='lat' dir='ltr'>curan·</span> 
     </span>
     <span class='ocr_line' id='line_1_42' title="bbox 100 4367 973 4454; baseline 0.002 -24"><span class='ocrx_word' id='word_1_296' title='bbox 100 4376 255 4438; x_wconf 65' lang='lat' dir='ltr'>occup-10</span> <span class='ocrx_word' id='word_1_297' title='bbox 270 4372 396 4432; x_wconf 76' lang='lat' dir='ltr'>Eudoxio</span> <span class='ocrx_word' id='word_1_298' title='bbox 406 4371 581 4454; x_wconf 85' lang='lat' dir='ltr'>imperatrice</span> <span class='ocrx_word' id='word_1_299' title='bbox 596 4368 622 4428; x_wconf 89' lang='lat' dir='ltr'>iu</span> <span class='ocrx_word' id='word_1_300' title='bbox 637 4367 728 4427; x_wconf 86' lang='lat' dir='ltr'>sedem</span> <span class='ocrx_word' id='word_1_301' title='bbox 742 4369 800 4449; x_wconf 84' lang='lat' dir='ltr'>ejus</span> <span class='ocrx_word' id='word_1_302' title='bbox 812 4370 973 4432; x_wconf 90' lang='lat' dir='ltr'>substitutus</span> 
     </span>
     <span class='ocr_line' id='line_1_43' title="bbox 76 4448 972 4544; baseline 0.003 -23"><span class='ocrx_word' id='word_1_303' title='bbox 76 4448 194 4544; x_wconf 53' lang='lat' dir='ltr'>{fimi</span> <span class='ocrx_word' id='word_1_304' title='bbox 230 4463 282 4522; x_wconf 82' lang='lat' dir='ltr'>suit</span> <span class='ocrx_word' id='word_1_305' title='bbox 299 4464 426 4522; x_wconf 80' lang='lat' dir='ltr'>ursacius</span> <span class='ocrx_word' id='word_1_306' title='bbox 444 4463 581 4541; x_wconf 86' lang='lat' dir='ltr'>vigesima</span> <span class='ocrx_word' id='word_1_307' title='bbox 596 4459 711 4540; x_wconf 87' lang='lat' dir='ltr'>septima</span> <span class='ocrx_word' id='word_1_308' title='bbox 724 4459 770 4518; x_wconf 91' lang='lat' dir='ltr'>die</span> <span class='ocrx_word' id='word_1_309' title='bbox 784 4462 881 4522; x_wconf 88' lang='lat' dir='ltr'>mensis</span> <span class='ocrx_word' id='word_1_310' title='bbox 897 4465 972 4525; x_wconf 84' lang='lat' dir='ltr'>lunii</span> 
     </span>
     <span class='ocr_line' id='line_1_44' title="bbox 75 4551 971 4635; baseline 0.019 -35"><span class='ocrx_word' id='word_1_311' title='bbox 75 4568 120 4602; x_wconf 73' lang='lat' dir='ltr'>rur.</span> <span class='ocrx_word' id='word_1_312' title='bbox 231 4555 376 4612; x_wconf 62' lang='lat' dir='ltr'>annoTOT.</span> <span class='ocrx_word' id='word_1_313' title='bbox 396 4553 462 4611; x_wconf 86' lang='lat' dir='ltr'>Erat</span> <span class='ocrx_word' id='word_1_314' title='bbox 483 4552 531 4611; x_wconf 93' lang='lat' dir='ltr'>ille</span> <span class='ocrx_word' id='word_1_315' title='bbox 544 4551 674 4613; x_wconf 75' lang='lat' dir='ltr'>Arsacius</span> <span class='ocrx_word' id='word_1_316' title='bbox 684 4553 766 4610; x_wconf 85' lang='lat' dir='ltr'>irater</span> <span class='ocrx_word' id='word_1_317' title='bbox 775 4553 909 4628; x_wconf 90' lang='lat' dir='ltr'>Nectarii,</span> <span class='ocrx_word' id='word_1_318' title='bbox 925 4558 971 4635; x_wconf 94' lang='lat' dir='ltr'>qui</span> 
     </span>
     <span class='ocr_line' id='line_1_45' title="bbox 79 4642 972 4723; baseline 0.006 -22"><span class='ocrx_word' id='word_1_319' title='bbox 79 4648 215 4693; x_wconf 62' lang='lat' dir='ltr'>sseswicen-</span> <span class='ocrx_word' id='word_1_320' title='bbox 231 4646 259 4701; x_wconf 93' lang='lat' dir='ltr'>in</span> <span class='ocrx_word' id='word_1_321' title='bbox 270 4642 360 4701; x_wconf 82' lang='lat' dir='ltr'>sedern</span> <span class='ocrx_word' id='word_1_322' title='bbox 372 4643 702 4723; x_wconf 78' lang='lat' dir='ltr'>constantinopolitanam,</span> <span class='ocrx_word' id='word_1_323' title='bbox 712 4643 843 4723; x_wconf 78' lang='lat' dir='ltr'>Gregorio</span> <span class='ocrx_word' id='word_1_324' title='bbox 859 4646 972 4707; x_wconf 86' lang='lat' dir='ltr'>Nazian-</span> 
     </span>
     <span class='ocr_line' id='line_1_46' title="bbox 76 4711 971 4833; baseline 0.003 -38"><span class='ocrx_word' id='word_1_325' title='bbox 76 4711 210 4833; x_wconf 52' lang='lat' dir='ltr'>Mssissyw„</span> <span class='ocrx_word' id='word_1_326' title='bbox 231 4756 296 4795; x_wconf 81' lang='lat' dir='ltr'>ncnc</span> <span class='ocrx_word' id='word_1_327' title='bbox 313 4733 456 4807; x_wconf 84' lang='lat' dir='ltr'>secedente,</span> <span class='ocrx_word' id='word_1_328' title='bbox 473 4734 601 4791; x_wconf 88' lang='lat' dir='ltr'>inductus</span> <span class='ocrx_word' id='word_1_329' title='bbox 623 4734 718 4790; x_wconf 86' lang='lat' dir='ltr'>luerat.</span> <span class='ocrx_word' id='word_1_330' title='bbox 740 4737 880 4796; x_wconf 80' lang='lat' dir='ltr'>Annorum</span> <span class='ocrx_word' id='word_1_331' title='bbox 899 4751 971 4798; x_wconf 87' lang='lat' dir='ltr'>octo·</span> 
     </span>
     <span class='ocr_line' id='line_1_47' title="bbox 77 4822 971 4908; baseline 0.013 -33"><span class='ocrx_word' id='word_1_332' title='bbox 77 4834 150 4892; x_wconf 61' lang='lat' dir='ltr'>Epist.</span> <span class='ocrx_word' id='word_1_333' title='bbox 166 4837 217 4880; x_wconf 78' lang='lat'>125.</span> <span class='ocrx_word' id='word_1_334' title='bbox 231 4826 305 4903; x_wconf 85' lang='lat' dir='ltr'>ginta</span> <span class='ocrx_word' id='word_1_335' title='bbox 320 4837 377 4881; x_wconf 88' lang='lat' dir='ltr'>erat</span> <span class='ocrx_word' id='word_1_336' title='bbox 389 4822 527 4899; x_wconf 75' lang='lat' dir='ltr'>Arsacias,</span> <span class='ocrx_word' id='word_1_337' title='bbox 546 4844 627 4900; x_wconf 91' lang='lat' dir='ltr'>quem</span> <span class='ocrx_word' id='word_1_338' title='bbox 640 4822 773 4900; x_wconf 90' lang='lat' dir='ltr'>delirum,</span> <span class='ocrx_word' id='word_1_339' title='bbox 784 4829 878 4908; x_wconf 79' lang='grc' dir='ltr'><strong>λῆρον,</strong></span> <span class='ocrx_word' id='word_1_340' title='bbox 892 4845 971 4891; x_wconf 82' lang='lat' dir='ltr'>vocat</span> 
     </span>
     <span class='ocr_line' id='line_1_48' title="bbox 231 4915 970 5000; baseline 0.009 -24"><span class='ocrx_word' id='word_1_341' title='bbox 231 4918 458 4996; x_wconf 85' lang='lat' dir='ltr'>Chrysostomus,</span> <span class='ocrx_word' id='word_1_342' title='bbox 473 4928 498 4972; x_wconf 91' lang='lat' dir='ltr'>ct</span> <span class='ocrx_word' id='word_1_343' title='bbox 515 4915 611 4993; x_wconf 89' lang='lat' dir='ltr'>lupum</span> <span class='ocrx_word' id='word_1_344' title='bbox 625 4927 705 4992; x_wconf 90' lang='lat' dir='ltr'>atque</span> <span class='ocrx_word' id='word_1_345' title='bbox 718 4915 882 4993; x_wconf 88' lang='lat' dir='ltr'>adulterum,</span> <span class='ocrx_word' id='word_1_346' title='bbox 897 4924 970 5000; x_wconf 93' lang='lat' dir='ltr'>quod</span> 
     </span>
     <span class='ocr_line' id='line_1_49' title="bbox 91 5002 971 5097; baseline 0.01 -33"><span class='ocrx_word' id='word_1_347' title='bbox 91 5050 154 5092; x_wconf 54' lang='lat' dir='ltr'>svm</span> <span class='ocrx_word' id='word_1_348' title='bbox 166 5049 182 5094; x_wconf 32' lang='lat'>1,</span> <span class='ocrx_word' id='word_1_349' title='bbox 194 5051 209 5097; x_wconf 84' lang='lat'>6</span> <span class='ocrx_word' id='word_1_350' title='bbox 230 5007 346 5065; x_wconf 87' lang='lat' dir='ltr'>alienam</span> <span class='ocrx_word' id='word_1_351' title='bbox 359 5003 450 5064; x_wconf 89' lang='lat' dir='ltr'>sedem</span> <span class='ocrx_word' id='word_1_352' title='bbox 464 5002 502 5061; x_wconf 91' lang='lat' dir='ltr'>sic</span> <span class='ocrx_word' id='word_1_353' title='bbox 517 5002 665 5062; x_wconf 87' lang='lat' dir='ltr'>invasisset.</span> <span class='ocrx_word' id='word_1_354' title='bbox 676 5005 720 5063; x_wconf 83' lang='lat' dir='ltr'>Ait</span> <span class='ocrx_word' id='word_1_355' title='bbox 730 5005 838 5084; x_wconf 92' lang='lat' dir='ltr'>quidem</span> <span class='ocrx_word' id='word_1_356' title='bbox 849 5011 971 5073; x_wconf 85' lang='lat' dir='ltr'>Socrates</span> 
     </span>
     <span class='ocr_line' id='line_1_50' title="bbox 75 5086 971 5178; baseline 0.011 -26"><span class='ocrx_word' id='word_1_357' title='bbox 75 5126 96 5154; x_wconf 67' lang='lat' dir='ltr'>a.</span> <span class='ocrx_word' id='word_1_358' title='bbox 113 5124 148 5169; x_wconf 78' lang='lat'>¹9·</span> <span class='ocrx_word' id='word_1_359' title='bbox 212 5086 322 5178; x_wconf 75' lang='lat' dir='ltr'>¹ipsum</span> <span class='ocrx_word' id='word_1_360' title='bbox 341 5095 377 5154; x_wconf 88' lang='lat' dir='ltr'>cb</span> <span class='ocrx_word' id='word_1_361' title='bbox 395 5093 555 5170; x_wconf 82' lang='lat' dir='ltr'>singularem</span> <span class='ocrx_word' id='word_1_362' title='bbox 574 5093 804 5157; x_wconf 87' lang='lat' dir='ltr'>mansuetudinem</span> <span class='ocrx_word' id='word_1_363' title='bbox 824 5100 971 5162; x_wconf 85' lang='lat' dir='ltr'>Ecclesiam</span> 
     </span>
     <span class='ocr_line' id='line_1_51' title="bbox 232 5182 971 5264; baseline 0.009 -17"><span class='ocrx_word' id='word_1_364' title='bbox 232 5185 379 5264; x_wconf 83' lang='lat' dir='ltr'>tranquille</span> <span class='ocrx_word' id='word_1_365' title='bbox 395 5182 567 5262; x_wconf 87' lang='lat' dir='ltr'>gubernasse.</span> <span class='ocrx_word' id='word_1_366' title='bbox 589 5187 692 5245; x_wconf 86' lang='lat' dir='ltr'>Verum</span> <span class='ocrx_word' id='word_1_367' title='bbox 705 5187 865 5250; x_wconf 88' lang='lat' dir='ltr'>Sczomenus</span> <span class='ocrx_word' id='word_1_368' title='bbox 881 5210 971 5256; x_wconf 89' lang='lat' dir='ltr'>narrat</span> 
     </span>
     <span class='ocr_line' id='line_1_52' title="bbox 232 5274 971 5359; baseline 0.011 -23"><span class='ocrx_word' id='word_1_369' title='bbox 232 5279 311 5336; x_wconf 89' lang='lat' dir='ltr'>illum</span> <span class='ocrx_word' id='word_1_370' title='bbox 326 5274 436 5354; x_wconf 89' lang='lat' dir='ltr'>quidem</span> <span class='ocrx_word' id='word_1_371' title='bbox 451 5287 620 5332; x_wconf 88' lang='lat' dir='ltr'>mansuetum</span> <span class='ocrx_word' id='word_1_372' title='bbox 633 5276 714 5336; x_wconf 87' lang='lat' dir='ltr'>fuisse</span> <span class='ocrx_word' id='word_1_373' title='bbox 724 5292 749 5337; x_wconf 88' lang='lat' dir='ltr'>et</span> <span class='ocrx_word' id='word_1_374' title='bbox 759 5300 821 5359; x_wconf 86' lang='lat' dir='ltr'>erga</span> <span class='ocrx_word' id='word_1_375' title='bbox 833 5283 922 5342; x_wconf 90' lang='lat' dir='ltr'>Deum</span> <span class='ocrx_word' id='word_1_376' title='bbox 932 5307 971 5345; x_wconf 92' lang='lat' dir='ltr'>re-</span> 
     </span>
    </p>
   </div>
   <div class='ocr_carea' id='block_1_3' title="bbox 232 5363 971 5449">
    <p class='ocr_par' dir='ltr' id='par_1_5' title="bbox 232 5363 971 5449">
     <span class='ocr_line' id='line_1_53' title="bbox 232 5363 971 5449; baseline 0.015 -21"><span class='ocrx_word' id='word_1_377' title='bbox 232 5369 379 5449; x_wconf 77' lang='lat' dir='ltr'>ligiosum3</span> <span class='ocrx_word' id='word_1_378' title='bbox 397 5363 444 5424; x_wconf 82' lang='lat' dir='ltr'>scd</span> <span class='ocrx_word' id='word_1_379' title='bbox 458 5363 564 5425; x_wconf 87' lang='lat' dir='ltr'>laudern</span> <span class='ocrx_word' id='word_1_380' title='bbox 576 5365 661 5443; x_wconf 82' lang='lat' dir='ltr'>illam,</span> <span class='ocrx_word' id='word_1_381' title='bbox 675 5390 756 5445; x_wconf 85' lang='lat' dir='ltr'>quam</span> <span class='ocrx_word' id='word_1_382' title='bbox 774 5374 893 5434; x_wconf 91' lang='lat' dir='ltr'>omnium</span> <span class='ocrx_word' id='word_1_383' title='bbox 909 5399 971 5440; x_wconf 86' lang='lat' dir='ltr'>con·</span> 
     </span>
    </p>
   </div>
   <div class='ocr_carea' id='block_1_4' title="bbox 1023 688 1871 5386">
    <p class='ocr_par' dir='ltr' id='par_1_6' title="bbox 1031 688 1783 775">
     <span class='ocr_line' id='line_1_54' title="bbox 1031 688 1783 775; baseline -0.004 -21"><span class='ocrx_word' id='word_1_384' title='bbox 1031 713 1108 754; x_wconf 84' lang='lat' dir='ltr'>sensu</span> <span class='ocrx_word' id='word_1_385' title='bbox 1120 691 1235 774; x_wconf 83' lang='lat' dir='ltr'>adeptus</span> <span class='ocrx_word' id='word_1_386' title='bbox 1245 694 1334 756; x_wconf 85' lang='lat' dir='ltr'>luerat</span> <span class='ocrx_word' id='word_1_387' title='bbox 1345 691 1498 775; x_wconf 69' lang='lat' dir='ltr'>preshytm,</span> <span class='ocrx_word' id='word_1_388' title='bbox 1512 688 1684 753; x_wconf 82' lang='lat' dir='ltr'>imminuisse</span> <span class='ocrx_word' id='word_1_389' title='bbox 1693 706 1783 770; x_wconf 77' lang='lat' dir='ltr'>qnos·</span> 
     </span>
    </p>

    <p class='ocr_par' dir='ltr' id='par_1_7' title="bbox 1030 781 1781 868">
     <span class='ocr_line' id='line_1_55' title="bbox 1030 781 1781 868; baseline -0.005 -24"><span class='ocrx_word' id='word_1_390' title='bbox 1030 784 1095 845; x_wconf 89' lang='lat' dir='ltr'>dam</span> <span class='ocrx_word' id='word_1_391' title='bbox 1106 784 1231 860; x_wconf 88' lang='lat' dir='ltr'>clericos,</span> <span class='ocrx_word' id='word_1_392' title='bbox 1247 785 1295 866; x_wconf 92' lang='lat' dir='ltr'>qui</span> <span class='ocrx_word' id='word_1_393' title='bbox 1305 784 1394 846; x_wconf 88' lang='lat' dir='ltr'>omnia</span> <span class='ocrx_word' id='word_1_394' title='bbox 1412 782 1562 868; x_wconf 89' lang='lat' dir='ltr'>prolnhito</span> <span class='ocrx_word' id='word_1_395' title='bbox 1577 804 1628 846; x_wconf 85' lang='lat' dir='ltr'>auo</span> <span class='ocrx_word' id='word_1_396' title='bbox 1639 781 1781 864; x_wconf 60' lang='lat' dir='ltr'>agmone,</span> 
     </span>
    </p>

    <p class='ocr_par' dir='ltr' id='par_1_8' title="bbox 1030 874 1871 1487">
     <span class='ocr_line' id='line_1_56' title="bbox 1031 874 1783 957; baseline -0.003 -21"><span class='ocrx_word' id='word_1_397' title='bbox 1031 889 1057 936; x_wconf 91' lang='lat' dir='ltr'>et</span> <span class='ocrx_word' id='word_1_398' title='bbox 1067 889 1140 956; x_wconf 86' lang='lat' dir='ltr'>gesta</span> <span class='ocrx_word' id='word_1_399' title='bbox 1151 897 1199 935; x_wconf 89' lang='lat' dir='ltr'>sua</span> <span class='ocrx_word' id='word_1_400' title='bbox 1214 876 1254 935; x_wconf 91' lang='lat' dir='ltr'>illi</span> <span class='ocrx_word' id='word_1_401' title='bbox 1270 876 1452 957; x_wconf 80' lang='lat' dir='ltr'>imputabant.</span> <span class='ocrx_word' id='word_1_402' title='bbox 1465 874 1584 957; x_wconf 78' lang='lat' dir='ltr'>Anysius</span> <span class='ocrx_word' id='word_1_403' title='bbox 1594 894 1677 947; x_wconf 79' lang='lat' dir='ltr'>vero,</span> <span class='ocrx_word' id='word_1_404' title='bbox 1694 891 1783 934; x_wconf 79' lang='lat' dir='ltr'>senex</span> 
     </span>
     <span class='ocr_line' id='line_1_57' title="bbox 1030 960 1871 1050; baseline -0.002 -22"><span class='ocrx_word' id='word_1_405' title='bbox 1030 967 1171 1050; x_wconf 88' lang='lat' dir='ltr'>episcopus</span> <span class='ocrx_word' id='word_1_406' title='bbox 1182 965 1449 1042; x_wconf 70' lang='lat' dir='ltr'>Thessalonicensis,</span> <span class='ocrx_word' id='word_1_407' title='bbox 1464 988 1493 1028; x_wconf 88' lang='lat' dir='ltr'>se</span> <span class='ocrx_word' id='word_1_408' title='bbox 1505 966 1635 1027; x_wconf 69' lang='lat' dir='ltr'>Ecclesiae</span> <span class='ocrx_word' id='word_1_409' title='bbox 1643 967 1782 1026; x_wconf 72' lang='lat' dir='ltr'>nomana</span> <span class='ocrx_word' id='word_1_410' title='bbox 1808 960 1871 1004; x_wconf 61' lang='grc' dir='ltr'>Μ’*</span> 
     </span>
     <span class='ocr_line' id='line_1_58' title="bbox 1030 1020 1866 1140; baseline -0.001 -23"><span class='ocrx_word' id='word_1_411' title='bbox 1030 1058 1281 1119; x_wconf 70' lang='lat' dir='ltr'>mundabatur</span> <span class='ocrx_word' id='word_1_412' title='bbox 1297 1057 1401 1136; x_wconf 90' lang='lat' dir='ltr'>dicens,</span> <span class='ocrx_word' id='word_1_413' title='bbox 1418 1058 1556 1119; x_wconf 81' lang='lat' dir='ltr'>aloannia</span> <span class='ocrx_word' id='word_1_414' title='bbox 1567 1055 1697 1140; x_wconf 83' lang='lat' dir='ltr'>partibus</span> <span class='ocrx_word' id='word_1_415' title='bbox 1707 1020 1834 1115; x_wconf 72' lang='lat' dir='ltr'>stare²⁶&#39;</span> <span class='ocrx_word' id='word_1_416' title='bbox 1845 1033 1866 1067; x_wconf 67' lang='lat'>‘¹</span> 
     </span>
     <span class='ocr_line' id='line_1_59' title="bbox 1031 1147 1784 1231; baseline 0 -23"><span class='ocrx_word' id='word_1_417' title='bbox 1031 1169 1060 1208; x_wconf 90' lang='lat' dir='ltr'>se</span> <span class='ocrx_word' id='word_1_418' title='bbox 1077 1147 1168 1209; x_wconf 82' lang='lat' dir='ltr'>dixit:</span> <span class='ocrx_word' id='word_1_419' title='bbox 1182 1151 1300 1231; x_wconf 84' lang='lat' dir='ltr'>episcopi</span> <span class='ocrx_word' id='word_1_420' title='bbox 1316 1171 1424 1230; x_wconf 88' lang='lat' dir='ltr'>quoqne</span> <span class='ocrx_word' id='word_1_421' title='bbox 1436 1150 1523 1212; x_wconf 80' lang='lat' dir='ltr'>Caria</span> <span class='ocrx_word' id='word_1_422' title='bbox 1537 1170 1567 1210; x_wconf 87' lang='lat' dir='ltr'>se</span> <span class='ocrx_word' id='word_1_423' title='bbox 1575 1148 1691 1212; x_wconf 77' lang='lat' dir='ltr'>loconis</span> <span class='ocrx_word' id='word_1_424' title='bbox 1702 1168 1784 1208; x_wconf 89' lang='lat' dir='ltr'>com-</span> 
     </span>
     <span class='ocr_line' id='line_1_60' title="bbox 1034 1240 1785 1323; baseline 0.004 -24"><span class='ocrx_word' id='word_1_425' title='bbox 1034 1241 1189 1301; x_wconf 89' lang='lat' dir='ltr'>munionem</span> <span class='ocrx_word' id='word_1_426' title='bbox 1196 1244 1321 1323; x_wconf 89' lang='lat' dir='ltr'>amplecti</span> <span class='ocrx_word' id='word_1_427' title='bbox 1331 1242 1433 1303; x_wconf 75' lang='lat' dir='ltr'>dixere·</span> <span class='ocrx_word' id='word_1_428' title='bbox 1447 1244 1519 1305; x_wconf 78' lang='lat' dir='ltr'>lutra</span> <span class='ocrx_word' id='word_1_429' title='bbox 1526 1240 1682 1304; x_wconf 81' lang='lat' dir='ltr'>ridebimus</span> <span class='ocrx_word' id='word_1_430' title='bbox 1691 1240 1785 1302; x_wconf 79' lang='lat' dir='ltr'>Palas·</span> 
     </span>
     <span class='ocr_line' id='line_1_61' title="bbox 1031 1331 1779 1418; baseline 0.004 -27"><span class='ocrx_word' id='word_1_431' title='bbox 1031 1333 1128 1392; x_wconf 88' lang='lat' dir='ltr'>stinam</span> <span class='ocrx_word' id='word_1_432' title='bbox 1146 1347 1171 1393; x_wconf 92' lang='lat' dir='ltr'>et</span> <span class='ocrx_word' id='word_1_433' title='bbox 1186 1334 1353 1396; x_wconf 84' lang='lat' dir='ltr'>Phoeuieiam</span> <span class='ocrx_word' id='word_1_434' title='bbox 1367 1338 1529 1418; x_wconf 84' lang='lat' dir='ltr'>proloanne</span> <span class='ocrx_word' id='word_1_435' title='bbox 1546 1333 1660 1395; x_wconf 67' lang='lat' dir='ltr'>icum:</span> <span class='ocrx_word' id='word_1_436' title='bbox 1674 1331 1779 1394; x_wconf 76' lang='lat' dir='ltr'>Cilicia</span> 
     </span>
     <span class='ocr_line' id='line_1_62' title="bbox 1032 1425 1269 1487; baseline 0.004 -1"><span class='ocrx_word' id='word_1_437' title='bbox 1032 1445 1097 1486; x_wconf 80' lang='lat' dir='ltr'>tero</span> <span class='ocrx_word' id='word_1_438' title='bbox 1109 1425 1197 1486; x_wconf 83' lang='lat' dir='ltr'>divisa</span> <span class='ocrx_word' id='word_1_439' title='bbox 1208 1427 1269 1487; x_wconf 82' lang='lat' dir='ltr'>luit.</span> 
     </span>
    </p>

    <p class='ocr_par' dir='ltr' id='par_1_9' title="bbox 1029 1517 1864 2060">
     <span class='ocr_line' id='line_1_63' title="bbox 1071 1517 1858 1600; baseline 0.001 -24"><span class='ocrx_word' id='word_1_440' title='bbox 1071 1518 1173 1579; x_wconf 79' lang='lat' dir='ltr'>Arsacii</span> <span class='ocrx_word' id='word_1_441' title='bbox 1188 1519 1297 1597; x_wconf 84' lang='lat' dir='ltr'>lamam,</span> <span class='ocrx_word' id='word_1_442' title='bbox 1311 1519 1399 1600; x_wconf 89' lang='lat' dir='ltr'>inquit</span> <span class='ocrx_word' id='word_1_443' title='bbox 1416 1519 1590 1597; x_wconf 77' lang='lat' dir='ltr'>Soxomenm,</span> <span class='ocrx_word' id='word_1_444' title='bbox 1602 1517 1734 1579; x_wconf 67' lang='lat' dir='ltr'>lumem</span> <span class='ocrx_word' id='word_1_445' title='bbox 1745 1535 1782 1576; x_wconf 80' lang='lat' dir='ltr'>ea</span> <span class='ocrx_word' id='word_1_446' title='bbox 1817 1521 1858 1563; x_wconf 77' lang='lat'>⁵⁰·</span> 
     </span>
     <span class='ocr_line' id='line_1_64' title="bbox 1029 1584 1864 1689; baseline 0.004 -22"><span class='ocrx_word' id='word_1_447' title='bbox 1029 1629 1090 1687; x_wconf 76' lang='lat' dir='ltr'>quar</span> <span class='ocrx_word' id='word_1_448' title='bbox 1111 1623 1185 1689; x_wconf 88' lang='lat' dir='ltr'>gesta</span> <span class='ocrx_word' id='word_1_449' title='bbox 1200 1625 1273 1672; x_wconf 89' lang='lat' dir='ltr'>sunt.</span> <span class='ocrx_word' id='word_1_450' title='bbox 1294 1613 1364 1672; x_wconf 86' lang='lat' dir='ltr'>Nam</span> <span class='ocrx_word' id='word_1_451' title='bbox 1385 1632 1447 1672; x_wconf 92' lang='lat' dir='ltr'>cum</span> <span class='ocrx_word' id='word_1_452' title='bbox 1461 1610 1573 1675; x_wconf 85' lang='lat' dir='ltr'>Joanuis</span> <span class='ocrx_word' id='word_1_453' title='bbox 1587 1610 1711 1671; x_wconf 83' lang='lat' dir='ltr'>lautores</span> <span class='ocrx_word' id='word_1_454' title='bbox 1727 1600 1815 1670; x_wconf 62' lang='grc' dir='ltr'>Μ’·</span> <span class='ocrx_word' id='word_1_455' title='bbox 1826 1584 1864 1631; x_wconf 72' lang='lat'>&#39;³‘</span> 
     </span>
     <span class='ocr_line' id='line_1_65' title="bbox 1030 1701 1782 1786; baseline 0.003 -26"><span class='ocrx_word' id='word_1_456' title='bbox 1030 1721 1091 1765; x_wconf 88' lang='lat' dir='ltr'>cum</span> <span class='ocrx_word' id='word_1_457' title='bbox 1110 1703 1236 1780; x_wconf 78' lang='lat' dir='ltr'>Arsacio,</span> <span class='ocrx_word' id='word_1_458' title='bbox 1250 1725 1299 1764; x_wconf 91' lang='lat' dir='ltr'>nec</span> <span class='ocrx_word' id='word_1_459' title='bbox 1319 1724 1382 1764; x_wconf 92' lang='lat' dir='ltr'>cum</span> <span class='ocrx_word' id='word_1_460' title='bbox 1402 1705 1461 1786; x_wconf 85' lang='lat' dir='ltr'>ejus</span> <span class='ocrx_word' id='word_1_461' title='bbox 1480 1701 1634 1764; x_wconf 72' lang='lat' dir='ltr'>{autoribus</span> <span class='ocrx_word' id='word_1_462' title='bbox 1652 1721 1782 1783; x_wconf 63' lang='lat' dir='ltr'>qenes</span> 
     </span>
     <span class='ocr_line' id='line_1_66' title="bbox 1029 1792 1785 1876; baseline 0.003 -22"><span class='ocrx_word' id='word_1_463' title='bbox 1029 1814 1109 1874; x_wconf 86' lang='lat' dir='ltr'>agere</span> <span class='ocrx_word' id='word_1_464' title='bbox 1121 1795 1163 1855; x_wconf 83' lang='lat' dir='ltr'>rel</span> <span class='ocrx_word' id='word_1_465' title='bbox 1178 1817 1268 1876; x_wconf 82' lang='lat' dir='ltr'>preces</span> <span class='ocrx_word' id='word_1_466' title='bbox 1279 1796 1390 1856; x_wconf 79' lang='lat' dir='ltr'>sundere</span> <span class='ocrx_word' id='word_1_467' title='bbox 1405 1796 1515 1868; x_wconf 82' lang='lat' dir='ltr'>vellent,</span> <span class='ocrx_word' id='word_1_468' title='bbox 1532 1793 1647 1875; x_wconf 81' lang='lat' dir='ltr'>ideoque</span> <span class='ocrx_word' id='word_1_469' title='bbox 1661 1792 1785 1856; x_wconf 69' lang='lat' dir='ltr'>mensim</span> 
     </span>
     <span class='ocr_line' id='line_1_67' title="bbox 1029 1886 1785 1969; baseline 0.001 -25"><span class='ocrx_word' id='word_1_470' title='bbox 1029 1900 1058 1947; x_wconf 90' lang='lat' dir='ltr'>et</span> <span class='ocrx_word' id='word_1_471' title='bbox 1072 1887 1100 1946; x_wconf 92' lang='lat' dir='ltr'>in</span> <span class='ocrx_word' id='word_1_472' title='bbox 1113 1886 1241 1947; x_wconf 82' lang='lat' dir='ltr'>extremis</span> <span class='ocrx_word' id='word_1_473' title='bbox 1252 1887 1371 1949; x_wconf 83' lang='lat' dir='ltr'>civitatis</span> <span class='ocrx_word' id='word_1_474' title='bbox 1385 1888 1508 1969; x_wconf 85' lang='lat' dir='ltr'>partibus</span> <span class='ocrx_word' id='word_1_475' title='bbox 1518 1886 1642 1948; x_wconf 82' lang='lat' dir='ltr'>mlleotas</span> <span class='ocrx_word' id='word_1_476' title='bbox 1655 1898 1785 1967; x_wconf 81' lang='lat' dir='ltr'>agerent,</span> 
     </span>
     <span class='ocr_line' id='line_1_68' title="bbox 1029 1977 1521 2060; baseline -0.002 -21"><span class='ocrx_word' id='word_1_477' title='bbox 1029 1998 1087 2039; x_wconf 91' lang='lat' dir='ltr'>rem</span> <span class='ocrx_word' id='word_1_478' title='bbox 1105 1978 1165 2059; x_wconf 88' lang='lat' dir='ltr'>ipse</span> <span class='ocrx_word' id='word_1_479' title='bbox 1174 1977 1209 2038; x_wconf 91' lang='lat' dir='ltr'>ad</span> <span class='ocrx_word' id='word_1_480' title='bbox 1218 1979 1411 2060; x_wconf 85' lang='lat' dir='ltr'>Imperatorem</span> <span class='ocrx_word' id='word_1_481' title='bbox 1419 1977 1521 2040; x_wconf 86' lang='lat' dir='ltr'>retulit.</span> 
     </span>
    </p>

    <p class='ocr_par' dir='ltr' id='par_1_10' title="bbox 1027 2070 1871 3072">
     <span class='ocr_line' id='line_1_69' title="bbox 1070 2070 1871 2153; baseline 0.004 -23"><span class='ocrx_word' id='word_1_482' title='bbox 1070 2070 1213 2132; x_wconf 86' lang='lat' dir='ltr'>Tribunus</span> <span class='ocrx_word' id='word_1_483' title='bbox 1227 2072 1318 2151; x_wconf 88' lang='lat' dir='ltr'>itaque</span> <span class='ocrx_word' id='word_1_484' title='bbox 1328 2093 1391 2132; x_wconf 87' lang='lat' dir='ltr'>eum</span> <span class='ocrx_word' id='word_1_485' title='bbox 1405 2071 1537 2133; x_wconf 88' lang='lat' dir='ltr'>militibus</span> <span class='ocrx_word' id='word_1_486' title='bbox 1555 2070 1784 2153; x_wconf 82' lang='lat' dir='ltr'>incongregatos</span> <span class='ocrx_word' id='word_1_487' title='bbox 1820 2074 1871 2117; x_wconf 76' lang='lat'>⁸⁰⁸·</span> 
     </span>
     <span class='ocr_line' id='line_1_70' title="bbox 1029 2130 1871 2247; baseline 0 -21"><span class='ocrx_word' id='word_1_488' title='bbox 1029 2165 1170 2227; x_wconf 88' lang='lat' dir='ltr'>Joannitas</span> <span class='ocrx_word' id='word_1_489' title='bbox 1180 2165 1309 2246; x_wconf 90' lang='lat' dir='ltr'>impetum</span> <span class='ocrx_word' id='word_1_490' title='bbox 1320 2167 1408 2227; x_wconf 83' lang='lat' dir='ltr'>iacere</span> <span class='ocrx_word' id='word_1_491' title='bbox 1419 2166 1522 2245; x_wconf 86' lang='lat' dir='ltr'>jussus,</span> <span class='ocrx_word' id='word_1_492' title='bbox 1533 2164 1641 2247; x_wconf 88' lang='lat' dir='ltr'>plebem</span> <span class='ocrx_word' id='word_1_493' title='bbox 1653 2165 1784 2226; x_wconf 76' lang='lat' dir='ltr'>bmtihos</span> <span class='ocrx_word' id='word_1_494' title='bbox 1793 2130 1819 2181; x_wconf 49' lang='grc' dir='ltr'>θ’</span> <span class='ocrx_word' id='word_1_495' title='bbox 1829 2150 1852 2182; x_wconf 75' lang='lat'>‘&#39;</span> <span class='ocrx_word' id='word_1_496' title='bbox 1863 2149 1871 2180; x_wconf 83' lang='lat'><strong>¹</strong></span> 
     </span>
     <span class='ocr_line' id='line_1_71' title="bbox 1029 2254 1783 2337; baseline 0.001 -20"><span class='ocrx_word' id='word_1_497' title='bbox 1029 2271 1056 2317; x_wconf 90' lang='lat' dir='ltr'>et</span> <span class='ocrx_word' id='word_1_498' title='bbox 1070 2256 1144 2318; x_wconf 87' lang='lat' dir='ltr'>saxis</span> <span class='ocrx_word' id='word_1_499' title='bbox 1163 2255 1265 2320; x_wconf 74' lang='lat' dir='ltr'>cadens</span> <span class='ocrx_word' id='word_1_500' title='bbox 1288 2257 1380 2337; x_wconf 84' lang='lat' dir='ltr'>lugere</span> <span class='ocrx_word' id='word_1_501' title='bbox 1389 2254 1537 2337; x_wconf 66' lang='lat' dir='ltr'>compulit,</span> <span class='ocrx_word' id='word_1_502' title='bbox 1547 2255 1697 2317; x_wconf 82' lang='lat' dir='ltr'>nobiliores</span> <span class='ocrx_word' id='word_1_503' title='bbox 1710 2276 1783 2318; x_wconf 83' lang='lat' dir='ltr'>reso</span> 
     </span>
     <span class='ocr_line' id='line_1_72' title="bbox 1028 2345 1785 2430; baseline 0 -22"><span class='ocrx_word' id='word_1_504' title='bbox 1028 2362 1055 2408; x_wconf 90' lang='lat' dir='ltr'>et</span> <span class='ocrx_word' id='word_1_505' title='bbox 1068 2349 1173 2427; x_wconf 88' lang='lat' dir='ltr'>eosqui</span> <span class='ocrx_word' id='word_1_506' title='bbox 1186 2348 1298 2410; x_wconf 84' lang='lat' dir='ltr'>loannis</span> <span class='ocrx_word' id='word_1_507' title='bbox 1307 2362 1397 2430; x_wconf 86' lang='lat' dir='ltr'>partes</span> <span class='ocrx_word' id='word_1_508' title='bbox 1405 2347 1560 2421; x_wconf 86' lang='lat' dir='ltr'>tuebantur,</span> <span class='ocrx_word' id='word_1_509' title='bbox 1573 2345 1785 2408; x_wconf 76' lang='lat' dir='ltr'>custodiaetra·</span> 
     </span>
     <span class='ocr_line' id='line_1_73' title="bbox 1028 2437 1786 2521; baseline 0.003 -22"><span class='ocrx_word' id='word_1_510' title='bbox 1028 2438 1109 2499; x_wconf 84' lang='lat' dir='ltr'>didit.</span> <span class='ocrx_word' id='word_1_511' title='bbox 1124 2442 1203 2501; x_wconf 90' lang='lat' dir='ltr'>Tunc</span> <span class='ocrx_word' id='word_1_512' title='bbox 1219 2454 1323 2519; x_wconf 83' lang='lat' dir='ltr'>autem,</span> <span class='ocrx_word' id='word_1_513' title='bbox 1336 2440 1377 2500; x_wconf 90' lang='lat' dir='ltr'>uti</span> <span class='ocrx_word' id='word_1_514' title='bbox 1388 2440 1454 2500; x_wconf 92' lang='lat' dir='ltr'>solet</span> <span class='ocrx_word' id='word_1_515' title='bbox 1466 2437 1576 2521; x_wconf 87' lang='lat' dir='ltr'>quando</span> <span class='ocrx_word' id='word_1_516' title='bbox 1587 2438 1729 2501; x_wconf 81' lang='lat' dir='ltr'>militibm</span> <span class='ocrx_word' id='word_1_517' title='bbox 1742 2439 1786 2501; x_wconf 86' lang='lat' dir='ltr'>li-</span> 
     </span>
     <span class='ocr_line' id='line_1_74' title="bbox 1029 2530 1785 2614; baseline 0.001 -23"><span class='ocrx_word' id='word_1_518' title='bbox 1029 2533 1115 2594; x_wconf 90' lang='lat' dir='ltr'>centia</span> <span class='ocrx_word' id='word_1_519' title='bbox 1126 2530 1219 2610; x_wconf 83' lang='lat' dir='ltr'>datur,</span> <span class='ocrx_word' id='word_1_520' title='bbox 1236 2531 1362 2592; x_wconf 83' lang='lat' dir='ltr'>mulieres</span> <span class='ocrx_word' id='word_1_521' title='bbox 1370 2546 1466 2592; x_wconf 89' lang='lat' dir='ltr'>ornatu</span> <span class='ocrx_word' id='word_1_522' title='bbox 1476 2552 1526 2591; x_wconf 90' lang='lat' dir='ltr'>suo</span> <span class='ocrx_word' id='word_1_523' title='bbox 1535 2531 1564 2593; x_wconf 83' lang='lat' dir='ltr'>vi</span> <span class='ocrx_word' id='word_1_524' title='bbox 1574 2531 1785 2614; x_wconf 69' lang='lat' dir='ltr'>adhibitaque-</span> 
     </span>
     <span class='ocr_line' id='line_1_75' title="bbox 1028 2623 1783 2702; baseline 0.003 -19"><span class='ocrx_word' id='word_1_525' title='bbox 1028 2623 1143 2701; x_wconf 83' lang='lat' dir='ltr'>liantur;</span> <span class='ocrx_word' id='word_1_526' title='bbox 1153 2623 1215 2683; x_wconf 90' lang='lat' dir='ltr'>aliis</span> <span class='ocrx_word' id='word_1_527' title='bbox 1224 2623 1346 2700; x_wconf 89' lang='lat' dir='ltr'>monilia,</span> <span class='ocrx_word' id='word_1_528' title='bbox 1360 2644 1432 2684; x_wconf 72' lang='lat' dir='ltr'>zone</span> <span class='ocrx_word' id='word_1_529' title='bbox 1441 2644 1529 2684; x_wconf 82' lang='lat' dir='ltr'>aurete</span> <span class='ocrx_word' id='word_1_530' title='bbox 1538 2637 1565 2683; x_wconf 89' lang='lat' dir='ltr'>et</span> <span class='ocrx_word' id='word_1_531' title='bbox 1575 2623 1783 2702; x_wconf 81' lang='lat' dir='ltr'>torquesahn&#39;·</span> 
     </span>
     <span class='ocr_line' id='line_1_76' title="bbox 1028 2714 1780 2795; baseline 0.007 -21"><span class='ocrx_word' id='word_1_532' title='bbox 1028 2715 1154 2795; x_wconf 87' lang='lat' dir='ltr'>piuntur,</span> <span class='ocrx_word' id='word_1_533' title='bbox 1172 2715 1233 2775; x_wconf 89' lang='lat' dir='ltr'>aliis</span> <span class='ocrx_word' id='word_1_534' title='bbox 1248 2714 1276 2776; x_wconf 93' lang='lat' dir='ltr'>in</span> <span class='ocrx_word' id='word_1_535' title='bbox 1290 2737 1367 2776; x_wconf 82' lang='lat' dir='ltr'>aures</span> <span class='ocrx_word' id='word_1_536' title='bbox 1381 2715 1464 2776; x_wconf 92' lang='lat' dir='ltr'>simul</span> <span class='ocrx_word' id='word_1_537' title='bbox 1477 2737 1539 2776; x_wconf 88' lang='lat' dir='ltr'>cum</span> <span class='ocrx_word' id='word_1_538' title='bbox 1552 2717 1666 2776; x_wconf 86' lang='lat' dir='ltr'>auribus</span> <span class='ocrx_word' id='word_1_539' title='bbox 1677 2714 1780 2779; x_wconf 69' lang='lat' dir='ltr'>dema-</span> 
     </span>
     <span class='ocr_line' id='line_1_77' title="bbox 1028 2806 1784 2890; baseline 0.008 -25"><span class='ocrx_word' id='word_1_540' title='bbox 1028 2806 1141 2867; x_wconf 90' lang='lat' dir='ltr'>huutur.</span> <span class='ocrx_word' id='word_1_541' title='bbox 1159 2809 1281 2887; x_wconf 86' lang='lat' dir='ltr'>Cumque</span> <span class='ocrx_word' id='word_1_542' title='bbox 1297 2808 1391 2889; x_wconf 89' lang='lat' dir='ltr'>iugens</span> <span class='ocrx_word' id='word_1_543' title='bbox 1410 2808 1577 2890; x_wconf 88' lang='lat' dir='ltr'>perturbatio</span> <span class='ocrx_word' id='word_1_544' title='bbox 1589 2822 1616 2868; x_wconf 93' lang='lat' dir='ltr'>et</span> <span class='ocrx_word' id='word_1_545' title='bbox 1636 2808 1731 2871; x_wconf 81' lang='lat' dir='ltr'>luctus</span> <span class='ocrx_word' id='word_1_546' title='bbox 1749 2810 1784 2871; x_wconf 92' lang='lat' dir='ltr'>in</span> 
     </span>
     <span class='ocr_line' id='line_1_78' title="bbox 1028 2900 1784 2984; baseline 0.011 -26"><span class='ocrx_word' id='word_1_547' title='bbox 1028 2901 1095 2960; x_wconf 91' lang='lat' dir='ltr'>urhe</span> <span class='ocrx_word' id='word_1_548' title='bbox 1104 2913 1182 2977; x_wconf 82' lang='lat' dir='ltr'>esset,</span> <span class='ocrx_word' id='word_1_549' title='bbox 1197 2922 1231 2960; x_wconf 91' lang='lat' dir='ltr'>ne</span> <span class='ocrx_word' id='word_1_550' title='bbox 1241 2900 1280 2960; x_wconf 90' lang='lat' dir='ltr'>sic</span> <span class='ocrx_word' id='word_1_551' title='bbox 1291 2900 1402 2979; x_wconf 91' lang='lat' dir='ltr'>quidem</span> <span class='ocrx_word' id='word_1_552' title='bbox 1415 2901 1492 2982; x_wconf 89' lang='lat' dir='ltr'>plebs</span> <span class='ocrx_word' id='word_1_553' title='bbox 1503 2900 1784 2984; x_wconf 75' lang='lat' dir='ltr'>pristinamergatc-</span> 
     </span>
     <span class='ocr_line' id='line_1_79' title="bbox 1027 2990 1627 3072; baseline 0.003 -22"><span class='ocrx_word' id='word_1_554' title='bbox 1027 3011 1124 3052; x_wconf 85' lang='lat' dir='ltr'>aunem</span> <span class='ocrx_word' id='word_1_555' title='bbox 1136 2990 1355 3053; x_wconf 80' lang='lat' dir='ltr'>benevolentiam</span> <span class='ocrx_word' id='word_1_556' title='bbox 1364 2992 1472 3072; x_wconf 84' lang='lat' dir='ltr'>abjecit.</span> <span class='ocrx_word' id='word_1_557' title='bbox 1623 2993 1627 3000; x_wconf 91' lang='grc'><strong>’</strong></span> 
     </span>
    </p>

    <p class='ocr_par' dir='ltr' id='par_1_11' title="bbox 1023 3085 1871 5101">
     <span class='ocr_line' id='line_1_80' title="bbox 1067 3085 1868 3168; baseline 0.004 -24"><span class='ocrx_word' id='word_1_558' title='bbox 1067 3085 1113 3145; x_wconf 93' lang='lat' dir='ltr'>llli</span> <span class='ocrx_word' id='word_1_559' title='bbox 1126 3107 1190 3147; x_wconf 85' lang='lat' dir='ltr'>vero</span> <span class='ocrx_word' id='word_1_560' title='bbox 1203 3086 1312 3168; x_wconf 88' lang='lat' dir='ltr'>publice</span> <span class='ocrx_word' id='word_1_561' title='bbox 1328 3085 1442 3165; x_wconf 88' lang='lat' dir='ltr'>quidem</span> <span class='ocrx_word' id='word_1_562' title='bbox 1465 3086 1611 3147; x_wconf 88' lang='lat' dir='ltr'>convenire</span> <span class='ocrx_word' id='word_1_563' title='bbox 1624 3105 1681 3147; x_wconf 86' lang='lat' dir='ltr'>nou</span> <span class='ocrx_word' id='word_1_564' title='bbox 1702 3085 1783 3148; x_wconf 75' lang='lat' dir='ltr'>ultra</span> <span class='ocrx_word' id='word_1_565' title='bbox 1819 3092 1868 3136; x_wconf 78' lang='lat'><strong>⁸⁰¹·</strong></span> 
     </span>
     <span class='ocr_line' id='line_1_81' title="bbox 1025 3151 1865 3261; baseline 0.001 -23"><span class='ocrx_word' id='word_1_566' title='bbox 1025 3177 1180 3253; x_wconf 84' lang='lat' dir='ltr'>audebant,</span> <span class='ocrx_word' id='word_1_567' title='bbox 1197 3179 1277 3239; x_wconf 93' lang='lat' dir='ltr'>multi</span> <span class='ocrx_word' id='word_1_568' title='bbox 1291 3178 1375 3238; x_wconf 90' lang='lat' dir='ltr'>necin</span> <span class='ocrx_word' id='word_1_569' title='bbox 1386 3179 1486 3258; x_wconf 86' lang='lat' dir='ltr'>iorum,</span> <span class='ocrx_word' id='word_1_570' title='bbox 1501 3198 1549 3238; x_wconf 90' lang='lat' dir='ltr'>nee</span> <span class='ocrx_word' id='word_1_571' title='bbox 1560 3177 1594 3239; x_wconf 93' lang='lat' dir='ltr'>ad</span> <span class='ocrx_word' id='word_1_572' title='bbox 1605 3168 1815 3261; x_wconf 73' lang='lat' dir='ltr'>halueapro·‘&#39;</span> <span class='ocrx_word' id='word_1_573' title='bbox 1828 3151 1865 3198; x_wconf 77' lang='lat'>&#39;³&#39;</span> 
     </span>
     <span class='ocr_line' id='line_1_82' title="bbox 1026 3269 1783 3353; baseline 0.005 -24"><span class='ocrx_word' id='word_1_574' title='bbox 1026 3269 1132 3347; x_wconf 87' lang='lat' dir='ltr'>cederc;</span> <span class='ocrx_word' id='word_1_575' title='bbox 1153 3270 1319 3353; x_wconf 88' lang='lat' dir='ltr'>quibusdam</span> <span class='ocrx_word' id='word_1_576' title='bbox 1337 3271 1419 3331; x_wconf 86' lang='lat' dir='ltr'>etiam</span> <span class='ocrx_word' id='word_1_577' title='bbox 1436 3283 1528 3331; x_wconf 88' lang='lat' dir='ltr'>tutum</span> <span class='ocrx_word' id='word_1_578' title='bbox 1547 3290 1602 3332; x_wconf 91' lang='lat' dir='ltr'>nou</span> <span class='ocrx_word' id='word_1_579' title='bbox 1623 3283 1683 3332; x_wconf 88' lang='lat' dir='ltr'>erat</span> <span class='ocrx_word' id='word_1_580' title='bbox 1698 3270 1783 3333; x_wconf 78' lang='lat' dir='ltr'>domi</span> 
     </span>
     <span class='ocr_line' id='line_1_83' title="bbox 1026 3363 1783 3446; baseline 0.004 -23"><span class='ocrx_word' id='word_1_581' title='bbox 1026 3384 1150 3442; x_wconf 70' lang='lat' dir='ltr'>manere,</span> <span class='ocrx_word' id='word_1_582' title='bbox 1166 3363 1214 3424; x_wconf 87' lang='lat' dir='ltr'>scd</span> <span class='ocrx_word' id='word_1_583' title='bbox 1227 3363 1339 3446; x_wconf 89' lang='lat' dir='ltr'>plurimi</span> <span class='ocrx_word' id='word_1_584' title='bbox 1357 3363 1411 3423; x_wconf 81' lang='lat' dir='ltr'>riri</span> <span class='ocrx_word' id='word_1_585' title='bbox 1432 3363 1498 3423; x_wconf 90' lang='lat' dir='ltr'>honi</span> <span class='ocrx_word' id='word_1_586' title='bbox 1521 3363 1783 3443; x_wconf 75' lang='lat' dir='ltr'>honestaquemu-</span> 
     </span>
     <span class='ocr_line' id='line_1_84' title="bbox 1025 3454 1782 3534; baseline 0.003 -19"><span class='ocrx_word' id='word_1_587' title='bbox 1025 3455 1103 3516; x_wconf 82' lang='lat' dir='ltr'>lieres</span> <span class='ocrx_word' id='word_1_588' title='bbox 1114 3457 1180 3517; x_wconf 88' lang='lat' dir='ltr'>urhe</span> <span class='ocrx_word' id='word_1_589' title='bbox 1187 3454 1363 3516; x_wconf 77' lang='lat' dir='ltr'>excedebant:</span> <span class='ocrx_word' id='word_1_590' title='bbox 1373 3476 1408 3513; x_wconf 84' lang='lat' dir='ltr'>ex</span> <span class='ocrx_word' id='word_1_591' title='bbox 1415 3476 1532 3534; x_wconf 88' lang='lat' dir='ltr'>quorum</span> <span class='ocrx_word' id='word_1_592' title='bbox 1539 3456 1714 3523; x_wconf 82' lang='lat' dir='ltr'>numeroiuit</span> <span class='ocrx_word' id='word_1_593' title='bbox 1723 3455 1782 3517; x_wconf 78' lang='lat' dir='ltr'>tti-</span> 
     </span>
     <span class='ocr_line' id='line_1_85' title="bbox 1025 3544 1781 3628; baseline 0.003 -21"><span class='ocrx_word' id='word_1_594' title='bbox 1025 3561 1114 3607; x_wconf 90' lang='lat' dir='ltr'>carete</span> <span class='ocrx_word' id='word_1_595' title='bbox 1123 3547 1253 3628; x_wconf 88' lang='lat' dir='ltr'>Bithyna,</span> <span class='ocrx_word' id='word_1_596' title='bbox 1269 3544 1353 3607; x_wconf 93' lang='lat' dir='ltr'>nobili</span> <span class='ocrx_word' id='word_1_597' title='bbox 1369 3565 1462 3626; x_wconf 82' lang='lat' dir='ltr'>genere</span> <span class='ocrx_word' id='word_1_598' title='bbox 1475 3547 1640 3611; x_wconf 69' lang='lat' dir='ltr'>Nicomedia</span> <span class='ocrx_word' id='word_1_599' title='bbox 1652 3560 1725 3628; x_wconf 83' lang='lat' dir='ltr'>orta,</span> <span class='ocrx_word' id='word_1_600' title='bbox 1737 3548 1781 3609; x_wconf 92' lang='lat' dir='ltr'>oh</span> 
     </span>
     <span class='ocr_line' id='line_1_86' title="bbox 1025 3638 1779 3719; baseline 0.008 -22"><span class='ocrx_word' id='word_1_601' title='bbox 1025 3651 1180 3719; x_wconf 87' lang='lat' dir='ltr'>perpetuam</span> <span class='ocrx_word' id='word_1_602' title='bbox 1191 3638 1374 3718; x_wconf 82' lang='lat' dir='ltr'>virginitatem</span> <span class='ocrx_word' id='word_1_603' title='bbox 1387 3640 1488 3700; x_wconf 79' lang='lat' dir='ltr'>etrite</span> <span class='ocrx_word' id='word_1_604' title='bbox 1504 3639 1713 3701; x_wconf 83' lang='lat' dir='ltr'>sanctimoniam</span> <span class='ocrx_word' id='word_1_605' title='bbox 1723 3660 1779 3703; x_wconf 75' lang='grc' dir='ltr'>ω-</span> 
     </span>
     <span class='ocr_line' id='line_1_87' title="bbox 1027 3729 1826 3816; baseline 0.013 -31"><span class='ocrx_word' id='word_1_606' title='bbox 1027 3729 1183 3816; x_wconf 73' lang='lat' dir='ltr'>leberrima,</span> <span class='ocrx_word' id='word_1_607' title='bbox 1198 3731 1333 3792; x_wconf 83' lang='lat' dir='ltr'>virtutum</span> <span class='ocrx_word' id='word_1_608' title='bbox 1347 3732 1469 3791; x_wconf 89' lang='lat' dir='ltr'>omnium</span> <span class='ocrx_word' id='word_1_609' title='bbox 1489 3732 1621 3793; x_wconf 90' lang='lat' dir='ltr'>exercitio</span> <span class='ocrx_word' id='word_1_610' title='bbox 1633 3731 1751 3795; x_wconf 80' lang='lat' dir='ltr'>addicta</span> <span class='ocrx_word' id='word_1_611' title='bbox 1767 3733 1826 3811; x_wconf 76' lang='lat'>,¹⁵⁸</span> 
     </span>
     <span class='ocr_line' id='line_1_88' title="bbox 1027 3802 1854 3908; baseline 0.016 -29"><span class='ocrx_word' id='word_1_612' title='bbox 1027 3820 1062 3879; x_wconf 86' lang='lat' dir='ltr'>ita</span> <span class='ocrx_word' id='word_1_613' title='bbox 1077 3835 1107 3881; x_wconf 92' lang='lat' dir='ltr'>ut</span> <span class='ocrx_word' id='word_1_614' title='bbox 1116 3843 1178 3882; x_wconf 90' lang='lat' dir='ltr'>cum</span> <span class='ocrx_word' id='word_1_615' title='bbox 1192 3821 1360 3904; x_wconf 88' lang='lat' dir='ltr'>amplissimo</span> <span class='ocrx_word' id='word_1_616' title='bbox 1373 3823 1536 3905; x_wconf 86' lang='lat' dir='ltr'>patrimonio</span> <span class='ocrx_word' id='word_1_617' title='bbox 1546 3825 1645 3906; x_wconf 86' lang='lat' dir='ltr'>injuste</span> <span class='ocrx_word' id='word_1_618' title='bbox 1653 3826 1778 3908; x_wconf 86' lang='lat' dir='ltr'>spoliata</span> <span class='ocrx_word' id='word_1_619' title='bbox 1788 3802 1854 3845; x_wconf 58' lang='grc' dir='ltr'>ΑΜ</span> 
     </span>
     <span class='ocr_line' id='line_1_89' title="bbox 1026 3911 1777 4001; baseline 0.019 -32"><span class='ocrx_word' id='word_1_620' title='bbox 1026 3911 1129 3988; x_wconf 82' lang='lat' dir='ltr'>luisset,</span> <span class='ocrx_word' id='word_1_621' title='bbox 1145 3935 1202 3973; x_wconf 90' lang='lat' dir='ltr'>rem</span> <span class='ocrx_word' id='word_1_622' title='bbox 1219 3915 1413 3996; x_wconf 84' lang='lat' dir='ltr'>patientissime</span> <span class='ocrx_word' id='word_1_623' title='bbox 1431 3917 1539 3999; x_wconf 69' lang='lat' dir='ltr'>tulerity</span> <span class='ocrx_word' id='word_1_624' title='bbox 1555 3917 1602 3978; x_wconf 89' lang='lat' dir='ltr'>sed</span> <span class='ocrx_word' id='word_1_625' title='bbox 1614 3939 1649 3979; x_wconf 87' lang='lat' dir='ltr'>ex</span> <span class='ocrx_word' id='word_1_626' title='bbox 1671 3922 1777 4001; x_wconf 84' lang='lat' dir='ltr'>paucis</span> 
     </span>
     <span class='ocr_line' id='line_1_90' title="bbox 1027 4002 1778 4088; baseline 0.02 -27"><span class='ocrx_word' id='word_1_627' title='bbox 1027 4002 1079 4062; x_wconf 93' lang='lat' dir='ltr'>sihi</span> <span class='ocrx_word' id='word_1_628' title='bbox 1094 4003 1212 4082; x_wconf 88' lang='lat' dir='ltr'>relictis,</span> <span class='ocrx_word' id='word_1_629' title='bbox 1234 4005 1362 4087; x_wconf 89' lang='lat' dir='ltr'>prudenti</span> <span class='ocrx_word' id='word_1_630' title='bbox 1382 4029 1430 4068; x_wconf 88' lang='lat' dir='ltr'>usa</span> <span class='ocrx_word' id='word_1_631' title='bbox 1449 4008 1700 4088; x_wconf 85' lang='lat' dir='ltr'>administratione,</span> <span class='ocrx_word' id='word_1_632' title='bbox 1717 4032 1778 4076; x_wconf 86' lang='lat' dir='ltr'>non</span> 
     </span>
     <span class='ocr_line' id='line_1_91' title="bbox 1026 4095 1775 4187; baseline 0.016 -33"><span class='ocrx_word' id='word_1_633' title='bbox 1026 4095 1107 4156; x_wconf 85' lang='lat' dir='ltr'>modo</span> <span class='ocrx_word' id='word_1_634' title='bbox 1117 4096 1169 4155; x_wconf 88' lang='lat' dir='ltr'>sihi</span> <span class='ocrx_word' id='word_1_635' title='bbox 1180 4111 1205 4157; x_wconf 85' lang='lat' dir='ltr'>et</span> <span class='ocrx_word' id='word_1_636' title='bbox 1212 4097 1363 4159; x_wconf 86' lang='lat' dir='ltr'>domesticis</span> <span class='ocrx_word' id='word_1_637' title='bbox 1376 4101 1753 4182; x_wconf 83' lang='lat' dir='ltr'>necessariasuppeditarerit</span> <span class='ocrx_word' id='word_1_638' title='bbox 1764 4152 1775 4187; x_wconf 89' lang='lat'>,</span> 
     </span>
     <span class='ocr_line' id='line_1_92' title="bbox 1026 4187 1777 4274; baseline 0.016 -28"><span class='ocrx_word' id='word_1_639' title='bbox 1026 4187 1072 4247; x_wconf 89' lang='lat' dir='ltr'>sod</span> <span class='ocrx_word' id='word_1_640' title='bbox 1085 4188 1165 4248; x_wconf 85' lang='lat' dir='ltr'>etiam</span> <span class='ocrx_word' id='word_1_641' title='bbox 1176 4189 1237 4249; x_wconf 92' lang='lat' dir='ltr'>aliis</span> <span class='ocrx_word' id='word_1_642' title='bbox 1248 4190 1506 4268; x_wconf 86' lang='lat' dir='ltr'>subministraverit,</span> <span class='ocrx_word' id='word_1_643' title='bbox 1521 4193 1695 4274; x_wconf 83' lang='lat' dir='ltr'>maximeque</span> <span class='ocrx_word' id='word_1_644' title='bbox 1713 4216 1777 4258; x_wconf 86' lang='lat' dir='ltr'>me-</span> 
     </span>
     <span class='ocr_line' id='line_1_93' title="bbox 1025 4277 1849 4370; baseline 0.016 -33"><span class='ocrx_word' id='word_1_645' title='bbox 1025 4277 1185 4356; x_wconf 86' lang='lat' dir='ltr'>dicamenta,</span> <span class='ocrx_word' id='word_1_646' title='bbox 1194 4303 1254 4360; x_wconf 80' lang='lat' dir='ltr'>qua</span> <span class='ocrx_word' id='word_1_647' title='bbox 1265 4282 1322 4364; x_wconf 89' lang='lat' dir='ltr'>ipsa</span> <span class='ocrx_word' id='word_1_648' title='bbox 1333 4283 1470 4364; x_wconf 83' lang='lat' dir='ltr'>ingeniose</span> <span class='ocrx_word' id='word_1_649' title='bbox 1479 4285 1514 4345; x_wconf 90' lang='lat' dir='ltr'>ad</span> <span class='ocrx_word' id='word_1_650' title='bbox 1522 4306 1674 4367; x_wconf 86' lang='lat' dir='ltr'>pauperum</span> <span class='ocrx_word' id='word_1_651' title='bbox 1683 4308 1777 4370; x_wconf 74' lang='lat' dir='ltr'>egro-</span> <span class='ocrx_word' id='word_1_652' title='bbox 1840 4303 1849 4317; x_wconf 89' lang='lat'><strong>·</strong></span> 
     </span>
     <span class='ocr_line' id='line_1_94' title="bbox 1026 4371 1777 4456; baseline 0.02 -28"><span class='ocrx_word' id='word_1_653' title='bbox 1026 4371 1140 4430; x_wconf 89' lang='lat' dir='ltr'>tautium</span> <span class='ocrx_word' id='word_1_654' title='bbox 1153 4394 1230 4432; x_wconf 89' lang='lat' dir='ltr'>usum</span> <span class='ocrx_word' id='word_1_655' title='bbox 1239 4375 1513 4454; x_wconf 84' lang='lat' dir='ltr'>apparabat.Certum</span> <span class='ocrx_word' id='word_1_656' title='bbox 1528 4391 1617 4438; x_wconf 86' lang='lat' dir='ltr'>tamen</span> <span class='ocrx_word' id='word_1_657' title='bbox 1628 4382 1777 4456; x_wconf 56' lang='lat' dir='ltr'>&amp;uetiam</span> 
     </span>
     <span class='ocr_line' id='line_1_95' title="bbox 1027 4462 1777 4551; baseline 0.02 -32"><span class='ocrx_word' id='word_1_658' title='bbox 1027 4474 1090 4520; x_wconf 90' lang='lat' dir='ltr'>tunc</span> <span class='ocrx_word' id='word_1_659' title='bbox 1100 4462 1169 4521; x_wconf 85' lang='lat' dir='ltr'>clam</span> <span class='ocrx_word' id='word_1_660' title='bbox 1176 4508 1185 4538; x_wconf 89' lang='lat'><em>‚</em></span> <span class='ocrx_word' id='word_1_661' title='bbox 1197 4477 1222 4522; x_wconf 90' lang='lat' dir='ltr'>et</span> <span class='ocrx_word' id='word_1_662' title='bbox 1236 4466 1348 4525; x_wconf 84' lang='lat' dir='ltr'>sortasse</span> <span class='ocrx_word' id='word_1_663' title='bbox 1365 4467 1435 4526; x_wconf 75' lang='lat' dir='ltr'>intr-u</span> <span class='ocrx_word' id='word_1_664' title='bbox 1452 4466 1547 4528; x_wconf 91' lang='lat' dir='ltr'>domos</span> <span class='ocrx_word' id='word_1_665' title='bbox 1559 4490 1680 4551; x_wconf 85' lang='lat' dir='ltr'>synaxes</span> <span class='ocrx_word' id='word_1_666' title='bbox 1698 4474 1777 4536; x_wconf 87' lang='lat' dir='ltr'>cele·</span> 
     </span>
     <span class='ocr_line' id='line_1_96' title="bbox 1025 4551 1777 4642; baseline 0.023 -33"><span class='ocrx_word' id='word_1_667' title='bbox 1025 4551 1115 4610; x_wconf 87' lang='lat' dir='ltr'>bratas</span> <span class='ocrx_word' id='word_1_668' title='bbox 1131 4553 1220 4614; x_wconf 85' lang='lat' dir='ltr'>fuisse.</span> <span class='ocrx_word' id='word_1_669' title='bbox 1235 4559 1349 4618; x_wconf 85' lang='lat' dir='ltr'>loannes</span> <span class='ocrx_word' id='word_1_670' title='bbox 1362 4559 1435 4624; x_wconf 89' lang='lat' dir='ltr'>enim</span> <span class='ocrx_word' id='word_1_671' title='bbox 1447 4560 1635 4642; x_wconf 88' lang='lat' dir='ltr'>Theophilum</span> <span class='ocrx_word' id='word_1_672' title='bbox 1647 4576 1676 4624; x_wconf 93' lang='lat' dir='ltr'>et</span> <span class='ocrx_word' id='word_1_673' title='bbox 1688 4566 1777 4628; x_wconf 82' lang='lat' dir='ltr'>Salu-</span> 
     </span>
     <span class='ocr_line' id='line_1_97' title="bbox 1024 4644 1778 4735; baseline 0.019 -33"><span class='ocrx_word' id='word_1_674' title='bbox 1024 4644 1107 4702; x_wconf 84' lang='lat' dir='ltr'>stirtm</span> <span class='ocrx_word' id='word_1_675' title='bbox 1113 4646 1282 4726; x_wconf 87' lang='lat' dir='ltr'>presbyteros</span> <span class='ocrx_word' id='word_1_676' title='bbox 1295 4648 1398 4729; x_wconf 85' lang='lat' dir='ltr'>culpat,</span> <span class='ocrx_word' id='word_1_677' title='bbox 1410 4652 1482 4730; x_wconf 91' lang='lat' dir='ltr'>quod</span> <span class='ocrx_word' id='word_1_678' title='bbox 1494 4653 1649 4735; x_wconf 81' lang='lat' dir='ltr'>synaxibus</span> <span class='ocrx_word' id='word_1_679' title='bbox 1657 4658 1778 4724; x_wconf 76' lang='lat' dir='ltr'>assidue</span> 
     </span>
     <span class='ocr_line' id='line_1_98' title="bbox 1025 4737 1871 4826; baseline 0.022 -32"><span class='ocrx_word' id='word_1_680' title='bbox 1025 4756 1077 4795; x_wconf 92' lang='lat' dir='ltr'>non</span> <span class='ocrx_word' id='word_1_681' title='bbox 1093 4737 1255 4799; x_wconf 88' lang='lat' dir='ltr'>interessent.</span> <span class='ocrx_word' id='word_1_682' title='bbox 1267 4742 1325 4799; x_wconf 90' lang='lat' dir='ltr'>lmc</span> <span class='ocrx_word' id='word_1_683' title='bbox 1336 4754 1411 4802; x_wconf 82' lang='lat' dir='ltr'>extra</span> <span class='ocrx_word' id='word_1_684' title='bbox 1422 4746 1516 4805; x_wconf 83' lang='lat' dir='ltr'>urbem</span> <span class='ocrx_word' id='word_1_685' title='bbox 1531 4767 1639 4826; x_wconf 90' lang='lat' dir='ltr'>quoque</span> <span class='ocrx_word' id='word_1_686' title='bbox 1649 4749 1680 4809; x_wconf 90' lang='lat' dir='ltr'>in</span> <span class='ocrx_word' id='word_1_687' title='bbox 1688 4770 1776 4813; x_wconf 90' lang='lat' dir='ltr'>mon·</span> <span class='ocrx_word' id='word_1_688' title='bbox 1832 4774 1871 4818; x_wconf 71' lang='lat' dir='ltr'>rea</span> 
     </span>
     <span class='ocr_line' id='line_1_99' title="bbox 1023 4826 1871 4912; baseline 0.026 -28"><span class='ocrx_word' id='word_1_689' title='bbox 1023 4826 1098 4886; x_wconf 90' lang='lat' dir='ltr'>tibus</span> <span class='ocrx_word' id='word_1_690' title='bbox 1110 4841 1135 4887; x_wconf 89' lang='lat' dir='ltr'>et</span> <span class='ocrx_word' id='word_1_691' title='bbox 1147 4829 1233 4909; x_wconf 87' lang='lat' dir='ltr'>sylvis</span> <span class='ocrx_word' id='word_1_692' title='bbox 1242 4852 1354 4912; x_wconf 80' lang='lat' dir='ltr'>synaxes</span> <span class='ocrx_word' id='word_1_693' title='bbox 1364 4833 1470 4895; x_wconf 86' lang='lat' dir='ltr'>habitas</span> <span class='ocrx_word' id='word_1_694' title='bbox 1482 4837 1576 4909; x_wconf 86' lang='lat' dir='ltr'>iuisse,</span> <span class='ocrx_word' id='word_1_695' title='bbox 1587 4839 1776 4908; x_wconf 81' lang='lat' dir='ltr'>testificantur</span> <span class='ocrx_word' id='word_1_696' title='bbox 1786 4834 1871 4882; x_wconf 54' lang='grc' dir='ltr'>ΨΜ·</span> 
     </span>
     <span class='ocr_line' id='line_1_100' title="bbox 1024 4917 1775 5016; baseline 0.024 -40"><span class='ocrx_word' id='word_1_697' title='bbox 1024 4917 1165 4999; x_wconf 86' lang='lat' dir='ltr'>scriptores</span> <span class='ocrx_word' id='word_1_698' title='bbox 1178 4921 1287 4999; x_wconf 90' lang='lat' dir='ltr'>quidam</span> <span class='ocrx_word' id='word_1_699' title='bbox 1298 4968 1308 4999; x_wconf 91' lang='lat'>,</span> <span class='ocrx_word' id='word_1_700' title='bbox 1320 4939 1346 4983; x_wconf 87' lang='lat' dir='ltr'>et</span> <span class='ocrx_word' id='word_1_701' title='bbox 1360 4926 1387 4985; x_wconf 95' lang='lat' dir='ltr'>iu</span> <span class='ocrx_word' id='word_1_702' title='bbox 1398 4928 1490 4988; x_wconf 87' lang='lat' dir='ltr'>codice</span> <span class='ocrx_word' id='word_1_703' title='bbox 1497 4929 1775 5016; x_wconf 85' lang='lat' dir='ltr'>Theodosianoejus·</span> 
     </span>
     <span class='ocr_line' id='line_1_101' title="bbox 1024 5011 1711 5101; baseline 0.023 -32"><span class='ocrx_word' id='word_1_704' title='bbox 1024 5011 1099 5071; x_wconf 89' lang='lat' dir='ltr'>modi</span> <span class='ocrx_word' id='word_1_705' title='bbox 1112 5033 1226 5091; x_wconf 89' lang='lat' dir='ltr'>synaxes</span> <span class='ocrx_word' id='word_1_706' title='bbox 1240 5015 1407 5077; x_wconf 81' lang='lat' dir='ltr'>severissime</span> <span class='ocrx_word' id='word_1_707' title='bbox 1415 5020 1559 5101; x_wconf 80' lang='lat' dir='ltr'>puniendae</span> <span class='ocrx_word' id='word_1_708' title='bbox 1569 5022 1711 5085; x_wconf 88' lang='lat' dir='ltr'>dicuutur.</span> 
     </span>
    </p>

    <p class='ocr_par' dir='ltr' id='par_1_12' title="bbox 1023 5107 1871 5386">
     <span class='ocr_line' id='line_1_102' title="bbox 1065 5107 1871 5194; baseline 0.019 -30"><span class='ocrx_word' id='word_1_709' title='bbox 1065 5107 1132 5165; x_wconf 88' lang='lat' dir='ltr'>Cum</span> <span class='ocrx_word' id='word_1_710' title='bbox 1144 5109 1329 5187; x_wconf 89' lang='lat' dir='ltr'>ingeusmetus</span> <span class='ocrx_word' id='word_1_711' title='bbox 1337 5114 1468 5194; x_wconf 93' lang='lat' dir='ltr'>populum</span> <span class='ocrx_word' id='word_1_712' title='bbox 1478 5139 1493 5175; x_wconf 90' lang='lat' dir='ltr'>a</span> <span class='ocrx_word' id='word_1_713' title='bbox 1504 5117 1623 5177; x_wconf 88' lang='lat' dir='ltr'>tumultu</span> <span class='ocrx_word' id='word_1_714' title='bbox 1631 5120 1771 5183; x_wconf 77' lang='lat' dir='ltr'>comunis·</span> <span class='ocrx_word' id='word_1_715' title='bbox 1803 5135 1871 5180; x_wconf 71' lang='lat' dir='ltr'>Earn</span> 
     </span>
     <span class='ocr_line' id='line_1_103' title="bbox 1023 5194 1871 5275; baseline 0.018 -21"><span class='ocrx_word' id='word_1_716' title='bbox 1023 5209 1076 5273; x_wconf 88' lang='lat' dir='ltr'>set,</span> <span class='ocrx_word' id='word_1_717' title='bbox 1087 5199 1227 5260; x_wconf 75' lang='lat' dir='ltr'>Proiectus</span> <span class='ocrx_word' id='word_1_718' title='bbox 1241 5202 1317 5263; x_wconf 89' lang='lat' dir='ltr'>urbis</span> <span class='ocrx_word' id='word_1_719' title='bbox 1330 5207 1364 5264; x_wconf 90' lang='lat' dir='ltr'>de</span> <span class='ocrx_word' id='word_1_720' title='bbox 1375 5206 1498 5268; x_wconf 87' lang='lat' dir='ltr'>incendio</span> <span class='ocrx_word' id='word_1_721' title='bbox 1512 5209 1631 5270; x_wconf 75' lang='lat' dir='ltr'>eeclesia</span> <span class='ocrx_word' id='word_1_722' title='bbox 1644 5225 1673 5271; x_wconf 87' lang='lat' dir='ltr'>et</span> <span class='ocrx_word' id='word_1_723' title='bbox 1681 5214 1770 5275; x_wconf 64' lang='lat' dir='ltr'>curia</span> <span class='ocrx_word' id='word_1_724' title='bbox 1781 5194 1871 5272; x_wconf 44' lang='grc' dir='ltr'>ΜΨ</span> 
     </span>
     <span class='ocr_line' id='line_1_104' title="bbox 1024 5269 1871 5386; baseline 0.022 -41"><span class='ocrx_word' id='word_1_725' title='bbox 1024 5289 1194 5365; x_wconf 80' lang='lat' dir='ltr'>questionem</span> <span class='ocrx_word' id='word_1_726' title='bbox 1202 5291 1305 5366; x_wconf 88' lang='lat' dir='ltr'>hahuit,</span> <span class='ocrx_word' id='word_1_727' title='bbox 1318 5297 1469 5377; x_wconf 88' lang='lat' dir='ltr'>multosque</span> <span class='ocrx_word' id='word_1_728' title='bbox 1477 5302 1608 5380; x_wconf 88' lang='lat' dir='ltr'>gravibus</span> <span class='ocrx_word' id='word_1_729' title='bbox 1617 5305 1768 5386; x_wconf 87' lang='lat' dir='ltr'>suppliciis</span> <span class='ocrx_word' id='word_1_730' title='bbox 1780 5269 1871 5366; x_wconf 51' lang='lat' dir='ltr'>miii</span> 
     </span>
    </p>
   </div>
   <div class='ocr_carea' id='block_1_5' title="bbox 1025 5381 1865 5491">
    <p class='ocr_par' dir='ltr' id='par_1_13' title="bbox 1025 5381 1865 5491">
     <span class='ocr_line' id='line_1_105' title="bbox 1025 5381 1865 5491; baseline 0.038 -53"><span class='ocrx_word' id='word_1_731' title='bbox 1025 5381 1120 5442; x_wconf 79' lang='lat' dir='ltr'>affecit.</span> <span class='ocrx_word' id='word_1_732' title='bbox 1143 5383 1211 5446; x_wconf 89' lang='lat' dir='ltr'>Cum</span> <span class='ocrx_word' id='word_1_733' title='bbox 1232 5385 1303 5448; x_wconf 91' lang='lat' dir='ltr'>enim</span> <span class='ocrx_word' id='word_1_734' title='bbox 1316 5388 1458 5453; x_wconf 88' lang='lat' dir='ltr'>idololatra</span> <span class='ocrx_word' id='word_1_735' title='bbox 1479 5409 1560 5472; x_wconf 84' lang='lat' dir='ltr'>esset,</span> <span class='ocrx_word' id='word_1_736' title='bbox 1576 5396 1610 5456; x_wconf 92' lang='lat' dir='ltr'>de</span> <span class='ocrx_word' id='word_1_737' title='bbox 1630 5397 1768 5463; x_wconf 79' lang='lat' dir='ltr'>Ecclesiae</span> <span class='ocrx_word' id='word_1_738' title='bbox 1778 5393 1865 5491; x_wconf 59' lang='lat' dir='ltr'>ffi&#39;</span> 
     </span>
    </p>
   </div>
   <div class='ocr_carea' id='block_1_6' title="bbox 0 0 1880 6052">
    <p class='ocr_par' dir='ltr' id='par_1_14' title="bbox 0 0 1880 6052">
     <span class='ocr_line' id='line_1_106' title="bbox 0 0 1880 6052; baseline 0 1"><span class='ocrx_word' id='word_1_739' title='bbox 0 0 1880 6052; x_wconf 95' lang='lat' dir='ltr'> </span> 
     </span>
    </p>
   </div>
  </div>
 </body>
</html>
