3714 5970
1624 471 1689 546 155

140 610 378 697 effluxismmb
386 625 489 707 ingenti
500 623 548 685 illo
556 639 633 685 terre
644 610 796 701 motat,qui
807 634 890 681 totam
944 617 1027 697 dam,
1043 642 1163 699 quorum
1185 641 1251 682 vero
1271 633 1425 703 martyrum
1440 633 1527 680 essent
1540 640 1595 680 non
1612 620 1691 680 indi-

673 498 766 548 nuuc
791 494 924 544 Plllblel
952 492 1152 546 emanata.

144 718 239 778 urbem
251 718 514 800 Constantinopolim
530 730 707 779 concusserat.
719 718 831 777 Certum
840 735 890 773 aua
944 725 1036 788 catur,
1054 714 1198 772 transferre
1221 714 1306 772 soluit
1327 734 1343 772 a
1363 715 1462 793 Magna
1484 713 1614 788 eeclesia,
1628 735 1689 793 quae

143 824 198 870 tem
212 832 269 871 esse
282 810 392 871 ridetur
410 825 488 872 terrae
505 824 610 870 motum
623 809 703 869 illurn
721 828 757 868 ex
778 827 891 866 numero
946 804 1177 885 Constantinopoli
1197 818 1271 875 erat,
1289 805 1323 865 ad
1340 804 1502 886 martyrium
1521 805 1579 865 sive
1602 805 1690 865 eccle·

144 926 239 964 comm
259 904 343 963 t'uisse
354 924 448 983 ,quos
468 902 637 964 Claudianus
658 897 892 979 Constantinopoli
944 895 1054 955 siamS.
1068 897 1183 957 Thornae
1193 918 1382 977 ,quaenovem
1394 898 1496 978 signis,
1507 918 1553 957 sea
1570 897 1692 957 milliari·

145 996 276 1057 accidisse
287 1008 420 1055 memorat
432 1009 495 1056 ante
507 995 684 1056 Consulatum
696 990 833 1072 Eutropii,
847 1010 891 1048 an·
944 988 1010 1063 bus,
1027 989 1063 1049 ab
1086 990 1153 1051 urbe
1171 991 1307 1064 distabat,
1325 1003 1352 1050 et
1377 989 1412 1050 ad
1437 1011 1513 1049 oram
1535 990 1618 1050 maris
1639 991 1689 1050 sita
1719 1007 1808 1053 cates·
1802 1018 1843 1053 ιιιι

145 1110 182 1148 no
202 1086 668 1167 mdetroettttt[1)enuttotenae
683 1097 778 1150 motu,
796 1081 843 1143 sed
857 1080 893 1141 de
945 1095 1010 1140 erat.
1023 1083 1081 1142 Cur
1100 1096 1190 1141 autem
1212 1097 1292 1142 noctu
1318 1083 1399 1142 talem
1415 1083 1474 1141 lieri
1488 1082 1722 1142 translationemm
1701 1085 1844 1177 witino:-

145 1178 706 1261 Eutropiiruinainillabomiliaagitur.
721 1177 758 1238 V
773 1173 891 1252 qutedi·
946 1173 1077 1248 volucrit,
1089 1175 1187 1234 frustra
1201 1197 1323 1254 quaeras
1339 1189 1371 1237 ut
1393 1189 1424 1235 ut
1447 1196 1488 1234 res
1496 1186 1569 1249 ',est
1581 1176 1620 1235 sic
1642 1141 1816 1252 illaitauquu-

146 1292 277 1333 ximustn
288 1271 394 1331 ldonrto
406 1292 470 1353 pag
487 1272 591 1332 59οὼ
604 1283 630 1328 et
640 1288 701 1351 pag
694 1269 789 1338 ,Μ
798 1279 855 1325 not.
858 1266 889 1342 ¹⁶]
946 1267 1072 1327 solemnis
1084 1281 1237 1348 exportatio
1247 1269 1317 1329 laeta
1331 1268 1393 1327 suit

145 1366 250 1425 Omnes
259 1364 361 1445 quippe
371 1363 517 1423 homilias
509 1375 573 1425 istas
583 1362 626 1422 vel
641 1375 702 1421 ante
714 1359 892 1420 Consulatum
986 1359 1079 1420 Media
1094 1373 1172 1420 nocte
1186 1359 1318 1440 Reliquiae
1332 1360 1388 1421 illae
1401 1362 1597 1442 ntartyrum,in
1611 1360 1686 1421 theca

144 1457 292 1538 Eutropii,
302 1456 350 1535 qui
362 1456 442 1536 coepit
451 1455 530 1515 initio
539 1456 603 1514 anni
614 1456 689 1526 399,
698 1453 742 1515 vel
751 1452 812 1535 ipso
818 1454 891 1512 Con-
945 1452 1007 1511 velo
1019 1467 1110 1534 operta
1125 1454 1229 1535 positas,
1245 1474 1278 1514 ex
1290 1456 1390 1533 hlagna
1402 1452 1520 1528 ecclesia,
1530 1474 1590 1533 quae
1605 1452 1633 1512 in
1647 1474 1692 1511 ur·

145 1551 223 1617 sule,
238 1548 288 1609 sed
301 1562 363 1608 ante
375 1548 468 1628 fugam
479 1547 633 1626 caedemque
646 1548 704 1628 ejus
709 1591 717 1621 ,
728 1566 791 1627 que
802 1564 893 1605 mense
945 1545 980 1605 be
999 1546 1232 1627 Constantinopoli
1249 1561 1304 1606 erat
1317 1592 1325 1619 ,
1339 1560 1532 1626 exportantur,
1548 1547 1692 1605 comitante

144 1642 255 1702 circiter
269 1641 385 1722 Augusti
400 1642 465 1700 anni
481 1642 541 1701 599
554 1638 668 1713 accidit,
681 1636 788 1699 habitas
809 1638 893 1697 luisse
945 1634 1047 1716 ingenti
1060 1637 1248 1710 multitudine,
1257 1660 1337 1719 quam
1350 1638 1387 1697 ita
1399 1637 1527 1705 describit
1537 1639 1592 1719 ipse
1602 1639 1690 1721 Chry·

146 1748 252 1795 certum
270 1746 319 1793 est.
334 1735 415 1812 [lmo
428 1745 533 1793 oenum
544 1745 583 1791 est
596 1731 798 1807 contrarium]
945 1742 1098 1805 sostomus,
1114 1731 1161 1809 qui
1187 1752 1249 1790 cum
1273 1730 1401 1791 Eudoxia
1421 1730 1595 1810 imperatrice
1608 1743 1690 1790 muta

97 1858 141 1909 μς
185 1826 281 1887 Prima
296 1824 470 1907 pronuntiata
484 1824 554 1898 tuis,
573 1839 604 1884 ut
617 1822 698 1885 modo
710 1822 890 1899 dicebamus,
945 1824 1109 1885 celebritatis
1120 1839 1215 1885 auctor
1234 1839 1299 1887 erat.
1314 1850 1329 1882 ι
1344 1825 1397 1885 Hic
1411 1825 1504 1885 videre
1524 1838 1580 1884 erat
1597 1846 1690 1885 mona·

97 1928 118 1957 ’¹
146 1932 209 2002 post
223 1918 361 1998 ingentem
375 1916 453 1976 illum
468 1929 546 1976 terra
559 1928 679 1991 motum,
691 1936 753 1975 cum
769 1912 892 1974 nondum

146 2010 257 2091 triginta
267 2008 328 2069 dies
338 2009 506 2069 effluxissent
518 2008 554 2067 ab
566 2008 615 2068 illc
626 2007 672 2068 die
683 2053 692 2081 ,
704 2028 759 2086 quo
772 2007 839 2066 urbs
852 2018 894 2066 tc·

145 2115 171 2162 ta
183 2102 357 2163 vehementer
371 2120 500 2161 concussa
512 2121 527 2159 a
538 2113 620 2160 terre
633 2113 708 2159 motu
721 2099 810 2158 luerat
823 2121 830 2154 ι
847 2097 891 2157 si·

143 2193 278 2275 danque
291 2193 385 2253 habita
399 2192 484 2252 luisse
497 2214 567 2251 anno
581 2204 700 2251 vertente
710 2190 770 2252 398
780 2191 808 2249 in
820 2210 893 2249 mar·

143 2287 216 2369 tyrio
229 2288 290 2345 sive
301 2285 412 2346 ecelesia
427 2299 597 2367 martyrum,
612 2306 672 2363 qua
685 2296 743 2344 erat
756 2284 784 2343 in
797 2285 893 2344 Veteri

144 2378 241 2453 Petra,
256 2381 287 2438 lv
299 2384 335 2463 τῇ
348 2380 454 2459 παλαιᾷ
471 2376 582 2460 lldepq,
596 2391 626 2436 ut
646 2377 732 2436 fertur
754 2375 782 2435 in
800 2376 892 2436 titulo.

145 2469 234 2551 liujus
246 2471 376 2553 martyrii
397 2482 426 2528 et
449 2471 557 2532 Veteris
576 2472 663 2530 Petrae
682 2469 785 2529 nullam
800 2469 893 2529 adhuc

144 2564 309 2625 mentionem
328 2562 423 2623 inveni
442 2562 519 2643 apud
545 2562 691 2644 scriptores
714 2580 805 2620 rerum
819 2561 893 2621 Con-

145 2656 464 2739 stantinopolitanarum:
477 2653 748 2735 nequemirumillud
756 2667 809 2729 est;
819 2654 893 2713 mul-

145 2762 172 2809 ta
186 2750 259 2810 enirn
271 2749 329 2809 alia
341 2748 546 2831 praetmmisisse
559 2748 620 2808 illos
632 2748 761 2829 comperi.
773 2748 892 2807 lnexor-

144 2843 296 2903 dicantem
309 2840 450 2902 invehitur
462 2841 491 2900 iu
513 2840 575 2901 illos
595 2841 643 2920 qui
665 2841 701 2900 cb
724 2839 847 2922 pluviam
865 2853 892 2900 et

144 2935 232 2995 lutum
245 2934 276 2994 in
290 2933 433 2995 ecelesiam
443 2953 497 2993 non
508 2946 704 3008 convenerant,
718 2933 782 3012 quia
794 2952 892 3013 nempe

144 3028 178 3088 de
199 3048 229 3089 re
247 3027 329 3109 gravi
352 3040 380 3087 et
399 3026 437 3087 ad
455 3026 556 3086 multos
579 3026 731 3086 absentium
756 3039 892 3107 spectante

144 3118 278 3201 agendum
293 3119 349 3179 sibi
363 3133 428 3179 erat.
443 3121 514 3180 Cum
530 3118 602 3178 enim
623 3131 686 3178 ante
707 3117 818 3197 triginta
837 3120 892 3179 fec-

144 3233 185 3272 me
194 3212 255 3272 dias
270 3212 339 3272 urba
349 3225 405 3272 tota
417 3211 519 3292 ingenti
530 3225 610 3271 terre
628 3223 705 3270 motu
716 3223 890 3290 quateretur,

143 3308 219 3369 multi
234 3306 386 3367 formidine
396 3304 529 3389 correpti,
542 3306 690 3379 domibus,
708 3305 798 3386 agris,
809 3328 891 3366 man-

144 3400 236 3482 cipiis,
246 3421 318 3461 auro
328 3414 356 3459 et
365 3414 477 3480 argento
490 3398 609 3470 relictis,
623 3398 718 3479 procul
732 3412 758 3458 et
772 3399 799 3458 in
808 3400 891 3460 aliam

144 3494 279 3575 regionem
293 3493 466 3572 aufugerant.
478 3493 624 3570 [Perverse
635 3491 708 3550 hune
717 3489 837 3551 homiliae
851 3492 891 3552 lo-

145 3606 204 3647 eum
217 3585 293 3668 cepit
316 3587 416 3647 Menti.
425 3632 435 3659 ,
448 3598 633 3666 preoccupeta
656 3598 745 3644 mente
762 3584 797 3645 de
812 3599 891 3646 terre

145 3684 252 3759 motu]
268 3680 351 3739 Tunc
364 3700 429 3739 vero
440 3679 553 3760 plurimi
567 3700 602 3739 ex
617 3678 651 3737 iis
663 3679 709 3758 qui
720 3678 795 3739 domi
809 3701 891 3739 man·

144 3774 269 3832 mutin
282 3770 461 3851 lugitivorum
471 3770 542 3832 bona
556 3770 802 3851 involarent,qttos
815 3794 889 3833 acer·

144 3866 225 3941 nme,
241 3880 271 3925 et
285 3867 351 3946 jure
365 3862 489 3945 quidem,
506 3863 652 3924 insectatur
669 3862 890 3945 Chrysostomus‚

145 3971 169 4016 et
181 3958 207 4017 in
224 3970 333 4018 tantam
345 3970 402 4016 tam
415 3956 563 4017 absurdam
576 3956 662 4017 aliena
675 3956 822 4018 invadendi

146 4048 303 4131 piditatem,
323 4048 460 4130 quidquid
476 4048 632 4109 exulcerato
653 4049 744 4108 animo
761 4070 817 4109 sese
838 4050 889 4109 oh·

148 4143 205 4203 tulit
223 4165 262 4204 ex
283 4156 407 4225 tempore
420 4140 450 4203 iu
467 4164 577 4224 rapaces
597 4142 722 4205 homines
744 4142 888 4225 proludit3

151 4236 261 4298 abscisso
273 4250 365 4296 autem
376 4236 459 4312 lolio,
473 4236 598 4316 quedam
611 4259 647 4298 ex
658 4237 742 4320 hujus
755 4238 891 4298 concionis

152 4328 233 4391 medio
250 4327 423 4390 exciderunt.
446 4327 557 4389 Claudit
575 4344 664 4393 autem
683 4330 825 4390 homiliam
846 4329 890 4390 di·

153 4439 222 4495 ems,
235 4412 490 4501 quantumcumque
500 4421 534 4480 sit
543 4434 702 4502 peccatum,
716 4421 739 4485 si
752 4423 888 4505 poeniten-

156 4511 186 4569 tia
195 4514 260 4573 moti
270 4511 310 4586 ii,
323 4512 371 4591 qui
385 4511 452 4572 talia
467 4511 526 4572 ausi
539 4525 614 4581 sunt,
626 4511 661 4573 ad
675 4512 804 4575 Ecclesiae
816 4536 890 4595 prae-

159 4601 227 4665 tactos
248 4604 400 4676 accedant,
415 4603 532 4684 benigne
549 4603 731 4666 admittendos
741 4619 767 4665 et
784 4606 890 4664 veniam

161 4711 299 4778 acrptrrros
311 4718 380 4757 csse.

191 4791 247 4850 lam
261 4790 297 4849 ad
312 4789 498 4873 celebritatem
515 4810 678 4862 moramur,
693 4790 816 4851 omniane
832 4790 889 4848 sor-

167 4891 290 4964 ttsequn
300 4904 433 4963 nmquam
448 4885 682 4965 Constantinopoli
701 4884 776 4945 fuere
796 4883 889 4944 maxi·

170 4989 222 5033 uam
232 5020 242 5053 ‚
253 4996 336 5056 qnam
352 4990 411 5035 tnm
434 4974 531 5035 titulus
553 4977 706 5053 concionis,
722 4990 782 5036 tum
797 4975 890 5037 concio

173 5059 211 5140 leta
220 5066 293 5127 nobis
305 5067 460 5127 minutatim
473 5065 643 5129 describunt.
653 5068 718 5130 Haec
730 5088 813 5153 porro
823 5090 891 5149 pau-

176 5154 261 5241 tispost
274 5161 399 5221 habitam
419 5161 561 5222 homiliam
578 5162 773 5244 praecedentem
793 5162 890 5223 dicbus

177 5261 215 5309 ttta
223 5267 289 5315 sant.
299 5254 439 5315 Nimium
451 5228 579 5317 Eudoxias
589 5254 752 5338 imperatrix
757 5256 822 5339 ‚quio
833 5276 890 5338 per·

101 5358 106 5421 13
179 5354 228 5402 nus
237 5344 325 5407 studio
323 5346 475 5428 ,reliquias
487 5356 640 5409 sauctorum
651 5360 805 5431 martyrum
813 5364 892 5428 quiae·

944 1918 1058 1980 chorum
1083 1934 1184 1994 curtus,
1215 1922 1354 2002 virginum
1378 1920 1493 1994 choros,
1521 1914 1690 1981 sacerdotum

944 2010 1070 2086 ordines,
1082 2012 1253 2072 secularium
1266 2015 1385 2073 vimrum
1401 2014 1602 2074 multitudinem
1615 2061 1623 2089 ‚
1636 2034 1691 2075 ser·

945 2124 1059 2178 vorum,
1070 2104 1236 2181 liberorum,
1249 2105 1370 2180 civium,
1380 2107 1584 2187 peregrinorum
1595 2153 1604 2181 ,
1616 2107 1691 2188 prin·

945 2193 1037 2276 cipum
1051 2209 1078 2255 et
1088 2195 1277 2271 subditorum,
1288 2219 1349 2256 com
1365 2199 1464 2277 gaudio
1477 2199 1504 2258 in
1518 2199 1564 2281 utj
1578 2206 1691 2260 comita·
1791 2262 1796 2271 ,

945 2300 1003 2347 tatu
1018 2288 1232 2369 properantium.
1247 2289 1377 2348 Mulieres
1398 2291 1424 2350 in
1449 2290 1574 2351 thalamis
1588 2292 1691 2352 versari

946 2379 1033 2438 solitae
1047 2393 1072 2439 et
1084 2385 1147 2439 'cera
1161 2380 1313 2453 molliores,
1324 2381 1423 2441 relictis
1444 2382 1549 2443 aedibus
1562 2405 1625 2445 cum
1646 2407 1692 2445 rc-

944 2468 1109 2530 bustissirnis
1120 2472 1245 2532 virorum
1258 2473 1620 2551 alamitatecertabantcum
1632 2491 1691 2538 tan-

945 2574 1005 2621 tum
1016 2562 1120 2623 itineris
1130 2578 1210 2624 noctu
1222 2565 1399 2645 perficerent:
1414 2589 1466 2627 non
1475 2569 1588 2648 juvenes
1597 2571 1688 2644 modo,

945 2654 991 2713 sed
1005 2653 1086 2714 etiam
1101 2677 1169 2716 anus
1180 2677 1211 2716 eo
1226 2657 1387 2737 pergebant,
1399 2679 1485 2738 neque
1495 2674 1598 2721 naturae
1612 2663 1692 2723 infir-

945 2746 1041 2825 mitas,
1053 2769 1139 2828 neque
1150 2749 1312 2809 celebritatis
1326 2772 1440 2832 pompa,
1455 2773 1541 2831 neque
1553 2754 1639 2815 solite
1651 2756 1693 2815 vi·

942 2852 979 2901 ιιι
993 2841 1120 2901 mollities
1141 2842 1335 2924 impedimento
1349 2845 1432 2904 luere.
1447 2846 1584 2927 Principes
1598 2869 1691 2909 rursus

943 2947 969 2993 et
983 2935 1174 3016 magistratus,
1191 2936 1292 2996 relictis
1303 2938 1444 3011 curribus,
1456 2938 1598 3000 lictoribus
1609 2955 1634 3000 et
1648 2962 1691 3000 sa·

945 3024 1091 3103 tellitibus‚
1104 3028 1179 3109 plebi
1189 3048 1245 3088 sese
1260 3028 1437 3092 admiscuere.
1451 3056 1466 3088 ι

987 3143 1002 3176 a
1019 3119 1128 3199 Ecquid
1143 3121 1270 3181 mulieres
1288 3123 1474 3204 principesque
1489 3145 1688 3205 memoremus,

944 3211 1052 3290 φιιιιᾶο
1072 3213 1130 3294 ipsa
1147 3212 1273 3274 Eudoxia
1289 3216 1468 3294 imperatrix,
1482 3238 1542 3295 quae
1564 3218 1690 3282 diadema

944 3305 1064 3385 gestabat
1075 3319 1101 3365 et
1116 3327 1240 3389 purpura
1261 3306 1441 3393 induebatur,
1456 3330 1504 3389 per
1518 3322 1600 3369 totam
1615 3312 1690 3373 siam

944 3418 978 3457 ιιε
1000 3400 1138 3458 tantillum
1158 3398 1268 3478 quidem
1288 3420 1304 3458 a
1325 3399 1436 3478 reliquis
1449 3402 1568 3481 separari
1583 3404 1690 3482 roltrit;

944 3490 991 3550 sed
1003 3492 1109 3551 ancilla
1118 3491 1232 3566 instans
1240 3492 1328 3570 inquit
1339 3491 1575 3573 Chrysostomus‚s
1585 3510 1690 3557 sanmos

942 3583 1123 3663 sequebatur,
1140 3584 1244 3643 thecam
1258 3596 1283 3642 et
1298 3583 1389 3643 velum
1413 3587 1612 3666 superpositum
1625 3601 1688 3647 tan-

943 3694 1028 3755 gens,
1046 3675 1249 3755 humanumque
1263 3676 1361 3735 t'astum
1383 3697 1490 3737 omnem
1508 3678 1613 3739 calcans
1627 3726 1635 3754 ,
1647 3696 1689 3741 at·

942 3788 997 3847 que
1018 3768 1046 3828 iu
1069 3770 1135 3829 tanti
1155 3769 1253 3829 theatri
1275 3769 1363 3829 medio
1374 3815 1383 3843 ,
1395 3791 1410 3828 a
1422 3771 1524 3852 populo
1544 3772 1688 3835 videbatur

942 3860 1005 3935 illa,
1020 3880 1102 3940 qttam
1115 3883 1148 3923 ne
1165 3861 1297 3933 eunuchis
1310 3862 1420 3943 quidem
1433 3864 1563 3924 omnibus
1573 3911 1583 3943 ,
1595 3867 1642 3946 qui
1659 3868 1687 3929 in

841 3978 890 4017 cn-
942 3953 1119 4033 Imperatoria
1142 3956 1252 4015 aluntur
1273 3955 1356 4028 aula,
1374 3957 1527 4038 conspicere
1542 3957 1612 4020 licet.
1632 3961 1688 4022 sed

943 4060 1095 4127 martyrum
1116 4059 1232 4105 amaret
1246 4045 1366 4106 caritatis
1384 4046 1493 4107 damma
1512 4049 1564 4129 ipsi
1585 4063 1614 4109 ut
1631 4052 1687 4111 lar·

942 4158 992 4197 vas
1001 4138 1063 4198 illas
1076 4160 1170 4199 omnes
1181 4138 1307 4220 abjiceret
1319 4140 1428 4199 suasita
1437 4143 1524 4221 Prope
1533 4141 1685 4213 Eudoxiam
1696 4170 1735 4210 ιιι

943 4230 1083 4291 incedebat
1094 4234 1210 4294 Joannes
1222 4232 1432 4312 Chrysostomus
1446 4233 1555 4312 praesul.
1570 4233 1615 4295 Sic
1621 4244 1686 4295 'tan-

943 4336 988 4385 ttts
1009 4325 1057 4385 ille
1076 4340 1179 4399 cretus,
1191 4324 1267 4385 theca
1288 4325 1337 4384 SS.
1353 4339 1505 4406 martyrum
1529 4344 1683 4409 praeeunte,

943 4440 992 4499 per
1005 4418 1125 4478 medium
1141 4418 1265 4477 transivit
1282 4416 1390 4495 forum,
1407 4431 1433 4476 et
1452 4439 1487 4479 ex
1507 4421 1593 4499 portis
1611 4423 1687 4485 urbis

942 4530 1065 4590 egressus
1087 4509 1124 4570 ad
1150 4509 1301 4591 Drypiam,
1324 4509 1363 4569 sic
1387 4508 1491 4570 dictum
1509 4511 1615 4591 locum,
1637 4516 1687 4577 iter

943 4602 1075 4678 instituit,
1089 4603 1116 4664 in
1127 4603 1291 4682 martyrium
1302 4623 1349 4661 seu
1363 4603 1503 4664 ecclesiam
1516 4609 1600 4668 sancti
1612 4610 1688 4671 'l'hc-

943 4715 1014 4763 mre,
1031 4714 1126 4752 novem
1146 4693 1231 4774 signis
1241 4737 1251 4773 ι
1274 4693 1331 4754 sive
1354 4686 1548 4776 milliaribus,
1561 4701 1596 4760 ab
1620 4702 1688 4763 urbe

942 4785 1099 4847 distantem.

985 4878 1048 4937 Pari
1066 4890 1156 4937 autem
1174 4874 1312 4936 alacritate
1332 4877 1367 4937 ad
1387 4899 1462 4939 oram
1476 4883 1559 4942 maris
1571 4904 1688 4964 pergen·

943 4982 998 5046 tes3
1009 4969 1116 5052 Drypia
1128 4970 1201 5029 enim
1214 4969 1250 5028 ad
1265 4969 1410 5046 litassent,
1423 4972 1527 5032 lacibus
1540 4988 1564 5033 et
1577 4976 1685 5056 lampa-

943 5064 1026 5131 dibus
1040 5064 1164 5124 instructi
1176 5083 1279 5140 omnes,
1295 5062 1387 5145 ipsum
1397 5084 1472 5123 mare
1484 5066 1629 5148 splendore
1639 5089 1687 5127 re-

943 5158 1062 5241 plebant.
1073 5158 1191 5236 «Neque
1207 5155 1374 5215 aberraverit
1376 5156 1502 5237 ,cinquit
1520 5160 1686 5241 Chrysosto·

943 5272 1023 5328 miss,
1046 5270 1117 5330 «qur
1108 5248 1190 5310 'boe
1203 5268 1280 5309 mare
1297 5247 1443 5308 lluvium'
1435 5250 1506 5330 ignis
1528 5253 1684 5322 secaverit:

944 5346 981 5406 ita
1004 5338 1102 5425 nelttpe
1121 5336 1272 5422 lampah,
1295 5360 1357 5419 quae
1377 5355 1457 5402 noctu
1481 5342 1633 5422 frequentes
1655 5366 1689 5405 ac
