3714 5970
107 431 113 478 t
136 428 262 478 nerum.
568 410 571 416 ’
836 439 905 511 297

200 553 310 616 Justitia
331 555 390 616 Deo
401 555 525 616 cobaeret.
542 568 576 616 V.
595 563 660 619 340.
677 575 706 614 o.
722 556 832 618 Justitia
854 559 905 620 Dei

160 655 187 701 et
202 641 331 721 puniendi
342 643 423 704 ratio.
441 658 501 704 011.
517 653 583 708 404.
597 664 627 704 n.
643 645 704 704 Non
716 658 755 706 est
768 649 906 726 presentis

158 730 222 790 vitre
247 729 450 811 circumscripta
477 731 622 794 limitibus.
654 746 712 794 011.
733 743 800 795 003.
824 758 853 798 Α.
879 754 905 794 ι.

158 817 269 879 lustitia
283 819 333 877 Dei
348 817 494 896 aliquando
504 819 645 879 elementia
658 819 770 881 dicitur.
784 835 820 882 0.
835 831 902 884 ott.

160 927 185 964 r.
199 907 258 965 Non
275 927 380 988 semper
394 927 409 965 e
428 907 540 987 vestigio
564 907 688 987 sequitur
708 923 857 990 peecatum.
870 921 904 971 0.

161 1002 227 1057 130.
242 1015 270 1055 r.
287 994 485 1074 Benignitatem
498 996 604 1076 justitia
617 1008 749 1077 temperat
766 999 902 1059 Christus.

160 1091 298 1142 011107.
312 1106 340 1142 n.
357 1083 468 1144 Justitia
482 1085 572 1144 omnis
589 1106 649 1163 qnae
671 1083 707 1144 sit
725 1085 799 1167 apud
820 1085 904 1146 Chri-

159 1181 240 1231 stum.
264 1183 323 1230 011.
341 1180 405 1231 tua.
433 1194 458 1231 r.
484 1173 531 1232 Sol
550 1173 662 1253 justitiae
682 1173 757 1233 orbis
782 1174 905 1233 tenebras

158 1254 311 1334 dissipavit.
330 1269 361 1316 0.
374 1266 441 1316 030.
457 1278 484 1319 s.
502 1279 528 1317 c.
544 1267 611 1320 337.
627 1257 703 1330 Quid
716 1258 771 1332 sit,
785 1258 905 1340 Arguct

159 1343 904 1427 deperierunt.tuomomnemjusttrtamadtm·

157 1431 249 1508 plcre,
259 1445 299 1490 est
308 1432 359 1491 Dei
369 1432 496 1492 mandata
509 1434 600 1494 omnia
611 1433 771 1515 adimplere.
786 1448 820 1498 11.
835 1444 901 1499 440.

160 1532 219 1578 Vll.
236 1528 301 1578 186.

198 1608 323 1666 lustitia
336 1611 369 1665 in
386 1610 598 1667 tentationibus
599 1607 705 1690 floret.
727 1622 773 1670 01.
788 1619 855 1670 770.
876 1630 903 1671 c.

160 1703 200 1755 2·.
214 1695 265 1753 eol.
280 1697 396 1774 Magna
410 1707 453 1755 est
461 1697 586 1775 J'ustitiae
600 1695 715 1773 fiducia
727 1740 737 1773 ‚
753 1698 906 1758 retrorsa

160 1781 332 1842 adversario
359 1785 415 1863 ipsi
440 1784 641 1842 committitur.
661 1795 709 1842 01.
732 1792 904 1844 004031.

159 1870 210 1930 ool.
224 1871 346 1928 Esurire
357 1881 384 1928 et
398 1875 480 1929 sitire
488 1872 650 1948 justitiam,
664 1870 738 1950 quid
747 1871 902 1953 significet.

161 1971 208 2018 vt.
224 1967 290 2018 tto.

199 2056 347 2117 Josrrrrmr
363 2051 399 2111 ab
422 2051 634 2133 imperatoribus
657 2052 790 2113 indictum
807 2053 835 2114 in
857 2054 906 2115 be·

158 2139 295 2198 bdomada
309 2139 411 2219 majore
424 2159 470 2198 seu
485 2153 585 2201 sancta.
596 2155 642 2202 10.
652 2150 718 2202 343.
734 2163 761 2202 e.
771 2162 802 2201 n.

197 2229 297 2288 Josros
308 2225 410 2285 dicitur
426 2227 449 2286 is
465 2227 514 2304 qui
534 2228 706 2309 omnigenam
726 2240 832 2288 exercet
850 2227 907 2290 vir·

158 2329 251 2374 tutem.
270 2329 316 2375 tv.
331 2324 395 2374 uto.
411 2324 784 2379 r.v11.oo.s.x1.utt.n.
810 2318 907 2378 Justus

155 2403 220 2462 licet
233 2401 332 2461 millies
345 2402 380 2460 sit
402 2402 508 2482 justus,
521 2424 670 2483 numquam
684 2418 773 2464 tamen
788 2403 908 2463 muudus

156 2505 197 2550 est
210 2491 245 2549 ab
258 2489 332 2550 omni
344 2488 432 2550 sorde.
446 2503 468 2551 1.
483 2498 549 2549 003.
560 2510 591 2552 n.
603 2499 669 2550 uus.
685 2510 715 2550 c.
730 2491 805 2549 Inter
817 2489 907 2570 justos

158 2579 274 2637 multum
286 2590 326 2635 est
342 2573 498 2636 discrimen.
515 2575 562 2639 lb.
578 2577 651 2638 Justi
670 2576 773 2637 fiducia
795 2589 906 2656 quanta.

160 2680 189 2726 0.
206 2675 252 2725 08.
268 2665 337 2744 Ejus
359 2664 519 2722 constantia.
536 2678 570 2724 11.
585 2674 652 2723 110.
666 2685 692 2723 r.
708 2663 848 2724 Thesauro
867 2663 908 2723 si·

158 2753 231 2812 milis
260 2766 299 2812 cst
312 2752 448 2831 justorum
474 2750 582 2827 virtus,
604 2751 632 2810 in
659 2772 714 2831 quo
735 2751 862 2834 plurima
882 2764 909 2812 et

157 2841 307 2901 inellabiles
340 2838 445 2898 divitiae
473 2839 669 2900 reconduntur.
703 2854 750 2904 10.
787 2850 853 2901 tto.
880 2859 907 2900 ι.

157 2929 234 2989 Nihil
247 2931 320 3009 justo
332 2927 429 2986 ditius.
445 2942 479 2987 11.
496 2937 560 2988 380.
576 2950 603 2986 ι.
618 2929 696 2990 Justo
717 2948 767 2987 neo
789 2929 836 2988 lex
856 2948 906 2989 neo

107 3042 108 3053 ¹
157 3018 281 3098 princeps
292 3015 395 3096 positus
409 3029 456 3074 est.
471 3029 519 3075 10.
531 3024 599 3078 707.
615 3038 642 3075 a·
658 3018 799 3077 Justorum
809 3015 907 3075 animm

107 3142 108 3153 .
154 3106 333 3184 juvenescunt
359 3124 391 3162 ac
418 3103 524 3182 vigent,
553 3115 580 3161 et
605 3101 714 3182 inipso
738 3101 823 3162 retatis
841 3101 909 3162 llore

157 3207 218 3252 sunt
244 3213 350 3272 semper
376 3189 412 3249 ad
439 3210 558 3271 pugnum
593 3203 619 3250 et
651 3189 753 3248 luctam
789 3202 902 3269 paratae.

158 3296 204 3341 tx.
221 3290 284 3340 trs.
301 3300 326 3337 r.
340 3278 411 3341 Justi
433 3276 556 3338 felicitas.
571 3290 604 3337 0.
622 3286 687 3336 140.
706 3297 734 3338 r.
758 3276 905 3337 delectatio

157 3357 345 3448 perpetuasv.
361 3375 407 3426 31.
417 3385 445 3422 n.
457 3364 566 3443 Absque
576 3364 642 3423 sesto
656 3364 755 3423 iestum
767 3364 833 3444 agit.
850 3377 898 3424 01.

158 3465 222 3515 807.
238 3478 262 3515 c.
280 3476 309 3513 n.
336 3452 520 3512 Certaminum
539 3453 597 3533 ejus
620 3473 651 3512 ea
671 3464 767 3512 natura
791 3465 831 3511 est
842 3496 852 3528 ,
872 3464 904 3510 ut

158 3544 238 3604 etiam
253 3554 315 3600 ante
341 3539 452 3621 prumia
474 3539 502 3599 in
523 3539 582 3620 ipsa
604 3559 684 3598 arena
706 3557 785 3597 suom
806 3558 909 3600 meroe·

158 3632 223 3690 dem
237 3629 370 3709 accipiat,
391 3626 520 3686 nimirum
538 3626 622 3685 animi
636 3628 819 3706 voluptatem,
831 3625 909 3685 forti·

107 3759 109 3768 ·
161 3718 296 3792 tudinem,
308 3714 475 3796 patientiam.
500 3728 549 3773 111.
563 3722 630 3774 727.
648 3735 673 3774 c.
695 3712 839 3785 Quomodo
861 3712 909 3773 bio

107 3843 109 3856 ·
161 3806 189 3864 in
213 3805 292 3864 terris
315 3816 457 3864 coronetur
475 3803 574 3882 justus.
594 3815 628 3862 0.
652 3810 699 3861 tt.
720 3824 745 3860 r.
761 3824 787 3862 c.
805 3802 908 3862 Omnes

107 3951 108 3955 ,
159 3893 225 3974 justi
245 3893 271 3951 in
293 3893 344 3951 hac
368 3890 423 3950 vita
438 3890 514 3967 quasi
533 3889 735 3970 peregrinantes
755 3902 906 3950 remanent.

107 4018 110 4032 ·
164 3997 208 4043 10.
222 3992 289 4042 723.
313 4003 339 4039 c.
359 3978 430 4039 Justi
445 3977 546 4058 seipms
561 3991 708 4052 accusant,
725 3976 805 4037 sicuti
824 3976 910 4036 sacio-

107 4101 110 4126 ·
162 4072 227 4129 bant
237 4070 305 4150 justi
319 4067 425 4130 Veteris
439 4066 616 4127 Testamenti.
634 4079 682 4125 vl.
700 4074 765 4124 204.
790 4085 819 4122 ι.
838 4086 864 4125 n.
882 4084 909 4122 c.

164 4167 230 4217 225.
243 4160 385 4218 Justorum
405 4153 501 4213 animae
522 4151 670 4213 admodum
686 4151 765 4211 mites
791 4164 855 4209 sunt
877 4171 910 4209 ac

107 4295 108 4304 ,
164 4246 302 4324 benigna,
327 4256 353 4302 et
382 4262 466 4318 usque
490 4238 526 4298 ad
551 4240 630 4298 bruta
656 4259 732 4297 suam
759 4236 910 4296 extendunt

107 4387 108 4396 ,
165 4330 410 4390 mansuetudinem.
426 4343 474 4388 tx.
492 4337 558 4387 810.
575 4348 600 4383 0.
617 4346 643 4383 c.
667 4327 762 4386 Justus
788 4344 851 4384 rere
869 4336 910 4383 est

164 4420 212 4498 qui
226 4418 355 4498 injuriam
372 4416 494 4496 accepit,
509 4433 557 4473 nec
583 4411 714 4472 reddidit.
731 4426 779 4472 xt.
794 4420 860 4472 113.
881 4432 910 4471 r.

167 4505 243 4580 Quid
257 4527 287 4565 eo
305 4505 409 4564 beatius
430 4501 477 4580 qni
492 4522 555 4561 cum
565 4499 666 4562 virtute
681 4499 764 4572 vivit,
779 4498 911 4578 quidum

107 4634 111 4644 ·
166 4594 311 4653 laudantur
322 4591 390 4662 alii,
406 4591 463 4671 ipse
476 4588 576 4669 gaudet
596 4588 741 4667 laetitiaque
753 4586 864 4648 diffluit.
884 4601 907 4647 1.

107 4721 113 4730 -
167 4692 231 4742 030.
248 4704 275 4743 a,
291 4678 439 4738 Hominum
459 4697 541 4756 quam
565 4677 599 4736 sit
620 4697 723 4736 amans.
739 4690 786 4735 tx.
805 4685 868 4734 810.
881 4696 908 4736 c.

107 4816 110 4831 .
168 4772 268 4847 Magna
292 4781 331 4826 est
350 4765 415 4845 justi
444 4765 550 4837 virtus,
569 4762 679 4842 quando
702 4762 809 4823 eosdem
829 4761 911 4823 habet

169 4877 235 4934 quos
259 4857 333 4914 Deus
353 4851 497 4922 inimicos,
514 4863 540 4909 et
553 4850 661 4911 eosdem
682 4850 792 4909 amicos.
809 4863 844 4908 0.
860 4858 908 4909 70.
991 4910 994 4921 ,

168 4970 195 5008 n.
210 4945 352 5021 Quomodo
368 4955 491 5004 exerceat
499 4943 574 5000 Deus
578 4942 715 5023 justorum
729 4938 912 5000 obedientiam

107 5081 111 5094 .
170 5049 196 5095 et
210 5034 379 5115 patientiam.
396 5046 443 5093 tv.
461 5039 526 5091 010.
548 5049 575 5088 r.
588 5030 730 5091 Justorum
741 5026 797 5086 rita
812 5028 913 5108 probos

172 5144 259 5182 tnorcs
281 5122 368 5183 docet.
396 5133 442 5183 10,
462 5126 527 5178 008.
554 5139 581 5180 n.
606 5125 672 5178 000.
687 5116 791 5187 Justus,
807 5114 913 5177 etiamsi

721 5231 765 5280 tu.
