3714 5970
887 552 947 619 viij

147 685 261 747 rimurn
271 684 377 765 petitas
385 681 516 743 matiani
534 679 738 760 chrysostomi
759 677 950 759 subjicerent,
970 675 1123 739 uberiores
1141 674 1296 737 vadorum
1315 690 1353 735 ea
1370 669 1645 733 Frontonisllacei
1655 685 1678 735 et

148 778 251 842 Sarilii
259 776 444 840 sdidonibus
453 788 604 857 excerptas
617 796 689 837 cum
701 774 817 855 epicrisi
829 775 1004 837 inextremo
1017 768 1173 835 volumine
1182 780 1338 851 ponerent·
1348 768 1407 831 llic
1417 788 1486 831 mos
1496 766 1627 829 obtinuit
1636 788 1678 831 us·

149 895 211 956 que
222 872 262 935 ad
272 871 415 935 volumen
426 885 589 954 quartum;
604 893 622 933 a
634 871 745 952 quinto
758 870 790 931 in
809 870 1009 931 annotatione
1029 867 1127 929 textui
1145 865 1254 945 subjici
1274 862 1436 928 solitaaeae
1452 864 1676 938 mntiuuenrnt,

147 990 268 1052 prorsus
288 970 408 1031 resectis
426 970 573 1049 excerptis
586 965 793 1049 amplioribus.
803 963 899 1042 -hos,
913 986 986 1026 cum
999 962 1053 1024 illo
1064 974 1217 1043 tempore,
1229 961 1336 1041 quoin
1344 956 1560 1023 solaminibus
1575 959 1676 1040 quinta,

146 1077 243 1139 sexto,
256 1075 287 1126 et
298 1064 435 1144 proxime
448 1062 644 1145 sequentibus
655 1061 866 1138 versabamur,
894 1060 995 1142 operis
1005 1078 1167 1141 procursus
1183 1055 1273 1121 valde
1286 1067 1447 1137 urgeretur
1461 1097 1472 1130 ‚
1483 1057 1550 1135 jam
1559 1056 1677 1163 utis'ne·

53 1236 56 1241 Ι
146 1162 219 1242 gotii
231 1159 417 1222 Ιιὼὼιιιιιιι
430 1161 464 1220 in
476 1158 630 1222 Savihano
651 1170 738 1220 textu
760 1156 948 1220 consulendo
969 1170 1002 1218 et
1024 1155 1165 1217 codicum
1176 1151 1397 1215 variationibus
1418 1152 1452 1213 in
1475 1152 1613 1231 margine
1626 1170 1676 1229 erar

146 1256 307 1319 annotatis.
322 1253 382 1316 Sed
394 1256 428 1317 in
443 1254 502 1317 boc
514 1254 678 1318 undecimo
688 1254 861 1331 volumine,
874 1248 946 1315 cu'm
957 1256 1021 1335 jam
1040 1251 1146 1314 nullus
1163 1270 1295 1332 usquam
1307 1249 1347 1311 de
1359 1268 1451 1343 opere
1464 1246 1507 1309 ad
1520 1248 1613 1309 finem
1622 1267 1676 1328 pa·

147 1350 287 1413 ducendo
297 1350 482 1412 dubitationi
491 1349 576 1413 locus
587 1363 675 1426 esset,
688 1350 795 1432 pando
811 1348 924 1411 lentius
933 1349 1073 1411 festinare
1088 1361 1261 1428 poteramus
1274 1358 1308 1407 et
1324 1343 1486 1426 aliquanto
1497 1344 1569 1425 plus
1580 1344 1633 1405 otii
1640 1362 1677 1405 ra·

147 1445 352 1527 cognoscendo
365 1445 526 1527 exemplari
548 1445 712 1527 typothetis
726 1444 873 1507 tradendo
887 1444 1072 1526 impendere.
1085 1442 1281 1504 Excusairnus
1288 1440 1382 1522 igitur
1392 1438 1566 1505 Sarilianas
1574 1458 1676 1521 qnoque

149 1543 262 1623 copias,
280 1555 312 1604 et
325 1562 393 1622 que
409 1556 488 1603 recte
504 1541 660 1605 observma
674 1542 714 1604 ab
730 1541 839 1603 criticis
852 1541 1084 1613 invenissemus,
1103 1539 1174 1600 usui
1193 1549 1296 1600 nostro
1309 1533 1626 1610 accommodavimus,
1636 1536 1677 1617 qui

147 1637 391 1702 emendationem
402 1638 566 1719 presertim
580 1658 745 1719 grecorum
758 1635 934 1718 postularet,
954 1656 1017 1696 non
1036 1633 1267 1715 explicationem
1285 1653 1391 1694 rerum
1407 1644 1439 1695 et
1458 1628 1674 1709 vocabulorum,

149 1755 242 1815 quam
259 1732 495 1795 Moutlouconus
504 1734 567 1814 ipse
576 1737 788 1795 maximarum
797 1732 1003 1794 moderatione
1019 1741 1269 1811 pertotumopus
1278 1727 1428 1791 adhibuit·
1450 1728 1490 1791 In
1500 1724 1677 1789 biaobafln·

149 1829 287 1892 tionibus
296 1829 405 1892 criticis
418 1831 533 1892 enitent
551 1830 658 1891 Dunaer'
670 1841 701 1892 et
719 1828 869 1909 praecipue
887 1827 979 1909 ipsius
994 1824 1250 1901 Servilii-inventa,
1259 1822 1361 1904 eliqua
1376 1823 1470 1885 etiam
1487 1822 1627 1897 Hatera·
1638 1820 1677 1884 aad

149 1924 244 1983 Boisr'i
252 1938 284 1985 et
292 1924 473 1984 Montocrrtr'i
487 1928 675 2007 conjecturae,
690 1926 871 2008 plerumque
882 1925 1043 1987 liberrime
1055 1936 1086 1986 et
1097 1938 1204 2005 prater
1216 1922 1342 1985 modum
1354 1921 1497 2001 audaces,
1507 1942 1677 2004 purarouot

147 2023 253 2101 juvare
265 2033 415 2103 poteraut.
427 2021 573 2085 Praeterea
581 2022 686 2085 eadem
695 2024 749 2084 otii
761 2022 930 2105 benignitas
943 2043 1009 2084 sera
1023 2034 1053 2084 et
1065 2040 1198 2083 crescens
1212 2018 1483 2082 benedictinorum
1495 2020 1530 2079 in
1539 2016 1597 2081 luc
1607 2030 1674 2101 parte

150 2114 333 2197 negligentia
348 2136 417 2178 eam
429 2136 546 2195 curam,
560 2138 654 2199 quam
668 2122 700 2181 in
713 2118 907 2200 corrigendis,
927 2119 982 2181 ubi
995 2140 1042 2180 rea
1055 2117 1180 2194 ferebat,
1193 2114 1442 2179 translationibus
1454 2113 1560 2179 latinis
1576 2118 1674 2183 datm

155 2232 360 2292 posueramus,
368 2210 480 2274 abhinc
488 2212 644 2295 aliquanto
654 2237 748 2297 quam
760 2218 844 2298 prius
859 2215 1084 2297 diligentiorem
1096 2213 1228 2278 reddidit
1239 2232 1247 2268 =
1263 2234 1356 2296 quam
1368 2234 1477 2277 curam
1487 2213 1675 2287 Eccleintidt

151 2309 224 2370 viris
239 2328 303 2369 non
315 2309 464 2388 ingratam
476 2308 540 2372 lore
549 2323 581 2372 et
592 2310 681 2374 valde
694 2314 803 2376 utilem
814 2312 1003 2375 confidimns.

193 2493 290 2573 igitur
300 2493 447 2557 llomilias
460 2497 493 2556 in
505 2495 654 2576 Epistulas
663 2496 703 2558 ad
713 2497 857 2580 Ephesios
865 2510 896 2560 et
909 2497 1116 2580 Philippenses
1135 2518 1173 2560 ex
1192 2495 1352 2559 Savilianis
1360 2497 1469 2579 copiis,
1483 2517 1563 2581 quas
1572 2498 1672 2561 nmis

149 2619 211 2660 esse
222 2618 475 2678 compereramus,
487 2600 592 2663 multis
602 2600 675 2664 locis
688 2603 929 2680 emendavimus,
946 2604 1048 2685 ipsum
1061 2615 1179 2665 textum
1193 2602 1382 2684 refingeutea,
1390 2601 1443 2664 vel
1448 2602 1671 2685 probabilernrr·

149 2707 402 2787 dintegrationem
413 2709 445 2768 in
457 2721 530 2770 nota
541 2721 757 2773 monstrantes.

191 2887 309 2952 Verum
332 2891 423 2952 miras
449 2902 480 2954 et
499 2889 635 2953 difficiles
656 2892 805 2955 Romilius
828 2896 861 2954 in
875 2894 1040 2976 Epistolam
1060 2895 1098 2957 ad
1123 2893 1310 2959 colossenses
1327 2899 1458 2978 aggroed
1480 2918 1537 2979 per
1559 2896 1672 2961 ondin

151 3006 252 3047 unum
265 2984 433 3049 alterumve
446 3007 483 3049 ex
504 2987 596 3054 muns
621 2989 702 3051 tricis
721 3009 776 3051 uos
798 2989 936 3052 evolvere
962 2991 1164 3059 tentabamus.
1191 2994 1231 3055 lit
1242 3007 1317 3055 suut
1328 3013 1401 3056 sane
1423 3013 1494 3075 quae
1509 3014 1613 3057 eorum
1626 3014 1673 3075 ,ομ

155 3079 412 3161 expediverimua,
429 3081 482 3144 sed
494 3104 609 3163 pauca3
629 3096 763 3145 cemmm
773 3085 805 3145 in
818 3082 899 3148 libro
911 3099 974 3148 tam
998 3086 1112 3149 difficili
1129 3088 1177 3151 vel
1190 3088 1268 3151 illud
1288 3091 1392 3172 magni
1405 3090 1510 3169 refert,
1530 3092 1601 3155 scire
1611 3086 1674 3172 quid

157 3176 278 3257 antiqui
314 3176 429 3241 radices
448 3191 586 3240 accurate
607 3180 733 3258 inspecti
773 3178 946 3243 exhibeant.
975 3182 1160 3265 Plerumque
1179 3198 1280 3248 tamea
1303 3207 1350 3249 res
1376 3186 1528 3250 rediitad
1559 3189 1675 3257 virm

153 3271 315 3335 doctorum
328 3285 383 3339 aut
402 3286 518 3337 nostras
530 3273 755 3337 hariolationes.

191 3476 229 3536 ln
242 3475 438 3557 sequentibus
450 3475 590 3539 Homiliis
604 3476 642 3538 de
658 3476 792 3558 Epistola
806 3477 906 3558 prima
920 3478 961 3541 ad
974 3479 1173 3544 Tiruotheum
1191 3481 1402 3548 consuluimus
1416 3483 1555 3549 codicem
1565 3483 1666 3550 (lobe-

150 3569 252 3632 tinum
266 3572 339 3647 909,
350 3584 380 3632 et
397 3572 430 3632 in
445 3571 586 3634 Homiliis
601 3572 639 3633 de
648 3572 782 3653 Epistola
796 3573 836 3634 ad
849 3575 954 3637 'litum
964 3575 1029 3637 cod.
1041 3575 1110 3637 745.

188 3769 328 3832 llomiliis
341 3772 372 3831 in
386 3770 552 3851 Epistolam
562 3771 600 3832 ad
613 3772 835 3851 Philemonem,
851 3797 923 3838 cunr
935 3775 1043 3838 eodem
1055 3777 1122 3839 cod.
1145 3779 1206 3845 7t5
1231 3794 1367 3846 accurate
1376 3783 1660 3869 minduniensis

150 3863 357 3926 adnotationes
371 3863 442 3925 Tib.
459 3865 679 3927 llemsterhusii
700 3880 731 3928 et
744 3867 905 3949 Raphelii;
921 3869 1080 3951 diligenter
1093 3885 1124 3933 et
1141 3877 1199 3957 ipsi
1211 3878 1243 3938 in
1267 3881 1384 3956 omnia,
1399 3901 1467 3962 quar
1489 3883 1658 3961 daban-qr

150 3964 226 4024 ciem
252 3962 409 4033 haberent,
432 3965 628 4044 inquirentes,
639 3980 675 4026 ut
684 3968 748 4046 jam
771 3968 805 4027 in
829 3967 877 4030 his
900 3968 1042 4031 llomiliis
1065 3975 1251 4050 paucissimae
1271 3997 1425 4056 superesse
1448 3978 1604 4041 videantur
1630 3971 1658 4036 rel

152 4058 278 4119 maculae
304 4082 320 4120 e
341 4073 426 4121 textu
444 4059 591 4136 eluenda,
613 4060 662 4123 vel
687 4084 732 4125 res
756 4063 937 4128 obscuritate
951 4066 1131 4130 laborantes.
1148 4068 1248 4130 Etiam
1270 4070 1502 4134 translationem
1524 4069 1654 4135 asama
1703 4150 1707 4155 ¹

149 4177 263 4217 norum
277 4179 397 4238 prorsus
405 4157 606 4233 deseruimus,
627 4172 733 4241 utpote
746 4162 845 4223 multo
857 4162 1029 4225 inferiorem
1043 4164 1207 4228 recentiore
1219 4164 1422 4246 Rapheliana,
1435 4188 1532 4249 quam
1545 4188 1562 4230 e
1574 4168 1659 4247 rego*
1704 4194 1707 4223 ε

150 4253 326 4319 Graecorum
337 4258 496 4338 posuimus
511 4256 561 4318 hic
571 4257 659 4320 illisa
673 4259 760 4322 nobis
768 4274 941 4324 correctam:

192 4459 229 4518 ln
251 4459 377 4539 Spuriis,
390 4472 459 4539 post
477 4473 629 4523 accuratas
641 4463 819 4542 questiones
847 4463 979 4524 Thalonis
990 4466 1021 4525 in
1037 4464 1116 4528 libro
1131 4466 1168 4525 de
1190 4468 1317 4548 Scriptis
1338 4469 1536 4530 Eusebiorum
1555 4466 1660 4527 Alme

154 4559 234 4616 drinr'
256 4570 285 4616 et
310 4560 445 4618 Emisenr'
467 4559 581 4635 (llalae,
612 4563 717 4633 1832),
735 4562 852 4642 aliquot
878 4560 1036 4646 Sermones
1059 4564 1151 4646 hujus
1178 4576 1208 4625 et
1233 4564 1428 4645 praemdentis
1451 4564 1608 4628 voluminis
1626 4564 1661 4620 ’Μ

154 4651 273 4713 auctori
291 4653 535 4729 vindicavimus,
550 4654 681 4717 Eusebio
696 4656 917 4733 Alexandriam
937 4658 1008 4721 vide
1019 4682 1086 4741 pag.
1104 4660 1163 4724 864
1181 4682 1225 4741 sq.
1250 4681 1335 4722 novae
1351 4661 1504 4723 editionis.
1523 4662 1559 4722 lii
1570 4658 1618 4741 qui
1633 4660 1661 4713 Β

153 4770 184 4829 p·
204 4747 336 4813 867-870
354 4752 431 4831 ipsas
454 4751 729 4816 animadversiones
749 4755 807 4816 viri
825 4755 1020 4818 emditissimi
1043 4756 1236 4839 subjecimus.
1253 4756 1421 4839 sequentes
1446 4771 1503 4820 aut
1521 4755 1615 4819 Savilii
1629 4758 1663 4813 ul
1704 4782 1707 4793 ·

154 4846 264 4906 nostris
275 4847 453 4925 conjecturis
464 4849 575 4927 passim
588 4848 772 4929 adjuvimus,
782 4850 912 4933 benigne
922 4866 1043 4934 agentes
1057 4873 1113 4935 pro
1130 4854 1240 4917 harum
1251 4859 1391 4913 mercium
1404 4857 1452 4929 (ut
1463 4851 1661 4918 Mandanae

153 4940 238 5022 loqui
246 4948 339 5020 amat)
351 4942 509 5025 dignitate.

193 5142 342 5207 Homilias
354 5144 387 5205 in
400 5144 565 5225 Epistolam
578 5145 618 5207 ad
629 5147 769 5212 Hebraeos
782 5150 814 5211 in
827 5151 928 5231 priore
936 5163 1021 5233 parte
1032 5150 1201 5215 voluminis
1212 5150 1386 5215 duodecimi
1399 5153 1534 5235 positas,
1547 5149 1659 5213 casm

154 5243 237 5305 dnus
248 5242 402 5323 presbyter
414 5240 580 5304 Antiochia
588 5257 657 5324 post
672 5244 792 5308 obitum
805 5246 1010 5330 Chrysostomi
1024 5248 1119 5312 edidit
1128 5248 1183 5311 ἀπὸ
1195 5248 1325 5329 σημείων,
1335 5269 1373 5309 err
1385 5252 1465 5310 noos
1478 5238 1659 5331 isthmi*

153 5358 224 5399 rum
237 5335 318 5413 (vide
342 5336 549 5400 Montlauconi
562 5337 726 5418 Monitum,
740 5362 807 5423 pag.
832 5365 866 5421 v,
879 5365 911 5405 n.
926 5346 968 5421 3).
984 5344 1043 5411 Sed
1054 5367 1136 5421 cum,
1157 5344 1266 5409 codem
1278 5343 1501 5409 lllontfnucono
1522 5356 1590 5408 teste
1600 5326 1655 5415 (aii.
