3714 5970
721 495 810 545 runc
835 494 967 545 raruusr
993 496 1194 546 ιιιοιιιιιιι.
1651 479 1715 566 187

173 621 277 683 bissum
286 618 517 703 peregrinantur,
531 622 570 682 ita
582 641 631 684 nos
643 622 742 683 officiis
753 640 920 702 prosequun·
971 621 1106 702 terpositis
1119 637 1179 703 post
1195 622 1342 683 adrentum
1363 621 1437 683 illius
1455 621 1552 682 diebus
1573 623 1716 704 epistolam

172 729 236 793 tur,
251 728 281 773 ιιι
293 734 329 772 ne
342 714 510 774 famulorum
525 714 633 794 quidem
655 735 762 796 operam
784 713 919 792 requirere
971 715 1046 773 misit
1064 714 1099 774 ad
1115 716 1328 797 Olympiadem,
1342 738 1424 794 quam
1439 716 1528 797 primo
1542 715 1715 777 derestituta

173 827 221 866 nos
231 805 421 882 sinant,cum
430 806 483 888 ipsi
491 807 655 867 famulorum
667 808 759 867 munia
771 826 918 884 exsequan·
970 805 1126 866 raletudine
1149 828 1197 866 sua
1218 807 1359 866 certiorem
1381 807 1467 881 facit,
1488 806 1575 886 deque
1597 807 1717 867 adventu

173 910 227 956 tur.
238 897 350 958 Etenim
363 919 415 979 pro
431 919 483 959 suo
499 919 563 979 erga
579 919 628 959 nos
645 920 737 959 amore
755 898 807 957 boe
819 918 919 957 munus
971 896 1061 956 fratris
1085 898 1118 957 B.
1142 898 1259 957 Maximi
1286 899 1404 979 episcopi
1415 943 1423 973 ,
1445 900 1626 979 objurgatque
1640 899 1718 958 illam

173 1002 200 1047 et
208 987 358 1068 jussionem
372 990 582 1070 preripuerunt.
601 995 689 1071 Atque
706 987 918 1070 ubiquesatelli·
971 990 1045 1066 quod
1056 990 1148 1050 literas
1161 989 1196 1049 ad
1211 1011 1239 1050 se
1252 1011 1304 1050 non
1320 991 1436 1066 miserit,
1450 991 1524 1067 etde
1535 991 1632 1071 Tigrio
1641 1012 1715 1071 quo·

173 1093 230 1140 tum
240 1103 324 1141 manu
333 1081 489 1162 cingimur,
500 1104 660 1163 unoquoque
668 1082 796 1156 videlieet
806 1082 919 1163 bujusce
971 1101 1025 1158 que
1038 1081 1131 1141 eadem
1148 1081 1183 1142 de
1196 1103 1273 1142 eausa
1288 1082 1469 1160 conqueritur.
1483 1085 1525 1142 De
1543 1085 1602 1143 loeo
1623 1081 1716 1142 exsilii

172 1173 316 1234 ministerii
331 1173 442 1234 nomine
454 1195 484 1235 se
496 1174 607 1235 beatum
620 1175 795 1257 praedicante.
812 1198 827 1230 s
970 1174 1012 1232 sui
1027 1174 1159 1235 mutando
1173 1174 1291 1234 neultra
1305 1189 1396 1244 curet,
1408 1188 1434 1234 et
1448 1196 1481 1235 ne
1494 1176 1562 1235 alios
1575 1175 1610 1234 ad
1624 1175 1652 1235 id
1667 1197 1716 1256 po·

129 1304 164 1338 ω,
211 1264 378 1327 valetudine
389 1266 460 1326 bona
470 1267 612 1327 fruebatur
621 1268 684 1342 ille,
697 1265 807 1346 quando
820 1266 914 1329 Nicea
972 1266 1129 1327 stulandum
1149 1267 1276 1327 adhibeat
1294 1265 1395 1340 edicit,
1412 1266 1559 1346 paucisque
1572 1267 1606 1326 de
1618 1269 1717 1346 Perga·

173 1359 310 1441 profectus
326 1371 386 1434 αις
403 1357 452 1419 sed
465 1380 527 1419 eum
539 1359 597 1420 dies
610 1373 753 1438 noctesque
767 1359 816 1419 iter
833 1359 919 1418 facere
971 1358 1020 1419 mii
1033 1360 1189 1425 sororibus.
1217 1374 1244 1420 et
1264 1360 1298 1419 de
1315 1359 1431 1440 Cyriaoe
1450 1359 1575 1440 episcopo
1596 1358 1717 1433 additis,

172 1465 325 1531 cogatur,
333 1450 371 1511 ita
386 1464 449 1510 utet
462 1465 727 1534 astuoppressus,et
738 1450 841 1531 sigiliis
854 1464 919 1511 eon·
971 1451 1111 1531 epistolam
1125 1451 1237 1512 claudit.
1254 1452 1380 1511 Cesarea
1397 1471 1459 1509 cum
1474 1465 1558 1526 esset,
1575 1450 1610 1511 ad
1625 1451 1716 1510 Theo·
1728 1473 1802 1533 Epor.
1819 1486 1857 1519 ,ι

172 1544 280 1619 saeos,
295 1556 323 1605 et
338 1563 430 1602 rerum
442 1544 652 1604 necessariarum
668 1544 781 1625 penuria
792 1565 918 1625 pressus,
971 1541 1067 1603 doram
1078 1546 1185 1623 quoque
1204 1543 1326 1623 scripsit,
1341 1556 1367 1602 et
1387 1543 1514 1621 quesibi
1533 1544 1561 1603 in
1576 1543 1621 1603 sia
1638 1543 1715 1603 arei·

171 1636 372 1718 illupergeret,
387 1635 572 1697 uecadessent
585 1636 633 1717 qui
648 1651 754 1718 possent
772 1637 851 1696 illum
872 1638 919 1717 ju·
971 1635 1067 1696 derant
1088 1637 1185 1718 paucis
1205 1636 1351 1718 patefecit:
1374 1635 1408 1694 de
1429 1636 1476 1695 illa
1501 1636 1581 1695 etiam
1601 1656 1734 1714 conque·-

171 1749 255 1806 rare,
271 1727 299 1787 in
323 1727 422 1788 febrim
444 1727 560 1788 incidit:
576 1742 658 1809 atque
671 1729 725 1804 iis,
744 1727 854 1807 inquit,
870 1728 917 1807 qui
972 1728 1041 1787 ritur
1051 1727 1143 1807 quod,
1156 1749 1219 1788 eum
1233 1729 1290 1808 jam
1306 1740 1430 1806 quartam
1445 1728 1489 1788 rel
1507 1727 1631 1806 quintam
1652 1728 1715 1809 epi·
1727 1746 1850 1805 spismae

173 1820 208 1880 ad
222 1818 336 1880 meulla
350 1817 533 1895 damnantur,
545 1820 590 1881 rel
614 1819 662 1900 qui
684 1820 713 1879 in
737 1818 854 1880 vinculis
876 1833 917 1878 te·
971 1820 1069 1879 stolam
1088 1819 1122 1881 ad
1147 1821 1233 1902 ipsam
1252 1822 1374 1899 miserit,
1390 1843 1471 1882 unam
1484 1835 1591 1882 tantum
1608 1823 1645 1882 ab
1667 1821 1715 1882 illa
1727 1842 1801 1902 Epio.
1816 1853 1854 1888 rs.

125 1940 151 1999 g
172 1927 290 1989 nentur,
304 1911 614 1993 gravioraetatrociora
632 1912 752 1994 pertulit.
766 1917 917 1991 Antequam
970 1911 1113 1991 acceperit.
1220 1974 1225 1984 ‚

174 2025 240 2066 vero
263 2005 294 2065 in
310 2002 512 2086 Cappadociam
534 2006 700 2086 perveniret,
716 2005 846 2065 liberatus
864 2004 918 2079 fpit
1017 2002 1144 2062 Cesarea)
1158 2007 1239 2062 etiam
1253 2004 1371 2085 recipere
1386 2004 1476 2086 potuit
1498 2004 1640 2086 epistolam
1650 2008 1716 2067 Ara·

170 2118 186 2157 a
200 2097 320 2170 Galata,
334 2096 438 2175 inquit,
454 2096 504 2176 qui
523 2110 637 2157 mortem
652 2097 705 2156 sibi
719 2097 915 2175 minitabatur,
969 2093 1025 2167 bii,
1039 2094 1092 2155 viri
1104 2095 1157 2155 sibi
1169 2094 1366 2172 addictissimi,
1380 2098 1541 2177 eujusuxor
1550 2096 1714 2179 Olympiadi

169 2187 301 2249 siddioet
315 2209 332 2246 a
348 2188 461 2248 Leontio
463 2192 604 2271 ,Ancyra
618 2188 646 2248 iu
662 2188 771 2250 Galatia
776 2188 917 2294 episcopo,
975 2187 1061 2247 amica
1071 2188 1249 2271 etfamiliaris
1261 2202 1328 2248 erat.
1341 2192 1369 2250 ls
1388 2210 1450 2249 cunr
1473 2204 1579 2270 putaret
1593 2191 1672 2250 illum
1688 2191 1716 2250 in

170 2281 302 2361 quiinter
310 2279 495 2363 primipilares
505 2281 714 2363 Chrysostomi
706 2303 829 2342 inimicos
839 2304 915 2362 prm
969 2278 1097 2338 exsilium
1120 2278 1192 2339 mitti
1217 2281 1367 2354 Sebasten,
1389 2282 1548 2343 obsecrabat
1572 2283 1653 2343 illum
1684 2296 1714 2344 ut

169 2393 232 2454 seps
254 2385 324 2436 erat
335 2371 390 2432 Sed
413 2373 567 2433 nunciatum
584 2374 626 2434 illi
646 2374 699 2434 fuir
720 2374 913 2451 Pharasmani,
969 2369 997 2428 in
1019 2369 1234 2432 aedibussuisiu
1249 2372 1297 2432 illa
1316 2373 1384 2432 urbe
1408 2373 1467 2433 sitis
1492 2372 1568 2434 sedes
1591 2389 1713 2456 poneret.

169 2466 300 2527 Cesarea
316 2466 492 2548 episcopum,
509 2466 601 2548 ipsum
613 2481 789 2548 exspectare,
807 2482 837 2528 ut
856 2469 916 2550 ipse
969 2460 1118 2542 Respondit
1133 2461 1781 2544 'lliCbrysostomusexsiliisuiloeumnontspt·
1771 2494 1801 2530 ιι.
1816 2496 1856 2530 ιιι

169 2559 387 2620 οωιοιιιίιιιίι
407 2559 544 2665 specimen
564 2559 713 2621 exhiberet.
732 2560 784 2620 llle
799 2581 868 2621 vero
881 2561 916 2620 iis
969 2553 1116 2629 sebasten,
1135 2552 1182 2614 sed
1199 2554 1336 2615 (incusum
1351 2576 1417 2617 esse.

171 2651 255 2712 fidem
277 2671 334 2711 non
358 2650 545 2724 babuit,1m0
560 2652 691 2713 bonuaria
712 2651 766 2711 sibi
788 2666 916 2712 eranam
1008 2646 1079 2705 Cum
1101 2667 1166 2726 ergo
1183 2648 1299 2708 loannes
1316 2646 1443 2706 morbum
1457 2646 1557 2706 sensim
1570 2646 1715 2709 remissum

125 2743 294 2825 ..putabas
313 2741 493 2822 Tandemque
513 2743 689 2806 cesaream
681 2764 710 2802 ιιι
726 2744 916 2825 Cappadocia,
969 2748 995 2795 et
1020 2734 1141 2796 sedatum
1167 2757 1224 2797 esse
1239 2736 1361 2811 videret,
1374 2736 1410 2797 de
1437 2736 1556 2800 discessu
1578 2739 1715 2818 cogitabat

125 2835 380 2939 *pe-indeatque
402 2847 593 2915 atempestate
606 2834 635 2895 in
656 2834 835 2940 tranquillum
848 2856 917 2918 por-
970 2840 1000 2886 ut
1020 2829 1157 2888 Cucusum
1179 2842 1297 2908 peteret,
1309 2842 1391 2907 atque
1404 2829 1466 2889 ab
1458 2830 1562 2891 itineris
1584 2833 1713 2895 aerumnis
1797 2875 1804 2885 -

125 2972 158 3003 a
170 2943 229 2988 tum
243 2927 381 3010 pervenit.
396 2928 492 3006 Neque
505 2926 597 2986 statim
611 2926 729 3008 potuita
744 2926 825 2987 tantis
839 2927 918 2989 malis
968 2919 1077 2980 tandem
1091 2921 1245 3025 quiesceret
1262 2922 1365 2984 Verum
1382 2923 1474 2983 subito
1488 2923 1628 2983 urrntiatur
1639 2926 1715 2985 lsau·

169 3019 307 3099 meari,
297 3017 369 3080 ·sed
392 3032 481 3079 tamen
503 3018 624 3078 animum
638 3018 762 3078 resumsit
768 3017 919 3099 ,quiapu·
969 3033 1014 3072 ros
1027 3034 1089 3073 eum
1102 3012 1243 3073 innumera
1257 3013 1399 3074 bominum
1418 3035 1501 3074 manu
1519 3015 1712 3078 Caesariensem

169 3133 226 3172 earn
245 3131 348 3191 aquam
369 3109 459 3183 bibit,
476 3131 573 3191 panem
597 3131 651 3170 non
671 3109 796 3169 fetidum
817 3123 844 3169 et
860 3109 919 3169 du·
969 3123 1065 3183 agrum
1080 3104 1221 3186 populari,
1235 3118 1317 3184 atqua
1336 3126 1464 3186 magnum
1484 3106 1621 3186 quoddam
1634 3110 1716 3191 oppi-

168 3227 244 3279 mm,
260 3217 293 3263 ut
307 3216 389 3277 ante,
409 3202 544 3278 comedit,
555 3201 659 3261 balneis
673 3214 807 3262 recreatus
822 3214 878 3273 ast,
891 3215 918 3261 et
970 3195 1037 3256 dum
1051 3195 1201 3258 inerudisse
1215 3218 1278 3256 curu
1291 3197 1391 3277 ingenti
1405 3197 1492 3257 clade.
1509 3201 1571 3273 Qua
1588 3221 1618 3261 re
1631 3200 1715 3261 audi·

125 3318 148 3378 ι,
168 3297 279 3358 inlecto
296 3293 474 3356 recumbendi
493 3307 651 3375 potestatem
668 3293 777 3353 habuit.
798 3293 919 3372 Eratque
970 3303 998 3349 ta
1011 3288 1137 3349 tribunus
1150 3310 1214 3349 eum
1226 3289 1362 3350 militibus
1375 3290 1502 3350 omnibus
1515 3292 1572 3352 suis
1588 3293 1655 3353 urbe
1666 3314 1714 3354 ex·

168 3389 196 3451 in
210 3390 274 3472 ipso
284 3387 409 3449 tatiane
422 3385 506 3447 febris
519 3384 634 3460 ardore,
648 3384 851 3465 hospitiumque
863 3383 918 3444 ba·
969 3382 1066 3442 cessit:
1080 3381 1210 3442 timebant
1223 3384 1294 3442 euim
1309 3403 1342 3443 ue
1351 3383 1446 3442 urbem
1454 3403 1562 3462 quoque
1573 3384 1711 3445 adoriren-

169 3482 271 3543 bnitin
283 3494 409 3542 extrem
422 3477 501 3539 urbis
513 3498 628 3539 recessu.
645 3478 720 3536 Tum
739 3497 804 3536 sero
827 3475 916 3536 clerici
969 3491 1024 3539 tur.
1034 3477 1136 3538 Omnes
1146 3477 1173 3536 iu
1188 3491 1261 3537 metu
1274 3490 1302 3538 et
1313 3476 1491 3558 trepidatione
1502 3492 1589 3554 erant,
1602 3477 1638 3539 de
1649 3479 1711 3561 ipso

169 3597 278 3646 omna,
306 3572 442 3656 pupulus,
466 3571 610 3647 monachi,
638 3569 775 3630 monache
787 3613 797 3647 ,
819 3569 917 3630 medici
969 3589 1075 3648 quoque
1095 3568 1183 3650 patrio
1205 3569 1264 3629 solo
1283 3568 1484 3650 periclitantes3
1497 3568 1564 3629 adeo
1586 3586 1616 3629 ιιι
1638 3590 1713 3631 senes

170 3666 318 3727 adfuerunt
328 3708 339 3741 ,
350 3685 367 3723 a
380 3662 483 3743 quibus
501 3682 634 3743 perquam
655 3660 775 3720 officiose
789 3675 917 3742 exceptus
968 3660 1048 3721 etiarn
1063 3659 1115 3740 ipsi
1127 3680 1269 3721 murorum
1281 3659 1432 3721 custodiam
1446 3661 1623 3743 susciperent.

134 3757 235 3831 ntor,
250 3753 383 3817 munibus
407 3751 602 3813 famulantibus
621 3765 649 3810 et
670 3750 818 3811 necessaria
842 3773 916 3831 quae-
1009 3753 1166 3814 l'baretrius
1179 3775 1264 3831 vero,
1280 3752 1328 3833 qui
1344 3753 1451 3834 pridem
1465 3753 1657 3816 benevolentia
1672 3755 1711 3815 si·
1724 3777 1798 3838 Epor.
1813 3779 1850 3837 ¹l·

170 3871 220 3930 que
235 3847 291 3930 ipsi
312 3843 596 3907 subministrantibus.
609 3845 689 3905 Tunc
704 3856 795 3903 autern
813 3843 916 3923 ingenti
968 3867 1020 3927 gua
1034 3846 1134 3908 losoni
1160 3845 1291 3924 dederat,
1306 3867 1386 3925 quem
1403 3845 1615 3928 proficiscentem
1635 3846 1713 3908 inri-

171 3945 286 4006 fmnmae
301 3940 402 4002 ardme
423 3938 593 4020 deflagrans,
605 3939 635 3999 in
655 3952 776 4000 extremo
793 3939 915 4019 periculo
968 3952 1090 4014 taverat,
1108 3939 1165 4020 jam
1182 3938 1262 3998 illum
1283 3938 1402 3998 Caesarea
1418 3937 1517 4019 pellere
1531 3937 1712 4015 moliebatur,

172 4036 352 4096 emebatur:
365 4031 475 4092 densum
488 4031 620 4113 paulatim
630 4033 764 4092 remittere
779 4052 812 4091 ae
826 4031 915 4092 sedari
967 4034 1064 4092 mitrati
1075 4046 1164 4092 autem
1174 4031 1376 4092 animirausam
1385 4032 1468 4092 fuisse
1474 4032 1627 4113 suspicatur
1633 4035 1714 4095 Joan·

174 4127 282 4187 morbus
293 4125 386 4206 erepit
400 4124 558 4185 Pbaretrius
577 4145 642 4185 vero
650 4169 661 4202 ,
675 4124 723 4205 qui
744 4137 782 4184 tot
796 4124 914 4185 venienti
967 4144 1014 4185 nes
1024 4124 1155 4185 insidiam
1170 4146 1264 4184 suam.
1279 4126 1349 4186 Cum
1360 4123 1464 4184 videret
1480 4125 1616 4185 omnessd
1625 4127 1710 4187 Juan·

174 4217 283 4280 officiosi
302 4215 391 4277 animi
411 4216 490 4297 signa
511 4215 573 4276 dari
591 4230 913 4298 curaverat,numquam
967 4238 1027 4277 nem
1049 4217 1200 4292 confluere,
1218 4216 1375 4298 optimates,
1394 4216 1555 4292 monachos,
1571 4217 1708 4296 virgines,

177 4310 322 4393 comparuit
331 4353 341 4384 ,
350 4309 410 4370 iano
418 4307 479 4369 dira
493 4309 691 4384 meditabatur,
705 4323 735 4368 ut
748 4308 913 4372 videbimus.
967 4310 1123 4389 prefectos,
1136 4309 1236 4385 milites
1250 4354 1258 4384 ,
1271 4308 1390 4369 medicos
1416 4329 1562 4387 omnesque
1585 4309 1707 4368 certatim

125 4441 163 4480 ,η
178 4401 412 4463 Prestantissimos
422 4414 513 4462 autern
521 4401 559 4461 ibi
574 4402 816 4481 celeberrimosque
827 4402 914 4461 medi·
966 4401 1019 4483 ipsi
1035 4403 1142 4478 officia,
1157 4402 1324 4475 ministeria,
1339 4401 1482 4460 facultates
1502 4401 1616 4475 offerre,
1627 4414 1709 4479 atque

181 4515 218 4554 eos
235 4494 351 4572 babuit,
369 4515 386 4553 a
404 4492 505 4572 quibus
527 4515 580 4554 non
600 4508 656 4554 tam
673 4493 739 4553 artis
760 4494 910 4574 subsidiis,
966 4495 994 4554 iu
1007 4509 1112 4578 partem
1125 4493 1284 4555 calamitatis
1298 4492 1390 4552 venire
1396 4515 1405 4570 3
1421 4492 1480 4551 lraee
1496 4513 1548 4553 non
1567 4494 1604 4552 ita
1616 4493 1706 4554 liben-

183 4585 657 4666 qramoommiserationeetamieitia
668 4585 825 4647 curabatur
836 4590 912 4662 Quo·
967 4602 1006 4647 ter
1019 4587 1110 4663 vidit,
1126 4583 1380 4647 sedliroreductus
1387 4585 1709 4665 ,ipsumefinibussuis

184 4694 421 4757 rumetsamunus,
430 4699 485 4758 quo
495 4678 542 4740 rlle
551 4693 642 4761 postea
655 4679 911 4761 semperetmediro
967 4679 1065 4760 pellere
1082 4679 1219 4739 decrevitz
1211 4677 1268 4737 ·ad
1283 4697 1397 4756 eamque
1410 4698 1467 4737 rem
1481 4677 1629 4739 ministerio
1644 4701 1708 4739 usus
1734 4700 1780 4746 ιιι
1782 4705 1835 4810 seps
1817 4719 1846 4747 ιι.

185 4773 301 4833 etanieo
315 4792 382 4831 usus
398 4784 455 4842 est,
469 4791 560 4831 ιωιιιιι
579 4772 761 4852 profecturum
779 4794 835 4832 esse
848 4794 912 4854 spo·
965 4787 1004 4831 est
1018 4772 1210 4832 monachorum
1223 4767 1423 4850 quorumdam,
1438 4769 1533 4850 quiex
1547 4792 1576 4830 re
1588 4785 1661 4850 gesta
1670 4762 1805 4832 adJ

188 4861 286 4940 pondis,
299 4877 418 4942 itemque
428 4862 476 4922 alu
489 4862 643 4944 complures
656 4864 911 4944 eorumquidigni-
966 4863 1150 4947 expeditiones
1167 4862 1270 4924 similes
1283 4862 1422 4923 exercitati
1435 4863 1703 4926 fuisseridebantur.
1717 4841 1832 4934 plegem
1777 4891 1848 4934 ου..

189 4955 380 5034 talepollebant.
967 4959 1036 5017 Cum
1051 4977 1116 5037 ergo
1130 4976 1217 5016 rasso
1224 4976 1299 5034 ,quo
1318 4953 1485 5026 diximus,
1477 4969 1589 5016 metatu
1606 4967 1743 5033 essent&
1697 5002 1765 5060 ,m
1744 4947 1843 5014 apetuj

218 5043 294 5106 llluar
311 5046 452 5107 visitatum
469 5044 544 5106 renis
557 5045 641 5107 frater
649 5047 912 5130 Maximiepiseopi,
965 5047 1082 5129 quadam
1107 5048 1153 5110 die
1177 5047 1347 5107 illucescente
1372 5068 1487 5120 aurora,
1512 5049 1705 5110 monachorum

192 5151 256 5212 tqsn
272 5159 302 5199 ae
317 5139 444 5220 sperabat
459 5136 552 5197 literas
568 5153 742 5220 accepturum
761 5141 912 5221 Olympia·
965 5163 1077 5223 agmen,
1088 5143 1231 5224 δροῦγγος,
1243 5138 1401 5212 domum,
1392 5159 1420 5199 m
1436 5161 1489 5218 qua
1503 5138 1618 5200 loannes
1630 5141 1708 5202 sedes

193 5221 350 5312 disetTigrii
360 5230 523 5314 presbytmi
536 5232 641 5294 Verum
654 5232 870 5314 responditille,
882 5256 911 5295 se
965 5234 1269 5309 babebatinraseruut,
1281 5231 1565 5306 seeamineensuros,
1575 5218 1720 5297 etJoabni

194 5311 266 5381 liras
279 5323 473 5404 postulavisse,
484 5322 530 5385 sed
541 5323 675 5411 abnuisse
688 5325 760 5389 illos
775 5326 877 5390 llinis
868 5349 911 5389 rs·
964 5341 1082 5390 extrema
1102 5346 1217 5408 queque
1232 5323 1303 5386 mala
1316 5323 1440 5386 illaturos
1450 5344 1518 5405 esse
1533 5323 1706 5398 minitantes,
