3714 5970
712 456 801 504 llUNC
812 454 956 511 ,Plllllllbl
983 453 1180 504 avorsari.
1651 461 1716 510 201

125 594 167 692 a
218 580 377 657 Numquam
390 599 534 652 mansure,
549 579 638 639 morbi
648 564 743 640 aliasve
759 578 923 640 sollicitudi-

125 725 141 754 t·

176 692 225 730 nes
244 673 380 733 ioannem
400 685 521 731 nostrum
538 684 693 732 avertemnt
709 693 726 732 a
741 669 924 732 sollicitudine

125 788 166 845 aa·
176 760 360 842 propagandas
378 761 456 824 fidei.
473 763 536 824 Jarn
552 761 675 824 vidimus
688 762 793 844 ipsum,
811 761 923 841 quadie

125 850 166 878 '⁰‘
176 854 270 913 exsilii
288 852 378 914 locum
391 868 484 935 petens
497 854 616 914 Nicaeam
629 854 768 935 pergebat,
783 852 922 934 scripsisse

176 947 337 1007 Constamm
355 946 528 1028 presbytero,
542 960 573 1006 ut
586 969 619 1007 ne
632 969 668 1007 ex
679 960 808 1028 praesente
823 958 922 1026 tempe·

173 1052 245 1098 state
264 1052 437 1099 amoveretur
449 1039 486 1100 ab
502 1039 592 1099 officio
609 1052 636 1099 et
649 1060 664 1098 a
679 1060 708 1099 re
718 1052 857 1120 suscepta,
874 1038 921 1098 sed

174 1150 225 1211 pra
244 1150 322 1191 more
335 1151 385 1190 suo
398 1152 459 1206 eos,
476 1131 524 1209 qui
543 1129 634 1190 adhuc
651 1131 811 1191 Graecorum
828 1150 921 1211 super-

173 1219 292 1300 stitioni,
310 1243 361 1283 seo
378 1221 542 1283 idololatriae
559 1221 645 1282 dediti
663 1236 756 1300 eram,
777 1221 814 1285 ad
837 1221 920 1282 Chri-

172 1313 291 1374 stianam
303 1312 387 1375 fidem
400 1328 551 1375 convertere
562 1328 696 1394 pergeret,
711 1329 737 1373 et
750 1314 862 1395 impiam
875 1336 920 1374 re·

173 1403 305 1485 [igionem
317 1407 524 1482 exterminaret,
538 1419 619 1484 atque
633 1405 790 1484 Pboeniciae,
811 1407 920 1466 Arabia

172 1509 198 1555 et
216 1497 344 1558 Orientis
366 1497 549 1558 Ecclesiamm
569 1517 662 1556 curam
684 1510 798 1577 gereret.
817 1496 920 1557 Eadem

174 1609 279 1670 semper
297 1588 398 1650 ardens
418 1587 544 1671 cupidine
560 1589 769 1670 Chrysostomus
787 1587 823 1648 ad
841 1589 921 1649 Nico-

173 1681 246 1741 laum
265 1681 459 1764 presbyterum
478 1681 587 1764 scripsit
602 1681 743 1763 epistolam
763 1682 823 1742 53:
840 1703 920 1760 quem

175 1776 320 1838 Nicolaum
338 1778 465 1859 opinatur
482 1799 512 1838 v.
532 1777 567 1838 cl.
586 1777 775 1839 Tillemontius
788 1798 849 1838 eum
864 1799 922 1837 esse

174 1869 232 1945 qui,
249 1883 284 1929 ut
302 1870 388 1930 modo
404 1869 576 1946 dicebamus,
593 1890 656 1929 cum
675 1870 737 1930 aliis
756 1870 920 1949 quibusdam

175 1958 372 2039 qusostomo
388 1960 496 2042 scripsit
512 1959 642 2040 :quodsi
657 1981 710 2020 non
726 1974 838 2035 certum,
855 1962 921 2022 veri·

174 2050 260 2111 simile
274 2050 427 2112 admodum
447 2051 563 2111 videtur.
581 2051 724 2112 Nicolaum
746 2051 825 2112 illum
844 2074 920 2113 sum-

175 2164 282 2225 mopere
295 2143 411 2218 laudat,
429 2144 503 2224 quod
515 2144 678 2225 euangelica
693 2144 877 2226 praedicationi
892 2146 920 2204 in

139 2237 313 2298 isthmius
334 2258 442 2319 semper
458 2236 640 2317 advigilaret,
658 2257 689 2296 ac
707 2236 852 2298 monachos
871 2238 920 2298 illo

175 2333 298 2405 niduet,
319 2345 403 2412 atque
420 2332 449 2391 in
467 2343 543 2390 tauta
562 2351 653 2390 rerum
673 2329 834 2391 difficultate
857 2331 920 2390 illos

175 2424 229 2484 istie
241 2444 355 2484 manere
368 2423 507 2503 coegisset.
522 2423 705 2502 Hortaturque
717 2422 797 2482 illum
812 2437 842 2482 ut
862 2424 920 2484 Ge-

176 2516 290 2575 rontiurn
309 2515 517 2597 presbyterum,
530 2519 612 2594 quein
629 2535 710 2575 suum
728 2514 812 2586 dicit,
828 2516 919 2577 statim

176 2621 249 2687 atque
261 2629 280 2665 a
294 2607 396 2667 morbo
415 2606 600 2682 convaluerit,
622 2619 718 2686 urgeat
737 2619 767 2664 ut
785 2605 836 2665 iter
853 2607 919 2666 illuc

177 2698 310 2780 uscipiag
328 2711 459 2777 curetque
477 2711 507 2759 ut
523 2700 639 2761 Joannes
653 2719 761 2777 quoque
778 2699 919 2781 presbyter

178 2812 235 2849 snus
247 2811 304 2851 una
319 2811 387 2850 cum
401 2790 534 2851 Gerontio
550 2790 643 2850 eodem
659 2803 762 2869 pergat.
782 2792 818 2851 Se
833 2791 918 2870 ipsius

179 2884 272 2943 l'ioolai
282 2881 401 2943 videndi
414 2896 441 2942 et
452 2880 630 2963 amplectendi
641 2882 834 2962 magneteneri
846 2883 917 2944 desi·

180 2975 243 3036 derio
253 2973 393 3049 dicit,sed
408 2974 585 3035 tamenillum
596 2993 667 3033 nunc
678 2972 740 3032 istic
749 2994 856 3034 manere
867 2996 916 3035 ne·

180 3087 238 3128 rose
255 3067 372 3128 omnino
390 3087 455 3126 osse.

202 3159 245 3221 Ad
266 3159 435 3223 Gerontium
456 3179 539 3242 porro
560 3158 639 3219 illuns
670 3180 752 3241 supra
784 3180 915 3219 memora·

181 3267 237 3332 tun,
248 3255 277 3314 in
291 3252 465 3314 Pboeuiciam
479 3252 639 3334 proiectum,
649 3252 728 3312 binas
740 3252 849 3333 scripsit
857 3252 914 3333 epi·

181 3348 257 3426 solu,
272 3366 395 3426 quarum
407 3345 497 3426 prima
510 3343 590 3426 periit
598 3367 609 3422 ;
625 3344 654 3404 in
668 3340 785 3405 secunda
800 3365 864 3405 vero
875 3346 916 3406 54

181 3435 245 3498 illum
260 3438 423 3499 cohortatur
447 3449 474 3497 et
493 3436 625 3513 obsecrat,
646 3449 688 3515 ut,
709 3450 810 3516 quanto
829 3437 915 3518 major

181 3546 209 3591 ot
224 3545 383 3615 tempestas,
402 3543 505 3610 quanto
526 3531 628 3610 majora
653 3528 805 3610 ingruentia
826 3529 912 3601 mala,

180 3637 239 3686 usto
253 3627 360 3708 majore
372 3621 464 3684 studio
478 3635 545 3682 etse
564 3636 591 3682 et
602 3620 670 3681 alios
688 3620 723 3680 ad
736 3620 805 3680 illud
824 3619 913 3700 operis

181 3717 369 3801 accipiendum
385 3716 498 3791 excitet,
519 3734 610 3773 cuma
627 3713 912 3774 morboconvaluerit.

181 3808 348 3871 licitantem
365 3829 395 3870 ee
412 3806 569 3868 Constantio
588 3806 746 3887 presbytero
765 3805 794 3865 id
811 3806 912 3887 negotii

182 3901 343 3976 ammisisse,
356 3914 389 3961 ut
399 3901 459 3961 sive
475 3898 512 3959 ad
525 3898 626 3959 aedium
640 3899 844 3974 exstructiones,
855 3898 913 3960 sive

181 3993 205 4052 st
217 3992 416 4056 sublevandam
429 3993 546 4052 fratrum
555 3992 676 4074 inopiam
686 3991 760 4072 large
773 3991 828 4053 illis
838 4013 911 4052 sum·

182 4097 213 4145 trs
232 4100 257 4148 et
279 4083 412 4168 pecunias
432 4082 602 4166 suppeditet,
625 4083 682 4144 imo
704 4083 807 4165 largius
827 4104 909 4162 quam

182 4192 252 4239 iulet.

209 4271 265 4330 Jam
284 4266 409 4332 vidimus
438 4269 568 4330 ioannem
584 4268 718 4326 'nostrum
739 4287 839 4326 munus
862 4287 908 4327 scu

125 4402 127 4429 :
184 4379 297 4422 umnam
317 4359 449 4443 pecuniae,
469 4380 553 4439 quam
566 4358 701 4438 Diogenes
720 4356 772 4438 ipsi
787 4358 907 4435 miserat,

125 4450 127 4489 ³
185 4456 338 4530 renodare,
355 4466 384 4514 et
401 4452 443 4512 illi
457 4451 596 4533 scripsisse
613 4464 643 4509 ut
656 4471 715 4510 eam
732 4470 866 4510 summam
880 4450 908 4509 in

186 4544 332 4609 lbonio'am
352 4547 389 4606 ad
408 4544 542 4626 evangelii
572 4562 706 4624 praeoones
726 4543 861 4617 mitteret,
882 4557 910 4604 et

186 4639 340 4718 lpbraatem,
352 4660 435 4720 quern
445 4638 498 4699 sibi
511 4636 621 4697 miserat
633 4634 670 4695 ad
685 4656 743 4696 carn
757 4657 814 4695 rem
826 4658 909 4717 expe·

187 4727 238 4791 diret
254 4757 261 4791 ε
280 4733 329 4812 qui
344 4732 388 4794 vir
411 4742 469 4790 erat
489 4729 527 4789 ad
544 4729 584 4789 eis
605 4726 908 4788 solatiumallerendum

188 4818 284 4886 uuas.
296 4827 416 4887 ioannes
436 4842 501 4883 vero
513 4820 656 4903 presbyter
669 4818 762 4878 eadem
779 4818 813 4879 de
826 4841 906 4880 causa

189 4912 207 4972 lu
218 4917 371 4980 l’bmiciarn
381 4938 411 4979 se
423 4916 574 4977 contulerat
586 4939 593 4973 ε
609 4927 772 4996 quapropter
784 4914 906 4994 Chryso-

190 5023 265 5074 ttouus
276 5015 353 5074 illurn
366 5009 541 5074 commendat
557 5009 585 5069 in
602 5009 714 5091 epistola
732 5010 770 5070 55
784 5009 904 5071 Simeoni

127 5064 132 5151 l
192 5107 275 5167 ellari
294 5106 462 5190 presbyteris
487 5116 514 5164 et
533 5101 672 5162 monacbis
695 5102 724 5161 iu
744 5100 905 5182 apameensi

193 5196 271 5272 “sune
279 5199 450 5262 versantibus
464 5219 472 5254 s
488 5195 606 5272 illosque
615 5193 738 5253 bortatur
748 5206 786 5269 ut,
803 5191 904 5270 siquos

196 5299 299 5358 Μία
306 5305 334 5353 et
345 5298 509 5374 praestantes
521 5284 595 5349 viros
605 5284 800 5361 nanciscantur,
810 5283 859 5363 qui
869 5281 903 5344 ad

979 598 1039 639 eam
1050 600 1107 641 rem
1123 579 1284 640 auxiliarem
1303 602 1414 642 manum
1428 582 1525 642 afferre
1537 582 1655 665 possint,
1675 604 1720 646 eos

978 669 1027 730 illo
1054 671 1173 732 mittant.
1205 673 1275 733 Cum
1303 672 1441 735 didicisset
1470 688 1559 735 autern
1588 676 1720 757 silphium

978 766 1132 844 quemdam,
1144 786 1223 844 quem
1237 769 1350 828 loannes
1363 768 1505 849 presbyter
1517 767 1629 844 adierat,
1638 769 1719 829 illum

977 855 1147 928 excitavisse,
1168 870 1248 935 atque
1267 857 1296 915 in
1325 858 1491 918 Pboeuiciam
1513 858 1633 936 misisse,
1662 860 1718 920 imo

978 947 1038 1007 auri
1048 969 1183 1008 summam
1192 948 1245 1029 ipsi
1253 947 1359 1009 dedisse
1370 973 1377 1006 ε
1390 950 1522 1030 silphium
1533 950 1593 1010 idco
1602 951 1717 1012 celebrat

977 1043 1093 1104 loannes
1104 1054 1205 1119 noster,
1216 1054 1243 1100 et
1254 1055 1285 1101 ut
1297 1041 1351 1101 sibi
1361 1043 1513 1123 frequenter
1525 1042 1616 1103 literas
1627 1043 1717 1105 mittat

973 1130 1105 1191 hortatur.

1014 1223 1119 1285 Exorto
1129 1244 1227 1304 magno
1238 1222 1266 1282 in
1280 1224 1417 1286 Plroenicia
1429 1218 1558 1297 tumultu,
1567 1245 1630 1284 cum
1640 1248 1717 1288 evan·
1749 1245 1854 1293 rumuli

974 1316 1037 1395 gelii
1050 1337 1185 1397 praeoones
1200 1316 1229 1376 in
1247 1317 1384 1393 arumnis,
1394 1331 1420 1377 et
1433 1316 1544 1376 forsitan
1553 1317 1581 1376 in
1596 1319 1717 1409 periculo
1728 1308 1761 1414 ἒξ·
1779 1311 1856 1416 {⁰¹:53⁸

974 1422 1160 1485 versarentur;
1175 1423 1296 1470 metuens
1309 1412 1424 1471 Joannes
1435 1423 1523 1468 noster
1535 1429 1570 1468 ne
1587 1431 1602 1468 a
1616 1410 1717 1490 praedi·
1727 1432 1843 1491 stangan

975 1497 1061 1558 cando
1075 1501 1213 1581 evangelio
1228 1501 1395 1575 desisterent,
1415 1500 1557 1582 epistolam
1575 1505 1632 1562 tas
1645 1503 1716 1562 scri·
1728 1509 1847 1554 precones.

974 1590 1029 1670 psit
1043 1592 1209 1673 presbyteris
1220 1608 1246 1653 et
1260 1592 1399 1653 monachis
1414 1591 1526 1673 gentiles
1537 1591 1564 1651 in
1579 1591 1717 1654 Phoenicia

974 1682 1186 1744 instituentibus.
1206 1686 1337 1745 Hortatur
1353 1699 1442 1744 autem
1456 1698 1567 1745 cunctos
1583 1700 1609 1745 et
1622 1686 1718 1767 singu-

973 1774 1024 1846 los,
1039 1777 1143 1855 nequis
1154 1797 1198 1837 eos
1208 1777 1244 1837 ob
1256 1791 1380 1837 exortum
1394 1777 1542 1836 tumultum
1553 1776 1582 1835 in
1592 1776 1718 1837 fraudem

974 1867 1097 1951 impellat
1114 1869 1160 1930 vel
1180 1866 1299 1930 alsiucat
1320 1868 1354 1929 ad
1374 1868 1541 1930 Pboeniciam
1559 1868 1717 1949 relinquen-

974 1959 1036 2018 dam
1055 1982 1062 2017 r
1080 1982 1135 2040 quo
1148 1963 1261 2042 majores
1275 1965 1347 2024 cuim
1360 1961 1534 2021 difficultates
1551 1974 1577 2019 et
1591 1983 1716 2022 aerumnas

974 2050 1151 2132 objiciuntur,
1162 2074 1192 2112 eo
1202 2055 1305 2135 majora
1315 2053 1366 2113 sibi
1376 2052 1486 2134 praemia
1497 2055 1636 2113 reservari.
1646 2055 1716 2115 Cum

974 2143 1046 2202 enim
1057 2143 1204 2225 impietatis
1219 2144 1362 2225 partemin
1378 2143 1517 2205 Phoenicia
1530 2147 1587 2227 jam
1602 2147 1716 2207 sustule-

974 2235 1040 2310 rint,
1054 2236 1271 2297 curandum'csse
1280 2258 1314 2296 ne
1328 2249 1417 2296 tantus
1428 2235 1505 2295 labor
1514 2237 1603 2295 fructu
1614 2251 1712 2297 careat.

973 2328 1008 2388 Se
1019 2328 1055 2388 ita
1069 2329 1221 2410 providisse
1231 2329 1279 2405 ait,
1291 2343 1322 2388 ut
1335 2326 1403 2387 nihil
1411 2348 1540 2406 umquam
1553 2327 1642 2389 deesse
1652 2350 1715 2411 pus·

972 2420 1020 2496 sit,
1041 2435 1125 2500 utque
1144 2422 1234 2481 omnia
1253 2420 1319 2501 ipsis
1337 2420 1477 2479 affluenter
1497 2414 1713 2499 suppeditentur.

973 2513 1054 2585 Quod
1066 2514 1089 2573 si
1105 2513 1151 2573 ille
1170 2514 1197 2572 in
1215 2511 1313 2574 Cucusi
1328 2510 1476 2572 solitudine
1489 2532 1599 2571 versans
1613 2525 1714 2571 tantam

972 2603 1082 2664 illorum
1096 2627 1190 2665 curam
1211 2618 1294 2685 gerat,
1308 2605 1394 2663 multo
1408 2603 1495 2683 magis
1517 2603 1599 2685 ipsos,
1614 2603 1715 2683 quibus

971 2697 1062 2756 omnia
1082 2697 1191 2758 abunde
1211 2711 1372 2778 suppetunt,
1390 2718 1450 2774 quae
1465 2717 1576 2756 suarum
1595 2696 1716 2777 partium

971 2802 1043 2862 scint,
1054 2788 1163 2849 abunde
1173 2776 1303 2870 prestare
1314 2788 1420 2848 debere.
1433 2789 1478 2862 dit
1492 2809 1556 2848 vero
1567 2809 1595 2848 se
1609 2788 1715 2868 religio-

969 2878 1107 2940 sissimum
1120 2883 1251 2942 Joannem
1267 2880 1455 2963 presbyterum
1468 2878 1573 2941 misisse
1587 2880 1633 2958 qui
1652 2880 1713 2940 illos

969 2969 1134 3032 cohortetur.
1151 2974 1187 3033 Se
1199 2971 1309 3030 demum
1322 2971 1413 3031 omnia
1422 2969 1529 3030 abunde
1543 2970 1714 3052 praestitisse:

969 3063 1043 3143 quod
1060 3065 1084 3124 si
1097 3063 1138 3124 illi
1153 3063 1220 3124 alios
1235 3085 1262 3123 se
1277 3063 1313 3122 ab
1324 3063 1415 3124 officio
1429 3076 1577 3124 avertentes
1591 3061 1714 3138 audiant,

969 3154 1077 3217 videant
1090 3156 1118 3215 in
1134 3158 1212 3237 cujus
1225 3169 1308 3238 caput
1321 3169 1393 3215 tanta
1402 3157 1508 3237 jactura
1521 3155 1607 3214 cadat.

1009 3248 1069 3309 Sub
1079 3248 1137 3308 brec
1147 3263 1237 3308 autem
1246 3269 1295 3308 uec
1304 3247 1391 3307 inulto
1401 3260 1501 3328 postea,
1512 3247 1623 3328 gentiles
1633 3247 1713 3308 Plroe-

968 3339 1046 3400 nicias
1075 3340 1103 3400 in
1126 3341 1246 3399 furorem
1269 3339 1345 3410 aeti,
1366 3337 1394 3397 in
1413 3337 1558 3397 monachos
1578 3339 1712 3417 evangelii

967 3453 1102 3514 praecones
1116 3432 1329 3504 insurrexerunt,
1344 3449 1375 3488 ac
1388 3427 1475 3508 compl
1480 3450 1540 3488 ures
1552 3428 1711 3490 vulneribus

968 3524 1125 3598 affecerunt,
1147 3521 1278 3601 quosdam
1300 3520 1380 3580 etiam
1402 3519 1569 3579 occiderunt.
1588 3521 1712 3593 Quaeres

966 3619 1098 3680 Joannem
1111 3628 1234 3675 nostrum
1247 3611 1395 3673 admodum
1412 3612 1559 3672 commovit
1577 3636 1585 3670 ε
1602 3612 1712 3674 statim·

966 3732 1019 3789 que
1031 3710 1121 3770 virum
1135 3705 1270 3787 quesivit,
1281 3704 1327 3785 qui
1342 3718 1417 3764 tanto
1427 3703 1499 3763 malo
1511 3704 1659 3765 remedium
1671 3707 1711 3765 al'·

965 3804 1034 3862 serre
1045 3812 1143 3882 posset.
1155 3801 1211 3859 Nec
1222 3797 1307 3878 magis
1318 3796 1432 3857 idoneus
1443 3818 1500 3857 sese
1508 3797 1591 3856 menti
1600 3797 1710 3874 obtulit,

965 3914 1047 3971 quam
1059 3893 1175 3951 Rulinus
1189 3889 1344 3971 presbyter,
1358 3887 1403 3948 cui
1417 3888 1557 3969 epistolam
1572 3890 1619 3950 ille
1636 3892 1710 3952 misit

965 3987 1035 4061 teo,
1047 3982 1184 4063 ,illumque
1198 3982 1317 4061 rogavit,
1331 3981 1387 4039 imo
1400 3981 1480 4056 ursit,
1491 3994 1521 4040 ut
1534 4003 1616 4062 quam
1627 3983 1709 4043 celer·

963 4076 1032 4135 rime
1050 4087 1134 4157 posset
1154 4094 1182 4134 se
1199 4071 1236 4132 ad
1253 4071 1305 4130 iter
1324 4070 1395 4130 illud
1409 4070 1582 4151 accingeret:
1605 4088 1709 4135 certum

963 4168 1035 4228 enim
1047 4166 1101 4227 sibi
1116 4186 1182 4240 esse,
1200 4163 1223 4224 si
1239 4184 1341 4246 preces,
1357 4162 1503 4238 lenitatem,
1518 4165 1707 4225 mansuetudi⁴

962 4282 1035 4335 nem,
1048 4256 1218 4341 patientiam,
1239 4269 1266 4316 et
1278 4275 1338 4315 earn
1354 4275 1408 4333 qua
1422 4253 1541 4331 pollebat
1555 4254 1639 4314 animi
1651 4255 1708 4315 for·

963 4354 1107 4417 titudinem
1127 4351 1277 4424 adhiberet,
1291 4351 1382 4431 ipsum
1399 4347 1443 4409 vel
1458 4361 1567 4428 aspectu
1581 4348 1638 4429 solo
1652 4349 1705 4409 ad-

962 4448 1095 4510 versarios
1105 4444 1133 4504 in
1148 4445 1241 4522 lugam
1255 4454 1379 4499 acturum
1389 4459 1454 4498 csse.
1467 4438 1510 4497 lit
1519 4459 1584 4499 vero
1594 4461 1632 4517 se,
1641 4461 1706 4500 cum

961 4539 1083 4621 primum
1100 4537 1159 4618 ejus
1179 4535 1206 4593 iu
1226 4531 1393 4591 Phoeniciam
1411 4527 1557 4592 adrentum
1576 4530 1704 4612 audierit,

962 4645 1026 4693 tunc
1039 4629 1096 4690 sine
1110 4648 1173 4688 cura
1184 4637 1210 4685 et
1226 4625 1255 4684 in
1269 4622 1411 4684 securitate
1424 4624 1547 4682 futurum
1561 4644 1625 4683 csse.
1643 4624 1703 4684 llIi-

961 4724 1017 4786 rari
1037 4743 1102 4783 vero
1114 4742 1142 4781 se
1159 4718 1238 4797 dicit,
1253 4715 1403 4796 quodcum
1418 4715 1580 4777 Theodorus
1591 4717 1705 4800 presby-

961 4831 1002 4878 ter
1012 4815 1047 4875 ad
1058 4835 1086 4874 se
1099 4811 1226 4883 venisset,
1242 4808 1333 4868 nullas
1346 4806 1433 4887 ipsius
1447 4807 1541 4867 Rufini
1559 4807 1650 4867 literas
1662 4809 1705 4867 si-

961 4911 990 4972 bi
1004 4907 1155 4968 attulisset:
1178 4914 1344 4984 quapropter
1356 4899 1481 4960 bortatur
1494 4900 1572 4958 illum
1584 4914 1625 4978 ut,
1640 4921 1702 4959 cum

960 5005 989 5063 in
1003 4997 1168 5063 Phoeniciam
1182 4994 1381 5077 proficiscetur,
1403 4995 1431 5052 in
1452 4991 1566 5073 singulis
1583 4992 1702 5052 mansio-

959 5095 1041 5156 nibus
1059 5091 1113 5152 sibi
1133 5089 1224 5149 literas
1240 5085 1329 5145 mittat
1348 5083 1444 5164 :quod
1464 5084 1486 5143 si
1505 5085 1599 5143 fratres
1612 5083 1703 5143 adhuc

960 5189 1009 5249 illo
1023 5185 1130 5245 mittere
1150 5191 1281 5262 oporteat,
1304 5174 1334 5236 id
1354 5175 1408 5236 sibi
1429 5189 1523 5234 notum
1546 5174 1636 5235 saciat.
1660 5177 1703 5235 De

961 5291 1113 5341 sanctorum
1135 5292 1200 5338 vero
1215 5282 1367 5350 martyrum
1381 5265 1523 5347 llcliquiis,
1535 5287 1602 5346 quas
1615 5287 1701 5348 popo-
