<?xml version="1.0" encoding="UTF-8"?>
<!DOCTYPE html PUBLIC "-//W3C//DTD XHTML 1.0 Transitional//EN"
    "http://www.w3.org/TR/xhtml1/DTD/xhtml1-transitional.dtd">
<html xmlns="http://www.w3.org/1999/xhtml" xml:lang="en" lang="en">
 <head>
  <title>
</title>
<meta http-equiv="Content-Type" content="text/html;charset=utf-8" />
  <meta name='ocr-system' content='tesseract 3.04.00' />
  <meta name='ocr-capabilities' content='ocr_page ocr_carea ocr_par ocr_line ocrx_word'/>
</head>
<body>
  <div class='ocr_page' id='page_1' title='image "./sanctipatrisnos00chrygoog_0040.png"; bbox 0 0 3714 5970; ppageno 0'>
   <div class='ocr_carea' id='block_1_1' title="bbox 524 410 1782 529">
    <p class='ocr_par' dir='ltr' id='par_1_1' title="bbox 524 410 1782 529">
     <span class='ocr_line' id='line_1_1' title="bbox 524 410 1782 529; baseline -0.033 -29"><span class='ocrx_word' id='word_1_1' title='bbox 524 450 568 500; x_wconf 83' lang='lat' dir='ltr'>nr</span> <span class='ocrx_word' id='word_1_2' title='bbox 590 453 671 502; x_wconf 79' lang='lat' dir='ltr'>vira</span> <span class='ocrx_word' id='word_1_3' title='bbox 697 450 727 501; x_wconf 89' lang='lat' dir='ltr'>s.</span> <span class='ocrx_word' id='word_1_4' title='bbox 755 450 897 501; x_wconf 79' lang='lat' dir='ltr'>tuturis</span> <span class='ocrx_word' id='word_1_5' title='bbox 923 449 1170 506; x_wconf 78' lang='lat' dir='ltr'>otrnrsosrour.</span> <span class='ocrx_word' id='word_1_6' title='bbox 1588 452 1618 529; x_wconf 66' lang='lat'><strong>9</strong></span> <span class='ocrx_word' id='word_1_7' title='bbox 1762 410 1782 435; x_wconf 92' lang='lat'>··</span> 
     </span>
    </p>
   </div>
   <div class='ocr_carea' id='block_1_2' title="bbox 10 572 1835 5186">
    <p class='ocr_par' dir='ltr' id='par_1_2' title="bbox 54 572 1835 939">
     <span class='ocr_line' id='line_1_2' title="bbox 54 572 1750 665; baseline 0.003 -30"><span class='ocrx_word' id='word_1_8' title='bbox 54 581 89 645; x_wconf 86' lang='grc' dir='ltr'>θος</span> <span class='ocrx_word' id='word_1_9' title='bbox 101 579 174 656; x_wconf 71' lang='grc' dir='ltr'><strong>αὐτῷ</strong></span> <span class='ocrx_word' id='word_1_10' title='bbox 188 576 228 656; x_wconf 72' lang='grc' dir='ltr'><strong>τῷ</strong></span> <span class='ocrx_word' id='word_1_11' title='bbox 245 572 356 657; x_wconf 80' lang='grc' dir='ltr'><strong>μεγᾶλιρ</strong></span> <span class='ocrx_word' id='word_1_12' title='bbox 367 573 510 657; x_wconf 81' lang='grc' dir='ltr'><strong>σαόόάτῳ,</strong></span> <span class='ocrx_word' id='word_1_13' title='bbox 522 577 588 657; x_wconf 83' lang='grc' dir='ltr'><strong>πρὸς</strong></span> <span class='ocrx_word' id='word_1_14' title='bbox 605 577 719 658; x_wconf 75' lang='grc' dir='ltr'>ἑσπέραν</span> <span class='ocrx_word' id='word_1_15' title='bbox 730 577 822 637; x_wconf 83' lang='grc' dir='ltr'><strong>λοιπὸν</strong></span> <span class='ocrx_word' id='word_1_16' title='bbox 841 626 854 665; x_wconf 60' lang='lat'>3</span> <span class='ocrx_word' id='word_1_17' title='bbox 876 575 1056 654; x_wconf 59' lang='lat' dir='ltr'>aufuget-unm</span> <span class='ocrx_word' id='word_1_18' title='bbox 1078 596 1141 635; x_wconf 88' lang='lat' dir='ltr'>oum</span> <span class='ocrx_word' id='word_1_19' title='bbox 1161 595 1195 634; x_wconf 91' lang='lat' dir='ltr'>ne</span> <span class='ocrx_word' id='word_1_20' title='bbox 1212 594 1270 634; x_wconf 89' lang='lat' dir='ltr'>eam</span> <span class='ocrx_word' id='word_1_21' title='bbox 1290 573 1399 654; x_wconf 87' lang='lat' dir='ltr'>quidem</span> <span class='ocrx_word' id='word_1_22' title='bbox 1419 596 1479 655; x_wconf 79' lang='lat' dir='ltr'>quae</span> <span class='ocrx_word' id='word_1_23' title='bbox 1496 576 1626 640; x_wconf 69' lang='lat' dir='ltr'>mutiano</span> <span class='ocrx_word' id='word_1_24' title='bbox 1659 632 1700 643; x_wconf 94' lang='grc'>.</span> <span class='ocrx_word' id='word_1_25' title='bbox 1722 572 1725 577; x_wconf 62' lang='grc'><strong>’</strong></span> <span class='ocrx_word' id='word_1_26' title='bbox 1746 580 1750 591; x_wconf 90' lang='grc'><strong>“</strong></span> 
     </span>
     <span class='ocr_line' id='line_1_3' title="bbox 55 664 1741 751; baseline 0.005 -23"><span class='ocrx_word' id='word_1_27' title='bbox 55 675 93 740; x_wconf 74' lang='grc' dir='ltr'>τῆς</span> <span class='ocrx_word' id='word_1_28' title='bbox 101 668 205 749; x_wconf 71' lang='grc' dir='ltr'><strong>ἡμέρας</strong></span> <span class='ocrx_word' id='word_1_29' title='bbox 217 667 406 747; x_wconf 68' lang='grc' dir='ltr'><strong>ἐπειγομένης,</strong></span> <span class='ocrx_word' id='word_1_30' title='bbox 418 679 477 737; x_wconf 82' lang='grc' dir='ltr'><strong>ταῖς</strong></span> <span class='ocrx_word' id='word_1_31' title='bbox 486 669 639 741; x_wconf 72' lang='grc' dir='ltr'><strong>ἐκκλησίαις</strong></span> <span class='ocrx_word' id='word_1_32' title='bbox 656 671 823 743; x_wconf 77' lang='grc' dir='ltr'><strong>ἐπεισῆλθον,</strong></span> <span class='ocrx_word' id='word_1_33' title='bbox 840 682 860 729; x_wconf 80' lang='lat' dir='ltr'>t</span> <span class='ocrx_word' id='word_1_34' title='bbox 876 671 952 730; x_wconf 88' lang='lat' dir='ltr'>decet</span> <span class='ocrx_word' id='word_1_35' title='bbox 960 684 1061 731; x_wconf 84' lang='lat' dir='ltr'>vestem</span> <span class='ocrx_word' id='word_1_36' title='bbox 1073 670 1186 730; x_wconf 84' lang='lat' dir='ltr'>induere</span> <span class='ocrx_word' id='word_1_37' title='bbox 1196 664 1631 751; x_wconf 60' lang='lat' dir='ltr'>permitterenturslllttltoe&#39;etlh</span> <span class='ocrx_word' id='word_1_38' title='bbox 1716 682 1741 735; x_wconf 61' lang='grc' dir='ltr'>’ἵζ’</span> 
     </span>
     <span class='ocr_line' id='line_1_4' title="bbox 56 748 1835 850; baseline 0.007 -33"><span class='ocrx_word' id='word_1_39' title='bbox 56 762 92 820; x_wconf 76' lang='grc' dir='ltr'>τόν</span> <span class='ocrx_word' id='word_1_40' title='bbox 112 785 143 820; x_wconf 80' lang='grc' dir='ltr'><strong>τε</strong></span> <span class='ocrx_word' id='word_1_41' title='bbox 161 764 264 843; x_wconf 78' lang='grc' dir='ltr'><strong>κλῆρον</strong></span> <span class='ocrx_word' id='word_1_42' title='bbox 285 760 393 820; x_wconf 79' lang='grc' dir='ltr'><strong>ἅπαντα</strong></span> <span class='ocrx_word' id='word_1_43' title='bbox 411 761 458 821; x_wconf 84' lang='grc' dir='ltr'>τδν</span> <span class='ocrx_word' id='word_1_44' title='bbox 479 760 525 822; x_wconf 78' lang='grc' dir='ltr'><strong>σύν</strong></span> <span class='ocrx_word' id='word_1_45' title='bbox 536 766 601 847; x_wconf 77' lang='grc' dir='ltr'><strong>ἡμῖν</strong></span> <span class='ocrx_word' id='word_1_46' title='bbox 613 761 679 840; x_wconf 73' lang='grc' dir='ltr'><strong>πρὸς</strong></span> <span class='ocrx_word' id='word_1_47' title='bbox 693 760 754 839; x_wconf 77' lang='grc' dir='ltr'><strong>βίαν</strong></span> <span class='ocrx_word' id='word_1_48' title='bbox 766 761 824 830; x_wconf 63' lang='lat' dir='ltr'>iii·</span> <span class='ocrx_word' id='word_1_49' title='bbox 877 767 993 847; x_wconf 86' lang='lat' dir='ltr'>aceeptis</span> <span class='ocrx_word' id='word_1_50' title='bbox 1013 766 1172 828; x_wconf 83' lang='lat' dir='ltr'>vulneribus</span> <span class='ocrx_word' id='word_1_51' title='bbox 1190 767 1416 840; x_wconf 77' lang='lat' dir='ltr'>exturbabantur,</span> <span class='ocrx_word' id='word_1_52' title='bbox 1443 781 1469 828; x_wconf 90' lang='lat' dir='ltr'>et</span> <span class='ocrx_word' id='word_1_53' title='bbox 1490 748 1625 850; x_wconf 51' lang='lat' dir='ltr'>unguine</span> <span class='ocrx_word' id='word_1_54' title='bbox 1672 750 1680 767; x_wconf 53' lang='lat'>⁵</span> <span class='ocrx_word' id='word_1_55' title='bbox 1728 770 1741 821; x_wconf 83' lang='lat'>&#39;-</span> <span class='ocrx_word' id='word_1_56' title='bbox 1803 794 1807 801; x_wconf 94' lang='lat'>·</span> <span class='ocrx_word' id='word_1_57' title='bbox 1832 792 1835 797; x_wconf 93' lang='lat'>·</span> 
     </span>
     <span class='ocr_line' id='line_1_5' title="bbox 57 853 1624 939; baseline 0.006 -27"><span class='ocrx_word' id='word_1_58' title='bbox 57 854 137 926; x_wconf 81' lang='grc' dir='ltr'><strong>όαλον,</strong></span> <span class='ocrx_word' id='word_1_59' title='bbox 154 854 202 912; x_wconf 75' lang='grc' dir='ltr'><strong>καλ</strong></span> <span class='ocrx_word' id='word_1_60' title='bbox 216 853 311 920; x_wconf 69' lang='grc' dir='ltr'><strong>ὅπλοις</strong></span> <span class='ocrx_word' id='word_1_61' title='bbox 324 854 356 913; x_wconf 87' lang='grc' dir='ltr'><strong>τδ</strong></span> <span class='ocrx_word' id='word_1_62' title='bbox 369 856 446 932; x_wconf 79' lang='grc' dir='ltr'><strong>βῆμα</strong></span> <span class='ocrx_word' id='word_1_63' title='bbox 460 855 695 936; x_wconf 79' lang='grc' dir='ltr'><strong>περιεστοιχίζιτο·</strong></span> <span class='ocrx_word' id='word_1_64' title='bbox 716 853 762 913; x_wconf 82' lang='grc' dir='ltr'><strong>καὶ</strong></span> <span class='ocrx_word' id='word_1_65' title='bbox 775 879 824 934; x_wconf 89' lang='grc' dir='ltr'><strong>γυ-</strong></span> <span class='ocrx_word' id='word_1_66' title='bbox 879 858 1061 938; x_wconf 85' lang='lat' dir='ltr'>implebantur</span> <span class='ocrx_word' id='word_1_67' title='bbox 1084 858 1213 939; x_wconf 72' lang='lat' dir='ltr'>piscine,</span> <span class='ocrx_word' id='word_1_68' title='bbox 1234 872 1260 917; x_wconf 87' lang='lat' dir='ltr'>et</span> <span class='ocrx_word' id='word_1_69' title='bbox 1274 859 1342 917; x_wconf 85' lang='lat' dir='ltr'>sacri</span> <span class='ocrx_word' id='word_1_70' title='bbox 1359 859 1451 918; x_wconf 89' lang='lat' dir='ltr'>latices</span> <span class='ocrx_word' id='word_1_71' title='bbox 1469 878 1567 921; x_wconf 79' lang='lat' dir='ltr'>cruore</span> <span class='ocrx_word' id='word_1_72' title='bbox 1576 864 1624 920; x_wconf 75' lang='lat' dir='ltr'>tit·</span> 
     </span>
    </p>

    <p class='ocr_par' dir='ltr' id='par_1_3' title="bbox 57 943 1623 1030">
     <span class='ocr_line' id='line_1_6' title="bbox 57 943 1623 1030; baseline 0.005 -27"><span class='ocrx_word' id='word_1_73' title='bbox 57 955 134 1011; x_wconf 79' lang='grc' dir='ltr'><strong>νσῑιιες</strong></span> <span class='ocrx_word' id='word_1_74' title='bbox 147 948 201 1004; x_wconf 76' lang='grc' dir='ltr'>τῶν</span> <span class='ocrx_word' id='word_1_75' title='bbox 214 943 364 1026; x_wconf 81' lang='grc' dir='ltr'><strong>εύκτηρέιον</strong></span> <span class='ocrx_word' id='word_1_76' title='bbox 378 947 445 1026; x_wconf 85' lang='grc' dir='ltr'><strong>πρδς</strong></span> <span class='ocrx_word' id='word_1_77' title='bbox 456 947 486 1005; x_wconf 79' lang='lat' dir='ltr'>ab</span> <span class='ocrx_word' id='word_1_78' title='bbox 499 946 639 1027; x_wconf 74' lang='grc' dir='ltr'>βάπτισμα</span> <span class='ocrx_word' id='word_1_79' title='bbox 655 946 825 1023; x_wconf 86' lang='grc' dir='ltr'><strong>σἰττοδυσόμε-</strong></span> <span class='ocrx_word' id='word_1_80' title='bbox 878 951 1031 1010; x_wconf 88' lang='lat' dir='ltr'>bescebaut.</span> <span class='ocrx_word' id='word_1_81' title='bbox 1054 953 1147 1030; x_wconf 83' lang='lat' dir='ltr'>Neque</span> <span class='ocrx_word' id='word_1_82' title='bbox 1158 951 1204 1009; x_wconf 88' lang='lat' dir='ltr'>hic</span> <span class='ocrx_word' id='word_1_83' title='bbox 1226 951 1330 1010; x_wconf 87' lang='lat' dir='ltr'>malum</span> <span class='ocrx_word' id='word_1_84' title='bbox 1344 951 1483 1026; x_wconf 85' lang='lat' dir='ltr'>substitit,</span> <span class='ocrx_word' id='word_1_85' title='bbox 1507 950 1553 1011; x_wconf 93' lang='lat' dir='ltr'>sed</span> <span class='ocrx_word' id='word_1_86' title='bbox 1576 952 1623 1011; x_wconf 92' lang='lat' dir='ltr'>ubi</span> 
     </span>
    </p>

    <p class='ocr_par' dir='ltr' id='par_1_4' title="bbox 58 1037 1621 1126">
     <span class='ocr_line' id='line_1_7' title="bbox 58 1037 1621 1126; baseline 0.002 -27"><span class='ocrx_word' id='word_1_87' title='bbox 58 1062 92 1096; x_wconf 81' lang='grc' dir='ltr'>ναι</span> <span class='ocrx_word' id='word_1_88' title='bbox 103 1039 164 1096; x_wconf 70' lang='grc' dir='ltr'><strong>κατ’</strong></span> <span class='ocrx_word' id='word_1_89' title='bbox 180 1037 263 1098; x_wconf 72' lang='grc' dir='ltr'><strong>αὐτὸν</strong></span> <span class='ocrx_word' id='word_1_90' title='bbox 277 1037 323 1097; x_wconf 76' lang='grc' dir='ltr'>τὸν</span> <span class='ocrx_word' id='word_1_91' title='bbox 337 1037 450 1118; x_wconf 76' lang='grc' dir='ltr'><strong>καιρὸν,</strong></span> <span class='ocrx_word' id='word_1_92' title='bbox 463 1040 559 1117; x_wconf 81' lang='grc' dir='ltr'><strong>γυμνοὶ</strong></span> <span class='ocrx_word' id='word_1_93' title='bbox 575 1039 763 1118; x_wconf 80' lang='grc' dir='ltr'><strong>ἐφυγαδιύοντο</strong></span> <span class='ocrx_word' id='word_1_94' title='bbox 773 1038 825 1097; x_wconf 75' lang='grc' dir='ltr'><strong>ὑπὸ</strong></span> <span class='ocrx_word' id='word_1_95' title='bbox 878 1064 952 1103; x_wconf 87' lang='lat' dir='ltr'>sacra</span> <span class='ocrx_word' id='word_1_96' title='bbox 967 1059 1042 1104; x_wconf 87' lang='lat' dir='ltr'>erant</span> <span class='ocrx_word' id='word_1_97' title='bbox 1054 1044 1170 1126; x_wconf 90' lang='lat' dir='ltr'>reposita</span> <span class='ocrx_word' id='word_1_98' title='bbox 1182 1043 1380 1124; x_wconf 85' lang='lat' dir='ltr'>irrumpentes,</span> <span class='ocrx_word' id='word_1_99' title='bbox 1397 1064 1512 1122; x_wconf 77' lang='lat' dir='ltr'>quonum</span> <span class='ocrx_word' id='word_1_100' title='bbox 1524 1044 1621 1122; x_wconf 81' lang='lat' dir='ltr'>aliqui,</span> 
     </span>
    </p>

    <p class='ocr_par' dir='ltr' id='par_1_5' title="bbox 58 1128 1625 1217">
     <span class='ocr_line' id='line_1_8' title="bbox 58 1128 1625 1217; baseline -0.004 -16"><span class='ocrx_word' id='word_1_101' title='bbox 58 1136 94 1190; x_wconf 69' lang='lat'>²⁰3</span> <span class='ocrx_word' id='word_1_102' title='bbox 105 1130 188 1208; x_wconf 58' lang='grc' dir='ltr'>φόῦω</span> <span class='ocrx_word' id='word_1_103' title='bbox 202 1133 253 1200; x_wconf 62' lang='grc' dir='ltr'>ἧς</span> <span class='ocrx_word' id='word_1_104' title='bbox 266 1132 390 1209; x_wconf 60' lang='grc' dir='ltr'><strong>χαλεπῆς</strong></span> <span class='ocrx_word' id='word_1_105' title='bbox 402 1129 500 1203; x_wconf 59' lang='grc' dir='ltr'><strong>ταύτης</strong></span> <span class='ocrx_word' id='word_1_106' title='bbox 510 1131 612 1211; x_wconf 69' lang='grc' dir='ltr'><strong>ἐφόδου,</strong></span> <span class='ocrx_word' id='word_1_107' title='bbox 626 1129 685 1190; x_wconf 65' lang='lat' dir='ltr'>odil</span> <span class='ocrx_word' id='word_1_108' title='bbox 698 1131 747 1204; x_wconf 71' lang='grc' dir='ltr'><strong>τὴν</strong></span> <span class='ocrx_word' id='word_1_109' title='bbox 760 1128 826 1211; x_wconf 73' lang='grc' dir='ltr'><strong>πρέ·</strong></span> <span class='ocrx_word' id='word_1_110' title='bbox 879 1149 910 1194; x_wconf 93' lang='lat' dir='ltr'>ut</span> <span class='ocrx_word' id='word_1_111' title='bbox 920 1136 1111 1217; x_wconf 78' lang='lat' dir='ltr'>comperimus,</span> <span class='ocrx_word' id='word_1_112' title='bbox 1127 1156 1160 1194; x_wconf 90' lang='lat' dir='ltr'>ne</span> <span class='ocrx_word' id='word_1_113' title='bbox 1175 1134 1273 1193; x_wconf 90' lang='lat' dir='ltr'>initiati</span> <span class='ocrx_word' id='word_1_114' title='bbox 1289 1134 1398 1213; x_wconf 85' lang='lat' dir='ltr'>quidem</span> <span class='ocrx_word' id='word_1_115' title='bbox 1410 1148 1497 1210; x_wconf 90' lang='lat' dir='ltr'>erant,</span> <span class='ocrx_word' id='word_1_116' title='bbox 1512 1149 1538 1194; x_wconf 93' lang='lat' dir='ltr'>et</span> <span class='ocrx_word' id='word_1_117' title='bbox 1548 1133 1625 1194; x_wconf 86' lang='lat' dir='ltr'>vide·</span> 
     </span>
    </p>

    <p class='ocr_par' dir='ltr' id='par_1_6' title="bbox 58 1222 1623 1309">
     <span class='ocr_line' id='line_1_9' title="bbox 58 1222 1623 1309; baseline -0.008 -13"><span class='ocrx_word' id='word_1_118' title='bbox 58 1245 149 1282; x_wconf 62' lang='lat' dir='ltr'><em>W</em></span> <span class='ocrx_word' id='word_1_119' title='bbox 169 1223 375 1302; x_wconf 61' lang='grc' dir='ltr'><strong>ἐῦσχημνσέθην</strong></span> <span class='ocrx_word' id='word_1_120' title='bbox 389 1222 491 1303; x_wconf 57' lang='grc' dir='ltr'><strong>γυναιξὶ</strong></span> <span class='ocrx_word' id='word_1_121' title='bbox 511 1223 727 1304; x_wconf 63' lang='grc' dir='ltr'><strong>σνγχωρνύμιναι</strong></span> <span class='ocrx_word' id='word_1_122' title='bbox 749 1246 826 1304; x_wconf 77' lang='grc' dir='ltr'><strong>περι·</strong></span> <span class='ocrx_word' id='word_1_123' title='bbox 877 1242 940 1287; x_wconf 90' lang='lat' dir='ltr'>runt</span> <span class='ocrx_word' id='word_1_124' title='bbox 950 1229 1107 1307; x_wconf 84' lang='lat' dir='ltr'>omniaquae</span> <span class='ocrx_word' id='word_1_125' title='bbox 1117 1228 1189 1287; x_wconf 91' lang='lat' dir='ltr'>intus</span> <span class='ocrx_word' id='word_1_126' title='bbox 1198 1226 1512 1309; x_wconf 77' lang='lat' dir='ltr'>erantzetsauetissimus</span> <span class='ocrx_word' id='word_1_127' title='bbox 1522 1226 1623 1287; x_wconf 90' lang='lat' dir='ltr'>Christi</span> 
     </span>
    </p>

    <p class='ocr_par' dir='ltr' id='par_1_7' title="bbox 59 1314 1623 1401">
     <span class='ocr_line' id='line_1_10' title="bbox 59 1314 1623 1401; baseline 0.001 -26"><span class='ocrx_word' id='word_1_128' title='bbox 59 1317 155 1375; x_wconf 75' lang='grc' dir='ltr'><strong>θέσθαι·</strong></span> <span class='ocrx_word' id='word_1_129' title='bbox 174 1316 277 1375; x_wconf 78' lang='grc' dir='ltr'><strong>πολλοὶ</strong></span> <span class='ocrx_word' id='word_1_130' title='bbox 291 1316 320 1375; x_wconf 79' lang='grc' dir='ltr'><strong>δέ</strong></span> <span class='ocrx_word' id='word_1_131' title='bbox 333 1317 380 1375; x_wconf 81' lang='grc' dir='ltr'><strong>καὶ</strong></span> <span class='ocrx_word' id='word_1_132' title='bbox 394 1316 536 1396; x_wconf 86' lang='grc' dir='ltr'><strong>τραύματα</strong></span> <span class='ocrx_word' id='word_1_133' title='bbox 551 1315 693 1395; x_wconf 76' lang='grc' dir='ltr'><strong>δεξάμεναι</strong></span> <span class='ocrx_word' id='word_1_134' title='bbox 714 1314 823 1385; x_wconf 79' lang='grc' dir='ltr'><strong>ἐξεόόλ·</strong></span> <span class='ocrx_word' id='word_1_135' title='bbox 877 1321 998 1401; x_wconf 82' lang='lat' dir='ltr'>sanguis,</span> <span class='ocrx_word' id='word_1_136' title='bbox 1014 1320 1082 1379; x_wconf 91' lang='lat' dir='ltr'>utin</span> <span class='ocrx_word' id='word_1_137' title='bbox 1098 1332 1171 1378; x_wconf 91' lang='lat' dir='ltr'>tauto</span> <span class='ocrx_word' id='word_1_138' title='bbox 1185 1318 1315 1397; x_wconf 82' lang='lat' dir='ltr'>tumultu,</span> <span class='ocrx_word' id='word_1_139' title='bbox 1330 1318 1358 1377; x_wconf 91' lang='lat' dir='ltr'>in</span> <span class='ocrx_word' id='word_1_140' title='bbox 1370 1316 1561 1398; x_wconf 72' lang='lat' dir='ltr'>predictorum</span> <span class='ocrx_word' id='word_1_141' title='bbox 1574 1338 1623 1377; x_wconf 84' lang='lat' dir='ltr'>ve-</span> 
     </span>
    </p>

    <p class='ocr_par' dir='ltr' id='par_1_8' title="bbox 58 1408 1625 1490">
     <span class='ocr_line' id='line_1_11' title="bbox 58 1408 1625 1490; baseline -0.001 -22"><span class='ocrx_word' id='word_1_142' title='bbox 58 1411 142 1480; x_wconf 75' lang='grc' dir='ltr'><strong>θοντο,</strong></span> <span class='ocrx_word' id='word_1_143' title='bbox 161 1408 212 1467; x_wconf 77' lang='grc' dir='ltr'><strong>καὶ</strong></span> <span class='ocrx_word' id='word_1_144' title='bbox 226 1408 340 1484; x_wconf 78' lang='grc' dir='ltr'><strong>αἵματος</strong></span> <span class='ocrx_word' id='word_1_145' title='bbox 354 1412 382 1468; x_wconf 80' lang='grc' dir='ltr'><strong>οἱ</strong></span> <span class='ocrx_word' id='word_1_146' title='bbox 395 1408 580 1490; x_wconf 77' lang='grc' dir='ltr'><strong>κολυμόῆθραι</strong></span> <span class='ocrx_word' id='word_1_147' title='bbox 593 1410 764 1489; x_wconf 82' lang='grc' dir='ltr'><strong>ἐπληροῦντο,</strong></span> <span class='ocrx_word' id='word_1_148' title='bbox 779 1408 824 1467; x_wconf 75' lang='grc' dir='ltr'><strong>καθ</strong></span> <span class='ocrx_word' id='word_1_149' title='bbox 877 1423 929 1471; x_wconf 85' lang='lat' dir='ltr'>stes</span> <span class='ocrx_word' id='word_1_150' title='bbox 949 1411 1157 1487; x_wconf 84' lang='lat' dir='ltr'>effundebatur,</span> <span class='ocrx_word' id='word_1_151' title='bbox 1174 1409 1328 1488; x_wconf 85' lang='lat' dir='ltr'>fiebantque</span> <span class='ocrx_word' id='word_1_152' title='bbox 1340 1411 1450 1482; x_wconf 88' lang='lat' dir='ltr'>omnia,</span> <span class='ocrx_word' id='word_1_153' title='bbox 1475 1422 1505 1468; x_wconf 92' lang='lat' dir='ltr'>ut</span> <span class='ocrx_word' id='word_1_154' title='bbox 1519 1408 1546 1468; x_wconf 90' lang='lat' dir='ltr'>in</span> <span class='ocrx_word' id='word_1_155' title='bbox 1560 1409 1625 1468; x_wconf 88' lang='lat' dir='ltr'>bar-</span> 
     </span>
    </p>

    <p class='ocr_par' dir='ltr' id='par_1_9' title="bbox 58 1500 1623 1585">
     <span class='ocr_line' id='line_1_12' title="bbox 58 1500 1623 1585; baseline 0.002 -28"><span class='ocrx_word' id='word_1_156' title='bbox 58 1500 83 1557; x_wconf 82' lang='grc' dir='ltr'><strong>τθ</strong></span> <span class='ocrx_word' id='word_1_157' title='bbox 98 1500 158 1582; x_wconf 77' lang='grc' dir='ltr'><strong>ἱιρδ</strong></span> <span class='ocrx_word' id='word_1_158' title='bbox 176 1508 189 1535; x_wconf 81' lang='lat'>⁸</span> <span class='ocrx_word' id='word_1_159' title='bbox 201 1501 258 1561; x_wconf 78' lang='grc' dir='ltr'><strong>ἀπὸ</strong></span> <span class='ocrx_word' id='word_1_160' title='bbox 276 1505 330 1560; x_wconf 78' lang='grc' dir='ltr'>τῶν</span> <span class='ocrx_word' id='word_1_161' title='bbox 349 1500 474 1561; x_wconf 83' lang='grc' dir='ltr'>τοιούτων</span> <span class='ocrx_word' id='word_1_162' title='bbox 489 1502 649 1581; x_wconf 72' lang='grc' dir='ltr'><strong>τραυμάτων</strong></span> <span class='ocrx_word' id='word_1_163' title='bbox 664 1500 825 1581; x_wconf 81' lang='grc' dir='ltr'><strong>ἐροινέσσετο</strong></span> <span class='ocrx_word' id='word_1_164' title='bbox 877 1502 967 1563; x_wconf 82' lang='lat' dir='ltr'>barica</span> <span class='ocrx_word' id='word_1_165' title='bbox 981 1502 1145 1585; x_wconf 83' lang='lat' dir='ltr'>captivitate.</span> <span class='ocrx_word' id='word_1_166' title='bbox 1171 1503 1280 1583; x_wconf 80' lang='lat' dir='ltr'>Vulgus</span> <span class='ocrx_word' id='word_1_167' title='bbox 1294 1502 1322 1560; x_wconf 92' lang='lat' dir='ltr'>in</span> <span class='ocrx_word' id='word_1_168' title='bbox 1336 1500 1508 1560; x_wconf 86' lang='lat' dir='ltr'>solitudinem</span> <span class='ocrx_word' id='word_1_169' title='bbox 1527 1501 1623 1581; x_wconf 88' lang='lat' dir='ltr'>expel-</span> 
     </span>
    </p>

    <p class='ocr_par' dir='ltr' id='par_1_10' title="bbox 58 1589 1623 1677">
     <span class='ocr_line' id='line_1_13' title="bbox 58 1589 1623 1677; baseline 0.003 -29"><span class='ocrx_word' id='word_1_170' title='bbox 58 1590 167 1667; x_wconf 76' lang='grc' dir='ltr'><strong>νόμαια.</strong></span> <span class='ocrx_word' id='word_1_171' title='bbox 191 1591 247 1649; x_wconf 82' lang='lat' dir='ltr'>Kal</span> <span class='ocrx_word' id='word_1_172' title='bbox 267 1589 325 1650; x_wconf 82' lang='grc' dir='ltr'><strong>ούδέ</strong></span> <span class='ocrx_word' id='word_1_173' title='bbox 344 1593 458 1650; x_wconf 84' lang='grc' dir='ltr'><strong>ἐνταῦθα</strong></span> <span class='ocrx_word' id='word_1_174' title='bbox 471 1590 587 1662; x_wconf 78' lang='grc' dir='ltr'>εἱστήκει</span> <span class='ocrx_word' id='word_1_175' title='bbox 605 1590 637 1649; x_wconf 85' lang='grc' dir='ltr'><strong>τδ</strong></span> <span class='ocrx_word' id='word_1_176' title='bbox 651 1590 747 1663; x_wconf 84' lang='grc' dir='ltr'><strong>δεινὸν,</strong></span> <span class='ocrx_word' id='word_1_177' title='bbox 763 1591 822 1649; x_wconf 76' lang='grc' dir='ltr'><strong>ἀλλ’</strong></span> <span class='ocrx_word' id='word_1_178' title='bbox 839 1601 858 1648; x_wconf 82' lang='lat' dir='ltr'>a</span> <span class='ocrx_word' id='word_1_179' title='bbox 878 1594 1002 1669; x_wconf 89' lang='lat' dir='ltr'>lebatur,</span> <span class='ocrx_word' id='word_1_180' title='bbox 1025 1610 1051 1655; x_wconf 87' lang='lat' dir='ltr'>et</span> <span class='ocrx_word' id='word_1_181' title='bbox 1078 1596 1218 1656; x_wconf 85' lang='lat' dir='ltr'>universus</span> <span class='ocrx_word' id='word_1_182' title='bbox 1242 1596 1360 1677; x_wconf 90' lang='lat' dir='ltr'>populus</span> <span class='ocrx_word' id='word_1_183' title='bbox 1383 1607 1459 1653; x_wconf 89' lang='lat' dir='ltr'>extra</span> <span class='ocrx_word' id='word_1_184' title='bbox 1486 1593 1623 1653; x_wconf 79' lang='lat' dir='ltr'>civitatem</span> 
     </span>
    </p>

    <p class='ocr_par' dir='ltr' id='par_1_11' title="bbox 58 1680 1626 1766">
     <span class='ocr_line' id='line_1_14' title="bbox 58 1680 1626 1766; baseline 0.002 -26"><span class='ocrx_word' id='word_1_185' title='bbox 58 1681 109 1740; x_wconf 74' lang='grc' dir='ltr'><strong>ἔνθα</strong></span> <span class='ocrx_word' id='word_1_186' title='bbox 127 1681 162 1740; x_wconf 75' lang='grc' dir='ltr'><strong>τὰ</strong></span> <span class='ocrx_word' id='word_1_187' title='bbox 182 1682 249 1760; x_wconf 71' lang='grc' dir='ltr'><strong>ἅγια</strong></span> <span class='ocrx_word' id='word_1_188' title='bbox 270 1680 430 1754; x_wconf 78' lang='grc' dir='ltr'><strong>ἀπέκειντο,</strong></span> <span class='ocrx_word' id='word_1_189' title='bbox 449 1680 591 1748; x_wconf 66' lang='grc' dir='ltr'>ι’ἐλθόντες</span> <span class='ocrx_word' id='word_1_190' title='bbox 605 1683 630 1740; x_wconf 86' lang='lat' dir='ltr'>ol</span> <span class='ocrx_word' id='word_1_191' title='bbox 645 1687 822 1762; x_wconf 81' lang='grc' dir='ltr'><strong>στρατιῶται,</strong></span> <span class='ocrx_word' id='word_1_192' title='bbox 877 1685 1043 1766; x_wconf 79' lang='lat' dir='ltr'>aufugiebat,</span> <span class='ocrx_word' id='word_1_193' title='bbox 1058 1701 1188 1766; x_wconf 88' lang='lat' dir='ltr'>erantque</span> <span class='ocrx_word' id='word_1_194' title='bbox 1202 1686 1230 1746; x_wconf 94' lang='lat' dir='ltr'>in</span> <span class='ocrx_word' id='word_1_195' title='bbox 1245 1700 1318 1746; x_wconf 88' lang='lat' dir='ltr'>tauto</span> <span class='ocrx_word' id='word_1_196' title='bbox 1332 1686 1398 1744; x_wconf 80' lang='lat' dir='ltr'>sesto</span> <span class='ocrx_word' id='word_1_197' title='bbox 1411 1705 1503 1745; x_wconf 86' lang='lat' dir='ltr'>vacuae</span> <span class='ocrx_word' id='word_1_198' title='bbox 1517 1683 1626 1764; x_wconf 88' lang='lat' dir='ltr'>populis</span> 
     </span>
    </p>

    <p class='ocr_par' dir='ltr' id='par_1_12' title="bbox 59 1764 1621 1860">
     <span class='ocr_line' id='line_1_15' title="bbox 59 1764 1621 1860; baseline 0.001 -28"><span class='ocrx_word' id='word_1_199' title='bbox 59 1764 173 1846; x_wconf 78' lang='grc' dir='ltr'><strong>ύνένιοι,</strong></span> <span class='ocrx_word' id='word_1_200' title='bbox 191 1772 282 1840; x_wconf 77' lang='grc' dir='ltr'><strong>καθὼς</strong></span> <span class='ocrx_word' id='word_1_201' title='bbox 294 1772 434 1853; x_wconf 77' lang='grc' dir='ltr'><strong>ἔγνωμεν,</strong></span> <span class='ocrx_word' id='word_1_202' title='bbox 451 1773 496 1833; x_wconf 78' lang='grc' dir='ltr'><strong>καὶ</strong></span> <span class='ocrx_word' id='word_1_203' title='bbox 510 1773 625 1852; x_wconf 83' lang='grc' dir='ltr'><strong>ἀμύητοι</strong></span> <span class='ocrx_word' id='word_1_204' title='bbox 638 1765 717 1846; x_wconf 67' lang='grc' dir='ltr'><strong>ἦσαν,</strong></span> <span class='ocrx_word' id='word_1_205' title='bbox 736 1774 824 1833; x_wconf 80' lang='grc' dir='ltr'><strong>πάντα</strong></span> <span class='ocrx_word' id='word_1_206' title='bbox 877 1778 1014 1855; x_wconf 83' lang='lat' dir='ltr'>eeclesiae,</span> <span class='ocrx_word' id='word_1_207' title='bbox 1036 1791 1062 1837; x_wconf 90' lang='lat' dir='ltr'>et</span> <span class='ocrx_word' id='word_1_208' title='bbox 1081 1778 1173 1860; x_wconf 86' lang='lat' dir='ltr'>plures</span> <span class='ocrx_word' id='word_1_209' title='bbox 1191 1799 1272 1857; x_wconf 91' lang='lat' dir='ltr'>quam</span> <span class='ocrx_word' id='word_1_210' title='bbox 1286 1775 1464 1857; x_wconf 88' lang='lat' dir='ltr'>quadraginta</span> <span class='ocrx_word' id='word_1_211' title='bbox 1480 1775 1621 1856; x_wconf 82' lang='lat' dir='ltr'>episcopi,</span> 
     </span>
    </p>

    <p class='ocr_par' dir='ltr' id='par_1_13' title="bbox 59 1857 1625 1949">
     <span class='ocr_line' id='line_1_16' title="bbox 59 1857 1625 1949; baseline 0.003 -26"><span class='ocrx_word' id='word_1_212' title='bbox 59 1866 176 1946; x_wconf 74' lang='grc' dir='ltr'><strong>θθεόιροιν</strong></span> <span class='ocrx_word' id='word_1_213' title='bbox 205 1863 243 1924; x_wconf 73' lang='lat' dir='ltr'>ab</span> <span class='ocrx_word' id='word_1_214' title='bbox 272 1865 368 1938; x_wconf 74' lang='grc' dir='ltr'><strong>ἔνδον,</strong></span> <span class='ocrx_word' id='word_1_215' title='bbox 390 1864 437 1925; x_wconf 75' lang='grc' dir='ltr'><strong>καθ</strong></span> <span class='ocrx_word' id='word_1_216' title='bbox 458 1867 488 1926; x_wconf 74' lang='lat' dir='ltr'>ab</span> <span class='ocrx_word' id='word_1_217' title='bbox 509 1865 654 1945; x_wconf 79' lang='grc' dir='ltr'><strong>ἁγιώτατον</strong></span> <span class='ocrx_word' id='word_1_218' title='bbox 680 1857 748 1943; x_wconf 74' lang='grc' dir='ltr'><strong>οἶμαι</strong></span> <span class='ocrx_word' id='word_1_219' title='bbox 778 1872 824 1927; x_wconf 81' lang='grc' dir='ltr'>τοῦ</span> <span class='ocrx_word' id='word_1_220' title='bbox 878 1870 925 1949; x_wconf 93' lang='lat' dir='ltr'>qui</span> <span class='ocrx_word' id='word_1_221' title='bbox 940 1870 1080 1930; x_wconf 88' lang='lat' dir='ltr'>nobiscum</span> <span class='ocrx_word' id='word_1_222' title='bbox 1094 1868 1345 1946; x_wconf 89' lang='lat' dir='ltr'>communicabant,</span> <span class='ocrx_word' id='word_1_223' title='bbox 1364 1889 1427 1927; x_wconf 89' lang='lat' dir='ltr'>curu</span> <span class='ocrx_word' id='word_1_224' title='bbox 1438 1867 1516 1949; x_wconf 92' lang='lat' dir='ltr'>plebe</span> <span class='ocrx_word' id='word_1_225' title='bbox 1526 1880 1625 1927; x_wconf 88' lang='lat' dir='ltr'>temere</span> 
     </span>
    </p>

    <p class='ocr_par' dir='ltr' id='par_1_14' title="bbox 60 1957 1625 2041">
     <span class='ocr_line' id='line_1_17' title="bbox 60 1957 1625 2041; baseline 0 -23"><span class='ocrx_word' id='word_1_226' title='bbox 60 1961 187 2037; x_wconf 71' lang='grc' dir='ltr'><strong>Χριστοῦ,</strong></span> <span class='ocrx_word' id='word_1_227' title='bbox 213 1961 250 2026; x_wconf 81' lang='grc' dir='ltr'><strong>ὡς</strong></span> <span class='ocrx_word' id='word_1_228' title='bbox 262 1962 291 2018; x_wconf 87' lang='grc' dir='ltr'><strong>ἐν</strong></span> <span class='ocrx_word' id='word_1_229' title='bbox 301 1959 419 2040; x_wconf 79' lang='grc' dir='ltr'><strong>τοσούτῳ</strong></span> <span class='ocrx_word' id='word_1_230' title='bbox 430 1957 551 2041; x_wconf 76' lang='grc' dir='ltr'><strong>θορύόορ,</strong></span> <span class='ocrx_word' id='word_1_231' title='bbox 571 1960 608 2027; x_wconf 85' lang='grc' dir='ltr'><strong>εἰς</strong></span> <span class='ocrx_word' id='word_1_232' title='bbox 619 1957 653 2018; x_wconf 77' lang='lat' dir='ltr'>alr</span> <span class='ocrx_word' id='word_1_233' title='bbox 667 1963 720 2017; x_wconf 88' lang='grc' dir='ltr'>τῶν</span> <span class='ocrx_word' id='word_1_234' title='bbox 731 1982 825 2038; x_wconf 89' lang='grc' dir='ltr'><strong>προει-</strong></span> <span class='ocrx_word' id='word_1_235' title='bbox 885 1975 912 2019; x_wconf 94' lang='lat' dir='ltr'>et</span> <span class='ocrx_word' id='word_1_236' title='bbox 933 1961 1006 2021; x_wconf 91' lang='lat' dir='ltr'>nulla</span> <span class='ocrx_word' id='word_1_237' title='bbox 1029 1961 1065 2024; x_wconf 89' lang='lat' dir='ltr'>de</span> <span class='ocrx_word' id='word_1_238' title='bbox 1081 1982 1160 2020; x_wconf 85' lang='lat' dir='ltr'>eausa</span> <span class='ocrx_word' id='word_1_239' title='bbox 1174 1960 1353 2041; x_wconf 82' lang='lat' dir='ltr'>pellebantur.</span> <span class='ocrx_word' id='word_1_240' title='bbox 1376 1959 1488 2037; x_wconf 88' lang='lat' dir='ltr'>Ubique</span> <span class='ocrx_word' id='word_1_241' title='bbox 1505 1958 1625 2018; x_wconf 90' lang='lat' dir='ltr'>ululatus</span> 
     </span>
    </p>

    <p class='ocr_par' dir='ltr' id='par_1_15' title="bbox 62 2049 1625 2135">
     <span class='ocr_line' id='line_1_18' title="bbox 62 2049 1625 2135; baseline -0.007 -16"><span class='ocrx_word' id='word_1_242' title='bbox 62 2051 169 2131; x_wconf 55' lang='lat' dir='ltr'>maban</span> <span class='ocrx_word' id='word_1_243' title='bbox 184 2051 284 2129; x_wconf 62' lang='grc' dir='ltr'><strong>ἱμάτια</strong></span> <span class='ocrx_word' id='word_1_244' title='bbox 297 2049 421 2131; x_wconf 62' lang='grc' dir='ltr'><strong>ἐξεχεῖτο,</strong></span> <span class='ocrx_word' id='word_1_245' title='bbox 432 2051 479 2109; x_wconf 71' lang='grc' dir='ltr'>καὶ</span> <span class='ocrx_word' id='word_1_246' title='bbox 491 2055 527 2117; x_wconf 74' lang='grc' dir='ltr'>ὣς</span> <span class='ocrx_word' id='word_1_247' title='bbox 536 2054 563 2110; x_wconf 78' lang='grc' dir='ltr'><strong>ἐν</strong></span> <span class='ocrx_word' id='word_1_248' title='bbox 574 2050 747 2132; x_wconf 71' lang='grc' dir='ltr'>αἰχμαλωσίᾳ</span> <span class='ocrx_word' id='word_1_249' title='bbox 763 2055 825 2131; x_wconf 82' lang='grc' dir='ltr'><strong>βαρ·</strong></span> <span class='ocrx_word' id='word_1_250' title='bbox 852 2074 857 2083; x_wconf 90' lang='grc'><em>·</em></span> <span class='ocrx_word' id='word_1_251' title='bbox 883 2068 908 2114; x_wconf 90' lang='lat' dir='ltr'>et</span> <span class='ocrx_word' id='word_1_252' title='bbox 919 2054 1034 2114; x_wconf 90' lang='lat' dir='ltr'>lamenta</span> <span class='ocrx_word' id='word_1_253' title='bbox 1046 2068 1072 2114; x_wconf 88' lang='lat' dir='ltr'>et</span> <span class='ocrx_word' id='word_1_254' title='bbox 1081 2054 1160 2113; x_wconf 89' lang='lat' dir='ltr'>ssetus</span> <span class='ocrx_word' id='word_1_255' title='bbox 1172 2066 1198 2113; x_wconf 93' lang='lat' dir='ltr'>et</span> <span class='ocrx_word' id='word_1_256' title='bbox 1209 2054 1294 2111; x_wconf 85' lang='lat' dir='ltr'>sontes</span> <span class='ocrx_word' id='word_1_257' title='bbox 1303 2052 1488 2135; x_wconf 71' lang='lat' dir='ltr'>lacrymarum</span> <span class='ocrx_word' id='word_1_258' title='bbox 1500 2051 1625 2130; x_wconf 83' lang='lat' dir='ltr'>persora,</span> 
     </span>
    </p>

    <p class='ocr_par' dir='ltr' id='par_1_16' title="bbox 62 2141 1624 2227">
     <span class='ocr_line' id='line_1_19' title="bbox 62 2141 1624 2227; baseline -0.001 -25"><span class='ocrx_word' id='word_1_259' title='bbox 62 2145 146 2224; x_wconf 84' lang='grc' dir='ltr'><strong>όαρσιῇ</strong></span> <span class='ocrx_word' id='word_1_260' title='bbox 162 2143 255 2202; x_wconf 77' lang='grc' dir='ltr'><strong>πάντα</strong></span> <span class='ocrx_word' id='word_1_261' title='bbox 275 2144 415 2218; x_wconf 74' lang='grc' dir='ltr'><strong>ἐτολμᾶτο.</strong></span> <span class='ocrx_word' id='word_1_262' title='bbox 430 2143 511 2203; x_wconf 81' lang='grc' dir='ltr'><strong>Καὶδ</strong></span> <span class='ocrx_word' id='word_1_263' title='bbox 529 2145 612 2220; x_wconf 81' lang='grc' dir='ltr'><strong>δῆμος</strong></span> <span class='ocrx_word' id='word_1_264' title='bbox 628 2142 693 2224; x_wconf 83' lang='grc' dir='ltr'><strong>πρὸς</strong></span> <span class='ocrx_word' id='word_1_265' title='bbox 705 2141 824 2223; x_wconf 75' lang='grc' dir='ltr'><strong>τλνέρη·</strong></span> <span class='ocrx_word' id='word_1_266' title='bbox 878 2167 926 2227; x_wconf 90' lang='lat' dir='ltr'>per</span> <span class='ocrx_word' id='word_1_267' title='bbox 947 2145 1062 2218; x_wconf 92' lang='lat' dir='ltr'>domos,</span> <span class='ocrx_word' id='word_1_268' title='bbox 1085 2165 1134 2226; x_wconf 91' lang='lat' dir='ltr'>per</span> <span class='ocrx_word' id='word_1_269' title='bbox 1151 2142 1310 2204; x_wconf 85' lang='lat' dir='ltr'>solitudines</span> <span class='ocrx_word' id='word_1_270' title='bbox 1324 2169 1331 2199; x_wconf 74' lang='grc' dir='ltr'><strong>ε</strong></span> <span class='ocrx_word' id='word_1_271' title='bbox 1345 2156 1371 2202; x_wconf 90' lang='lat' dir='ltr'>et</span> <span class='ocrx_word' id='word_1_272' title='bbox 1390 2160 1482 2202; x_wconf 84' lang='lat' dir='ltr'>omnes</span> <span class='ocrx_word' id='word_1_273' title='bbox 1505 2141 1624 2201; x_wconf 85' lang='lat' dir='ltr'>civitatis</span> 
     </span>
    </p>

    <p class='ocr_par' dir='ltr' id='par_1_17' title="bbox 10 2232 1706 4260">
     <span class='ocr_line' id='line_1_20' title="bbox 10 2232 1624 2318; baseline -0.001 -25"><span class='ocrx_word' id='word_1_274' title='bbox 10 2235 47 2282; x_wconf 61' lang='lat' dir='ltr'>lll-</span> <span class='ocrx_word' id='word_1_275' title='bbox 63 2234 114 2311; x_wconf 77' lang='grc' dir='ltr'><strong>μίαν</strong></span> <span class='ocrx_word' id='word_1_276' title='bbox 121 2234 264 2307; x_wconf 75' lang='grc' dir='ltr'><strong>ἠλαύνετο,</strong></span> <span class='ocrx_word' id='word_1_277' title='bbox 275 2233 322 2292; x_wconf 81' lang='grc' dir='ltr'><strong>καὶ</strong></span> <span class='ocrx_word' id='word_1_278' title='bbox 331 2243 385 2301; x_wconf 72' lang='grc' dir='ltr'>πᾶς</span> <span class='ocrx_word' id='word_1_279' title='bbox 396 2237 410 2293; x_wconf 82' lang='grc' dir='ltr'><strong>ό</strong></span> <span class='ocrx_word' id='word_1_280' title='bbox 421 2235 484 2301; x_wconf 83' lang='grc' dir='ltr'><strong>λαὸς</strong></span> <span class='ocrx_word' id='word_1_281' title='bbox 495 2234 545 2303; x_wconf 81' lang='grc' dir='ltr'>ἐξω</span> <span class='ocrx_word' id='word_1_282' title='bbox 554 2235 710 2305; x_wconf 79' lang='grc' dir='ltr'><strong>τῆςπολεως</strong></span> <span class='ocrx_word' id='word_1_283' title='bbox 722 2235 823 2316; x_wconf 78' lang='grc' dir='ltr'><strong>ἔφευγε,</strong></span> <span class='ocrx_word' id='word_1_284' title='bbox 875 2239 995 2318; x_wconf 81' lang='lat' dir='ltr'>regiones</span> <span class='ocrx_word' id='word_1_285' title='bbox 1009 2237 1053 2296; x_wconf 91' lang='lat' dir='ltr'>bis</span> <span class='ocrx_word' id='word_1_286' title='bbox 1071 2235 1269 2295; x_wconf 77' lang='lat' dir='ltr'>calamitatibus</span> <span class='ocrx_word' id='word_1_287' title='bbox 1284 2234 1476 2315; x_wconf 82' lang='lat' dir='ltr'>implebantur.</span> <span class='ocrx_word' id='word_1_288' title='bbox 1497 2234 1567 2292; x_wconf 82' lang='lat' dir='ltr'>Nam</span> <span class='ocrx_word' id='word_1_289' title='bbox 1587 2232 1624 2292; x_wconf 94' lang='lat' dir='ltr'>ob</span> 
     </span>
     <span class='ocr_line' id='line_1_21' title="bbox 62 2323 1622 2408; baseline 0.001 -24"><span class='ocrx_word' id='word_1_290' title='bbox 62 2327 97 2385; x_wconf 79' lang='grc' dir='ltr'><strong>καὶ</strong></span> <span class='ocrx_word' id='word_1_291' title='bbox 114 2325 188 2386; x_wconf 77' lang='grc' dir='ltr'><strong>κεναὶ</strong></span> <span class='ocrx_word' id='word_1_292' title='bbox 206 2329 234 2385; x_wconf 90' lang='grc' dir='ltr'><strong>ἐν</strong></span> <span class='ocrx_word' id='word_1_293' title='bbox 255 2328 333 2406; x_wconf 70' lang='grc' dir='ltr'><strong>ἑορτῇ</strong></span> <span class='ocrx_word' id='word_1_294' title='bbox 352 2325 461 2407; x_wconf 81' lang='grc' dir='ltr'><strong>τοιαύτῃ</strong></span> <span class='ocrx_word' id='word_1_295' title='bbox 484 2332 511 2386; x_wconf 82' lang='lat' dir='ltr'>at</span> <span class='ocrx_word' id='word_1_296' title='bbox 529 2326 668 2400; x_wconf 80' lang='grc' dir='ltr'>ἐκκλησίαι</span> <span class='ocrx_word' id='word_1_297' title='bbox 685 2331 738 2388; x_wconf 82' lang='grc' dir='ltr'>τῶν</span> <span class='ocrx_word' id='word_1_298' title='bbox 751 2332 823 2388; x_wconf 84' lang='grc' dir='ltr'><strong>λαῶν</strong></span> <span class='ocrx_word' id='word_1_299' title='bbox 875 2329 1026 2408; x_wconf 88' lang='lat' dir='ltr'>iniquitatis</span> <span class='ocrx_word' id='word_1_300' title='bbox 1048 2326 1264 2408; x_wconf 83' lang='lat' dir='ltr'>magnitudinem</span> <span class='ocrx_word' id='word_1_301' title='bbox 1285 2347 1339 2386; x_wconf 93' lang='lat' dir='ltr'>non</span> <span class='ocrx_word' id='word_1_302' title='bbox 1362 2326 1451 2384; x_wconf 91' lang='lat' dir='ltr'>solum</span> <span class='ocrx_word' id='word_1_303' title='bbox 1473 2325 1522 2404; x_wconf 93' lang='lat' dir='ltr'>qui</span> <span class='ocrx_word' id='word_1_304' title='bbox 1536 2323 1622 2406; x_wconf 83' lang='lat' dir='ltr'>patie-</span> 
     </span>
     <span class='ocr_line' id='line_1_22' title="bbox 63 2417 1623 2501; baseline 0.001 -24"><span class='ocrx_word' id='word_1_305' title='bbox 63 2418 184 2495; x_wconf 71' lang='grc' dir='ltr'><strong>ἐγίνοντο,</strong></span> <span class='ocrx_word' id='word_1_306' title='bbox 204 2417 254 2478; x_wconf 74' lang='grc' dir='ltr'><strong>καὶ</strong></span> <span class='ocrx_word' id='word_1_307' title='bbox 271 2418 379 2485; x_wconf 79' lang='grc' dir='ltr'><strong>πλείους</strong></span> <span class='ocrx_word' id='word_1_308' title='bbox 399 2417 629 2501; x_wconf 77' lang='grc' dir='ltr'><strong>ἥτεσσαρόκοντα</strong></span> <span class='ocrx_word' id='word_1_309' title='bbox 646 2420 786 2481; x_wconf 69' lang='grc' dir='ltr'><strong>ἐπίσκοποι</strong></span> <span class='ocrx_word' id='word_1_310' title='bbox 800 2427 824 2482; x_wconf 80' lang='grc' dir='ltr'><strong>οἱ</strong></span> <span class='ocrx_word' id='word_1_311' title='bbox 874 2422 995 2496; x_wconf 87' lang='lat' dir='ltr'>bantur,</span> <span class='ocrx_word' id='word_1_312' title='bbox 1013 2422 1061 2481; x_wconf 90' lang='lat' dir='ltr'>sed</span> <span class='ocrx_word' id='word_1_313' title='bbox 1075 2422 1162 2501; x_wconf 89' lang='lat' dir='ltr'>etqui</span> <span class='ocrx_word' id='word_1_314' title='bbox 1177 2420 1248 2480; x_wconf 91' lang='lat' dir='ltr'>nihil</span> <span class='ocrx_word' id='word_1_315' title='bbox 1261 2420 1315 2480; x_wconf 89' lang='lat' dir='ltr'>tale</span> <span class='ocrx_word' id='word_1_316' title='bbox 1327 2418 1520 2500; x_wconf 89' lang='lat' dir='ltr'>patiebantur,</span> <span class='ocrx_word' id='word_1_317' title='bbox 1545 2417 1623 2479; x_wconf 93' lang='lat' dir='ltr'>nobis</span> 
     </span>
     <span class='ocr_line' id='line_1_23' title="bbox 63 2509 1620 2592; baseline 0 -24"><span class='ocrx_word' id='word_1_318' title='bbox 63 2519 233 2578; x_wconf 77' lang='grc' dir='ltr'><strong>ιοινωνῶντες</strong></span> <span class='ocrx_word' id='word_1_319' title='bbox 253 2516 339 2589; x_wconf 70' lang='grc' dir='ltr'><strong>ἡμῖν,</strong></span> <span class='ocrx_word' id='word_1_320' title='bbox 362 2511 430 2590; x_wconf 76' lang='grc' dir='ltr'><strong>μετὰ</strong></span> <span class='ocrx_word' id='word_1_321' title='bbox 447 2519 493 2571; x_wconf 81' lang='grc' dir='ltr'>τοῦ</span> <span class='ocrx_word' id='word_1_322' title='bbox 515 2514 582 2572; x_wconf 81' lang='grc' dir='ltr'><strong>λαοῦ</strong></span> <span class='ocrx_word' id='word_1_323' title='bbox 596 2515 655 2591; x_wconf 80' lang='grc' dir='ltr'><strong>οἰκῇ</strong></span> <span class='ocrx_word' id='word_1_324' title='bbox 674 2512 721 2572; x_wconf 76' lang='grc' dir='ltr'><strong>καὶ</strong></span> <span class='ocrx_word' id='word_1_325' title='bbox 737 2514 824 2592; x_wconf 80' lang='grc' dir='ltr'><strong>μάτην</strong></span> <span class='ocrx_word' id='word_1_326' title='bbox 875 2515 1065 2589; x_wconf 86' lang='lat' dir='ltr'>condolebant;</span> <span class='ocrx_word' id='word_1_327' title='bbox 1079 2536 1132 2574; x_wconf 92' lang='lat' dir='ltr'>non</span> <span class='ocrx_word' id='word_1_328' title='bbox 1145 2513 1227 2573; x_wconf 90' lang='lat' dir='ltr'>modo</span> <span class='ocrx_word' id='word_1_329' title='bbox 1238 2510 1379 2584; x_wconf 90' lang='lat' dir='ltr'>Catholici,</span> <span class='ocrx_word' id='word_1_330' title='bbox 1396 2509 1443 2570; x_wconf 90' lang='lat' dir='ltr'>sed</span> <span class='ocrx_word' id='word_1_331' title='bbox 1455 2510 1620 2585; x_wconf 73' lang='lat' dir='ltr'>ethereum,</span> 
     </span>
     <span class='ocr_line' id='line_1_24' title="bbox 63 2602 1621 2686; baseline -0.001 -24"><span class='ocrx_word' id='word_1_332' title='bbox 63 2603 236 2682; x_wconf 76' lang='grc' dir='ltr'><strong>ἐλαυνόμενοι·</strong></span> <span class='ocrx_word' id='word_1_333' title='bbox 254 2603 300 2662; x_wconf 80' lang='grc' dir='ltr'><strong>καὶ</strong></span> <span class='ocrx_word' id='word_1_334' title='bbox 313 2604 439 2682; x_wconf 76' lang='grc' dir='ltr'><strong>ὀλολυγαὶ</strong></span> <span class='ocrx_word' id='word_1_335' title='bbox 449 2610 586 2685; x_wconf 79' lang='grc' dir='ltr'><strong>πανταχοῦ</strong></span> <span class='ocrx_word' id='word_1_336' title='bbox 598 2604 644 2664; x_wconf 73' lang='grc' dir='ltr'><strong>καὶ</strong></span> <span class='ocrx_word' id='word_1_337' title='bbox 654 2608 770 2685; x_wconf 77' lang='grc' dir='ltr'><strong>οἰμωγαὶ</strong></span> <span class='ocrx_word' id='word_1_338' title='bbox 778 2607 825 2666; x_wconf 79' lang='grc' dir='ltr'><strong>καὶ</strong></span> <span class='ocrx_word' id='word_1_339' title='bbox 839 2627 857 2675; x_wconf 87' lang='lat' dir='ltr'><strong>c</strong></span> <span class='ocrx_word' id='word_1_340' title='bbox 874 2621 900 2666; x_wconf 91' lang='lat' dir='ltr'>et</span> <span class='ocrx_word' id='word_1_341' title='bbox 913 2606 1002 2669; x_wconf 83' lang='lat' dir='ltr'>Judaei</span> <span class='ocrx_word' id='word_1_342' title='bbox 1016 2621 1042 2666; x_wconf 90' lang='lat' dir='ltr'>et</span> <span class='ocrx_word' id='word_1_343' title='bbox 1056 2605 1186 2686; x_wconf 87' lang='lat' dir='ltr'>gentiles:</span> <span class='ocrx_word' id='word_1_344' title='bbox 1199 2619 1225 2665; x_wconf 90' lang='lat' dir='ltr'>et</span> <span class='ocrx_word' id='word_1_345' title='bbox 1238 2605 1315 2684; x_wconf 89' lang='lat' dir='ltr'>qnasi</span> <span class='ocrx_word' id='word_1_346' title='bbox 1328 2625 1376 2684; x_wconf 88' lang='lat' dir='ltr'>per</span> <span class='ocrx_word' id='word_1_347' title='bbox 1388 2603 1445 2662; x_wconf 88' lang='lat' dir='ltr'>vim</span> <span class='ocrx_word' id='word_1_348' title='bbox 1456 2617 1532 2683; x_wconf 86' lang='lat' dir='ltr'>capta</span> <span class='ocrx_word' id='word_1_349' title='bbox 1547 2602 1621 2663; x_wconf 80' lang='lat' dir='ltr'>civi·</span> 
     </span>
     <span class='ocr_line' id='line_1_25' title="bbox 63 2694 1621 2781; baseline 0.002 -26"><span class='ocrx_word' id='word_1_350' title='bbox 63 2696 220 2755; x_wconf 80' lang='grc' dir='ltr'><strong>ιιιιιυτοέκαὶ</strong></span> <span class='ocrx_word' id='word_1_351' title='bbox 229 2697 323 2776; x_wconf 72' lang='grc' dir='ltr'><strong>θρῆνοι</strong></span> <span class='ocrx_word' id='word_1_352' title='bbox 334 2694 380 2754; x_wconf 78' lang='lat' dir='ltr'>atel</span> <span class='ocrx_word' id='word_1_353' title='bbox 389 2695 475 2774; x_wconf 79' lang='grc' dir='ltr'><strong>πηγαὶ</strong></span> <span class='ocrx_word' id='word_1_354' title='bbox 488 2696 608 2778; x_wconf 82' lang='grc' dir='ltr'><strong>δακρύων</strong></span> <span class='ocrx_word' id='word_1_355' title='bbox 621 2697 690 2758; x_wconf 76' lang='grc' dir='ltr'><strong>κατὰ</strong></span> <span class='ocrx_word' id='word_1_356' title='bbox 703 2697 752 2766; x_wconf 72' lang='lat' dir='ltr'>alre</span> <span class='ocrx_word' id='word_1_357' title='bbox 762 2701 824 2778; x_wconf 78' lang='grc' dir='ltr'><strong>ἆγο-</strong></span> <span class='ocrx_word' id='word_1_358' title='bbox 875 2713 943 2773; x_wconf 88' lang='lat' dir='ltr'>tate,</span> <span class='ocrx_word' id='word_1_359' title='bbox 959 2702 997 2762; x_wconf 86' lang='lat' dir='ltr'>ita</span> <span class='ocrx_word' id='word_1_360' title='bbox 1010 2701 1037 2760; x_wconf 93' lang='lat' dir='ltr'>in</span> <span class='ocrx_word' id='word_1_361' title='bbox 1051 2703 1170 2761; x_wconf 90' lang='lat' dir='ltr'>tumultu</span> <span class='ocrx_word' id='word_1_362' title='bbox 1182 2723 1213 2761; x_wconf 87' lang='lat' dir='ltr'>ac</span> <span class='ocrx_word' id='word_1_363' title='bbox 1224 2699 1424 2781; x_wconf 88' lang='lat' dir='ltr'>perturbatione</span> <span class='ocrx_word' id='word_1_364' title='bbox 1438 2712 1464 2758; x_wconf 92' lang='lat' dir='ltr'>et</span> <span class='ocrx_word' id='word_1_365' title='bbox 1475 2698 1621 2779; x_wconf 87' lang='lat' dir='ltr'>ejulatibus</span> 
     </span>
     <span class='ocr_line' id='line_1_26' title="bbox 64 2787 1621 2873; baseline 0.001 -25"><span class='ocrx_word' id='word_1_366' title='bbox 64 2788 156 2867; x_wconf 74' lang='grc' dir='ltr'><strong>ρδςααὶ</strong></span> <span class='ocrx_word' id='word_1_367' title='bbox 167 2789 218 2858; x_wconf 77' lang='grc' dir='ltr'>τὰς</span> <span class='ocrx_word' id='word_1_368' title='bbox 232 2788 318 2857; x_wconf 84' lang='grc' dir='ltr'><strong>σέκίας</strong></span> <span class='ocrx_word' id='word_1_369' title='bbox 328 2787 375 2847; x_wconf 78' lang='grc' dir='ltr'><strong>καὶ</strong></span> <span class='ocrx_word' id='word_1_370' title='bbox 385 2788 455 2848; x_wconf 76' lang='grc' dir='ltr'><strong>κατὰ</strong></span> <span class='ocrx_word' id='word_1_371' title='bbox 468 2789 515 2857; x_wconf 77' lang='grc' dir='ltr'>τὰς</span> <span class='ocrx_word' id='word_1_372' title='bbox 530 2791 657 2871; x_wconf 77' lang='grc' dir='ltr'><strong>ἐρήμους·</strong></span> <span class='ocrx_word' id='word_1_373' title='bbox 673 2791 718 2850; x_wconf 83' lang='grc' dir='ltr'><strong>καθ</strong></span> <span class='ocrx_word' id='word_1_374' title='bbox 728 2793 759 2852; x_wconf 86' lang='grc' dir='ltr'><strong>τδ</strong></span> <span class='ocrx_word' id='word_1_375' title='bbox 771 2801 825 2850; x_wconf 73' lang='grc' dir='ltr'>πᾶν</span> <span class='ocrx_word' id='word_1_376' title='bbox 874 2793 964 2852; x_wconf 90' lang='lat' dir='ltr'>omnia</span> <span class='ocrx_word' id='word_1_377' title='bbox 976 2807 1060 2853; x_wconf 89' lang='lat' dir='ltr'>erant.</span> <span class='ocrx_word' id='word_1_378' title='bbox 1078 2797 1166 2873; x_wconf 75' lang='lat' dir='ltr'>Atque</span> <span class='ocrx_word' id='word_1_379' title='bbox 1175 2792 1234 2851; x_wconf 85' lang='lat' dir='ltr'>haec</span> <span class='ocrx_word' id='word_1_380' title='bbox 1246 2791 1346 2851; x_wconf 83' lang='lat' dir='ltr'>fiebant</span> <span class='ocrx_word' id='word_1_381' title='bbox 1358 2805 1455 2873; x_wconf 78' lang='lat' dir='ltr'>preter</span> <span class='ocrx_word' id='word_1_382' title='bbox 1464 2791 1621 2850; x_wconf 89' lang='lat' dir='ltr'>seutentiam</span> 
     </span>
     <span class='ocr_line' id='line_1_27' title="bbox 64 2879 1621 2967; baseline 0.001 -28"><span class='ocrx_word' id='word_1_383' title='bbox 64 2887 101 2952; x_wconf 73' lang='grc' dir='ltr'>τῆς</span> <span class='ocrx_word' id='word_1_384' title='bbox 113 2881 217 2948; x_wconf 69' lang='grc' dir='ltr'><strong>πόλεως</strong></span> <span class='ocrx_word' id='word_1_385' title='bbox 236 2879 318 2959; x_wconf 67' lang='grc' dir='ltr'><strong>μέρος</strong></span> <span class='ocrx_word' id='word_1_386' title='bbox 333 2883 387 2939; x_wconf 83' lang='grc' dir='ltr'>τῶν</span> <span class='ocrx_word' id='word_1_387' title='bbox 404 2886 544 2963; x_wconf 76' lang='grc' dir='ltr'><strong>συμφορῶν</strong></span> <span class='ocrx_word' id='word_1_388' title='bbox 556 2886 704 2964; x_wconf 76' lang='grc' dir='ltr'><strong>ἐπληροῦτο</strong></span> <span class='ocrx_word' id='word_1_389' title='bbox 717 2883 825 2944; x_wconf 89' lang='grc' dir='ltr'><strong>τούτων.</strong></span> <span class='ocrx_word' id='word_1_390' title='bbox 875 2886 1072 2966; x_wconf 87' lang='lat' dir='ltr'>religiosissimi</span> <span class='ocrx_word' id='word_1_391' title='bbox 1086 2885 1236 2967; x_wconf 87' lang='lat' dir='ltr'>principis,</span> <span class='ocrx_word' id='word_1_392' title='bbox 1253 2905 1315 2944; x_wconf 87' lang='lat' dir='ltr'>cum</span> <span class='ocrx_word' id='word_1_393' title='bbox 1328 2905 1383 2942; x_wconf 90' lang='lat' dir='ltr'>nox</span> <span class='ocrx_word' id='word_1_394' title='bbox 1403 2883 1547 2962; x_wconf 85' lang='lat' dir='ltr'>ingrueret,</span> <span class='ocrx_word' id='word_1_395' title='bbox 1561 2882 1621 2963; x_wconf 91' lang='lat' dir='ltr'>epi·</span> 
     </span>
     <span class='ocr_line' id='line_1_28' title="bbox 64 2972 1622 3060; baseline -0.001 -27"><span class='ocrx_word' id='word_1_396' title='bbox 64 2974 167 3055; x_wconf 76' lang='grc' dir='ltr'><strong>θιδγδιρ</strong></span> <span class='ocrx_word' id='word_1_397' title='bbox 183 2973 234 3046; x_wconf 70' lang='grc' dir='ltr'>τὴν</span> <span class='ocrx_word' id='word_1_398' title='bbox 248 2972 402 3052; x_wconf 57' lang='lat' dir='ltr'>amptum</span> <span class='ocrx_word' id='word_1_399' title='bbox 414 2977 462 3045; x_wconf 78' lang='grc' dir='ltr'>τῆς</span> <span class='ocrx_word' id='word_1_400' title='bbox 474 2974 643 3055; x_wconf 81' lang='grc' dir='ltr'><strong>παρανομίας</strong></span> <span class='ocrx_word' id='word_1_401' title='bbox 664 2980 715 3056; x_wconf 79' lang='grc' dir='ltr'><strong>οὐχ</strong></span> <span class='ocrx_word' id='word_1_402' title='bbox 735 2980 759 3036; x_wconf 78' lang='grc' dir='ltr'><strong>οἱ</strong></span> <span class='ocrx_word' id='word_1_403' title='bbox 773 2978 825 3037; x_wconf 86' lang='grc' dir='ltr'><strong>πό·</strong></span> <span class='ocrx_word' id='word_1_404' title='bbox 875 2979 963 3060; x_wconf 90' lang='lat' dir='ltr'>scopis</span> <span class='ocrx_word' id='word_1_405' title='bbox 988 2979 1047 3039; x_wconf 77' lang='lat' dir='ltr'>bac</span> <span class='ocrx_word' id='word_1_406' title='bbox 1069 2978 1310 3060; x_wconf 84' lang='lat' dir='ltr'>comparantibus,</span> <span class='ocrx_word' id='word_1_407' title='bbox 1334 2997 1401 3055; x_wconf 91' lang='lat' dir='ltr'>quos</span> <span class='ocrx_word' id='word_1_408' title='bbox 1427 2996 1479 3034; x_wconf 91' lang='lat' dir='ltr'>nou</span> <span class='ocrx_word' id='word_1_409' title='bbox 1503 2973 1622 3055; x_wconf 91' lang='lat' dir='ltr'>pudebat</span> 
     </span>
     <span class='ocr_line' id='line_1_29' title="bbox 64 3064 1619 3154; baseline -0.007 -18"><span class='ocrx_word' id='word_1_410' title='bbox 64 3090 158 3147; x_wconf 56' lang='lat' dir='ltr'>etms</span> <span class='ocrx_word' id='word_1_411' title='bbox 178 3066 277 3145; x_wconf 64' lang='grc' dir='ltr'><strong>μόνον,</strong></span> <span class='ocrx_word' id='word_1_412' title='bbox 300 3064 370 3126; x_wconf 60' lang='grc' dir='ltr'>ἀλλὰ</span> <span class='ocrx_word' id='word_1_413' title='bbox 389 3066 436 3125; x_wconf 63' lang='lat' dir='ltr'>Ml</span> <span class='ocrx_word' id='word_1_414' title='bbox 455 3072 480 3127; x_wconf 68' lang='grc' dir='ltr'>Οἱ</span> <span class='ocrx_word' id='word_1_415' title='bbox 495 3066 576 3144; x_wconf 60' lang='lat' dir='ltr'>stall*</span> <span class='ocrx_word' id='word_1_416' title='bbox 588 3073 705 3128; x_wconf 62' lang='grc' dir='ltr'><strong>τοιοῦτον</strong></span> <span class='ocrx_word' id='word_1_417' title='bbox 721 3069 822 3145; x_wconf 64' lang='lat' dir='ltr'>leotri-</span> <span class='ocrx_word' id='word_1_418' title='bbox 876 3072 1099 3154; x_wconf 82' lang='lat' dir='ltr'>campidoctores</span> <span class='ocrx_word' id='word_1_419' title='bbox 1123 3084 1272 3153; x_wconf 81' lang='lat' dir='ltr'>preeuntes</span> <span class='ocrx_word' id='word_1_420' title='bbox 1296 3089 1347 3151; x_wconf 91' lang='lat' dir='ltr'>pro</span> <span class='ocrx_word' id='word_1_421' title='bbox 1368 3066 1489 3127; x_wconf 84' lang='lat' dir='ltr'>diaconis</span> <span class='ocrx_word' id='word_1_422' title='bbox 1510 3066 1619 3126; x_wconf 86' lang='lat' dir='ltr'>babere.</span> 
     </span>
     <span class='ocr_line' id='line_1_30' title="bbox 64 3159 1622 3240; baseline 0.002 -24"><span class='ocrx_word' id='word_1_423' title='bbox 64 3185 136 3230; x_wconf 72' lang='grc' dir='ltr'><strong>νωιις</strong></span> <span class='ocrx_word' id='word_1_424' title='bbox 155 3159 308 3237; x_wconf 73' lang='grc' dir='ltr'><strong>συνηλγουν</strong></span> <span class='ocrx_word' id='word_1_425' title='bbox 318 3163 383 3236; x_wconf 80' lang='grc' dir='ltr'><strong>ἡμῖν</strong></span> <span class='ocrx_word' id='word_1_426' title='bbox 394 3179 403 3196; x_wconf 85' lang='grc'><em>·</em></span> <span class='ocrx_word' id='word_1_427' title='bbox 415 3163 465 3240; x_wconf 79' lang='grc' dir='ltr'><strong>οὐχ</strong></span> <span class='ocrx_word' id='word_1_428' title='bbox 477 3162 502 3217; x_wconf 86' lang='lat' dir='ltr'>ol</span> <span class='ocrx_word' id='word_1_429' title='bbox 519 3159 639 3238; x_wconf 80' lang='grc' dir='ltr'><strong>ὁμόδοξοι</strong></span> <span class='ocrx_word' id='word_1_430' title='bbox 652 3160 740 3237; x_wconf 85' lang='grc' dir='ltr'><strong>μόνον,</strong></span> <span class='ocrx_word' id='word_1_431' title='bbox 755 3162 825 3222; x_wconf 75' lang='grc' dir='ltr'><strong>ἀλλὰ</strong></span> <span class='ocrx_word' id='word_1_432' title='bbox 875 3165 932 3225; x_wconf 89' lang='lat' dir='ltr'>Ubi</span> <span class='ocrx_word' id='word_1_433' title='bbox 949 3185 1014 3225; x_wconf 80' lang='lat' dir='ltr'>vero</span> <span class='ocrx_word' id='word_1_434' title='bbox 1029 3164 1123 3224; x_wconf 80' lang='lat' dir='ltr'>illuxit</span> <span class='ocrx_word' id='word_1_435' title='bbox 1136 3164 1211 3236; x_wconf 89' lang='lat' dir='ltr'>dies,</span> <span class='ocrx_word' id='word_1_436' title='bbox 1232 3161 1320 3222; x_wconf 88' lang='lat' dir='ltr'>omnis</span> <span class='ocrx_word' id='word_1_437' title='bbox 1333 3160 1429 3219; x_wconf 87' lang='lat' dir='ltr'>civitas</span> <span class='ocrx_word' id='word_1_438' title='bbox 1441 3172 1517 3218; x_wconf 86' lang='lat' dir='ltr'>extra</span> <span class='ocrx_word' id='word_1_439' title='bbox 1530 3179 1622 3219; x_wconf 90' lang='lat' dir='ltr'>muros</span> 
     </span>
     <span class='ocr_line' id='line_1_31' title="bbox 65 3250 1622 3337; baseline -0.001 -25"><span class='ocrx_word' id='word_1_440' title='bbox 65 3255 100 3312; x_wconf 82' lang='lat' dir='ltr'>ul</span> <span class='ocrx_word' id='word_1_441' title='bbox 117 3256 139 3313; x_wconf 88' lang='lat' dir='ltr'>ol</span> <span class='ocrx_word' id='word_1_442' title='bbox 155 3251 289 3332; x_wconf 82' lang='grc' dir='ltr'><strong>αἱρετικοὶ</strong></span> <span class='ocrx_word' id='word_1_443' title='bbox 303 3251 348 3309; x_wconf 79' lang='grc' dir='ltr'><strong>καὶ</strong></span> <span class='ocrx_word' id='word_1_444' title='bbox 370 3251 492 3311; x_wconf 85' lang='grc' dir='ltr'><strong>Ἰουδαῖοι</strong></span> <span class='ocrx_word' id='word_1_445' title='bbox 505 3252 550 3311; x_wconf 81' lang='grc' dir='ltr'><strong>καὶ</strong></span> <span class='ocrx_word' id='word_1_446' title='bbox 562 3251 712 3323; x_wconf 81' lang='grc' dir='ltr'><strong>Ἕλληνος·</strong></span> <span class='ocrx_word' id='word_1_447' title='bbox 728 3253 774 3312; x_wconf 83' lang='grc' dir='ltr'><strong>καὶ</strong></span> <span class='ocrx_word' id='word_1_448' title='bbox 789 3256 825 3321; x_wconf 86' lang='grc' dir='ltr'><strong>ὡς</strong></span> <span class='ocrx_word' id='word_1_449' title='bbox 874 3255 1056 3337; x_wconf 82' lang='lat' dir='ltr'>demigravit,</span> <span class='ocrx_word' id='word_1_450' title='bbox 1081 3256 1165 3335; x_wconf 80' lang='lat' dir='ltr'>quavi</span> <span class='ocrx_word' id='word_1_451' title='bbox 1186 3276 1249 3315; x_wconf 81' lang='lat' dir='ltr'>oves</span> <span class='ocrx_word' id='word_1_452' title='bbox 1262 3253 1407 3334; x_wconf 76' lang='lat' dir='ltr'>dispersa,</span> <span class='ocrx_word' id='word_1_453' title='bbox 1433 3253 1530 3312; x_wconf 78' lang='lat' dir='ltr'>festum</span> <span class='ocrx_word' id='word_1_454' title='bbox 1549 3250 1622 3311; x_wconf 88' lang='lat' dir='ltr'>diem</span> 
     </span>
     <span class='ocr_line' id='line_1_32' title="bbox 65 3342 1623 3427; baseline -0.007 -14"><span class='ocrx_word' id='word_1_455' title='bbox 65 3351 102 3418; x_wconf 73' lang='grc' dir='ltr'>τῆς</span> <span class='ocrx_word' id='word_1_456' title='bbox 115 3348 217 3412; x_wconf 61' lang='grc' dir='ltr'><strong>πόλεως</strong></span> <span class='ocrx_word' id='word_1_457' title='bbox 233 3343 306 3407; x_wconf 73' lang='lat' dir='ltr'>asab</span> <span class='ocrx_word' id='word_1_458' title='bbox 324 3343 422 3422; x_wconf 78' lang='grc' dir='ltr'><strong>κρότοι</strong></span> <span class='ocrx_word' id='word_1_459' title='bbox 433 3342 567 3419; x_wconf 60' lang='lat' dir='ltr'>dicitnr,</span> <span class='ocrx_word' id='word_1_460' title='bbox 582 3343 663 3412; x_wconf 74' lang='grc' dir='ltr'><strong>οὕτως</strong></span> <span class='ocrx_word' id='word_1_461' title='bbox 679 3347 706 3403; x_wconf 78' lang='grc' dir='ltr'><strong>ἐν</strong></span> <span class='ocrx_word' id='word_1_462' title='bbox 722 3344 825 3427; x_wconf 77' lang='grc' dir='ltr'><strong>θορύὸμ</strong></span> <span class='ocrx_word' id='word_1_463' title='bbox 874 3349 1011 3409; x_wconf 87' lang='lat' dir='ltr'>celebrans</span> <span class='ocrx_word' id='word_1_464' title='bbox 1034 3348 1088 3407; x_wconf 88' lang='lat' dir='ltr'>sub</span> <span class='ocrx_word' id='word_1_465' title='bbox 1108 3348 1250 3407; x_wconf 86' lang='lat' dir='ltr'>arboribus</span> <span class='ocrx_word' id='word_1_466' title='bbox 1269 3360 1301 3404; x_wconf 74' lang='lat' dir='ltr'>vet</span> <span class='ocrx_word' id='word_1_467' title='bbox 1321 3345 1349 3403; x_wconf 93' lang='lat' dir='ltr'>in</span> <span class='ocrx_word' id='word_1_468' title='bbox 1369 3344 1492 3404; x_wconf 89' lang='lat' dir='ltr'>saltibus.</span> <span class='ocrx_word' id='word_1_469' title='bbox 1512 3344 1557 3403; x_wconf 87' lang='lat' dir='ltr'>Ex</span> <span class='ocrx_word' id='word_1_470' title='bbox 1579 3343 1623 3402; x_wconf 91' lang='lat' dir='ltr'>his</span> 
     </span>
     <span class='ocr_line' id='line_1_33' title="bbox 65 3429 1621 3520; baseline -0.006 -16"><span class='ocrx_word' id='word_1_471' title='bbox 65 3440 100 3499; x_wconf 70' lang='grc' dir='ltr'>καὶ</span> <span class='ocrx_word' id='word_1_472' title='bbox 116 3447 249 3519; x_wconf 63' lang='grc' dir='ltr'><strong>ταραχαῖς</strong></span> <span class='ocrx_word' id='word_1_473' title='bbox 267 3438 316 3497; x_wconf 67' lang='grc' dir='ltr'>καὶ</span> <span class='ocrx_word' id='word_1_474' title='bbox 336 3438 477 3519; x_wconf 74' lang='grc' dir='ltr'><strong>ὄλολυγαῑς</strong></span> <span class='ocrx_word' id='word_1_475' title='bbox 498 3438 585 3496; x_wconf 67' lang='grc' dir='ltr'><strong>πάντα</strong></span> <span class='ocrx_word' id='word_1_476' title='bbox 606 3429 647 3510; x_wconf 66' lang='grc' dir='ltr'>ἦν·</span> <span class='ocrx_word' id='word_1_477' title='bbox 671 3437 724 3497; x_wconf 77' lang='grc' dir='ltr'>Καὶ</span> <span class='ocrx_word' id='word_1_478' title='bbox 740 3444 824 3497; x_wconf 77' lang='grc' dir='ltr'><strong>ταῦτα</strong></span> <span class='ocrx_word' id='word_1_479' title='bbox 874 3442 937 3503; x_wconf 75' lang='grc' dir='ltr'><strong>ἐῖσαι</strong></span> <span class='ocrx_word' id='word_1_480' title='bbox 958 3440 1038 3502; x_wconf 85' lang='lat' dir='ltr'>vobis</span> <span class='ocrx_word' id='word_1_481' title='bbox 1053 3462 1083 3500; x_wconf 87' lang='lat' dir='ltr'>ea</span> <span class='ocrx_word' id='word_1_482' title='bbox 1098 3462 1159 3520; x_wconf 80' lang='lat' dir='ltr'>quae</span> <span class='ocrx_word' id='word_1_483' title='bbox 1175 3452 1316 3498; x_wconf 89' lang='lat' dir='ltr'>consecuta</span> <span class='ocrx_word' id='word_1_484' title='bbox 1331 3450 1407 3511; x_wconf 91' lang='lat' dir='ltr'>sunt,</span> <span class='ocrx_word' id='word_1_485' title='bbox 1428 3434 1555 3515; x_wconf 89' lang='lat' dir='ltr'>deinceps</span> <span class='ocrx_word' id='word_1_486' title='bbox 1574 3456 1621 3494; x_wconf 88' lang='lat' dir='ltr'>re-</span> 
     </span>
     <span class='ocr_line' id='line_1_34' title="bbox 65 3522 1623 3617; baseline -0.003 -27"><span class='ocrx_word' id='word_1_487' title='bbox 65 3535 179 3608; x_wconf 73' lang='grc' dir='ltr'><strong>ἐτολμᾶτο</strong></span> <span class='ocrx_word' id='word_1_488' title='bbox 193 3528 271 3611; x_wconf 80' lang='grc' dir='ltr'><strong>παρδ</strong></span> <span class='ocrx_word' id='word_1_489' title='bbox 289 3529 399 3611; x_wconf 82' lang='grc' dir='ltr'><strong>γνώμην</strong></span> <span class='ocrx_word' id='word_1_490' title='bbox 415 3537 461 3590; x_wconf 73' lang='grc' dir='ltr'>τοῦ</span> <span class='ocrx_word' id='word_1_491' title='bbox 479 3530 668 3590; x_wconf 82' lang='grc' dir='ltr'><strong>εὐσιόεοτότου</strong></span> <span class='ocrx_word' id='word_1_492' title='bbox 683 3532 821 3611; x_wconf 74' lang='grc' dir='ltr'><strong>βασιλέως,</strong></span> <span class='ocrx_word' id='word_1_493' title='bbox 840 3542 858 3586; x_wconf 81' lang='lat' dir='ltr'>t)</span> <span class='ocrx_word' id='word_1_494' title='bbox 875 3550 970 3617; x_wconf 90' lang='lat' dir='ltr'>putare</span> <span class='ocrx_word' id='word_1_495' title='bbox 984 3525 1074 3594; x_wconf 82' lang='lat' dir='ltr'>omnia</span> <span class='ocrx_word' id='word_1_496' title='bbox 1089 3558 1095 3590; x_wconf 95' lang='lat'><strong>:</strong></span> <span class='ocrx_word' id='word_1_497' title='bbox 1111 3554 1173 3592; x_wconf 90' lang='lat' dir='ltr'>nam</span> <span class='ocrx_word' id='word_1_498' title='bbox 1184 3533 1195 3605; x_wconf 88' lang='lat'>,¹</span> <span class='ocrx_word' id='word_1_499' title='bbox 1206 3545 1236 3591; x_wconf 93' lang='lat' dir='ltr'>ut</span> <span class='ocrx_word' id='word_1_500' title='bbox 1250 3544 1311 3589; x_wconf 89' lang='lat' dir='ltr'>ante</span> <span class='ocrx_word' id='word_1_501' title='bbox 1325 3527 1385 3587; x_wconf 89' lang='lat' dir='ltr'>dixi</span> <span class='ocrx_word' id='word_1_502' title='bbox 1396 3571 1404 3598; x_wconf 91' lang='lat'>,</span> <span class='ocrx_word' id='word_1_503' title='bbox 1415 3550 1475 3606; x_wconf 89' lang='lat' dir='ltr'>quae</span> <span class='ocrx_word' id='word_1_504' title='bbox 1488 3541 1546 3586; x_wconf 88' lang='lat' dir='ltr'>acta</span> <span class='ocrx_word' id='word_1_505' title='bbox 1556 3522 1623 3586; x_wconf 68' lang='lat' dir='ltr'>&#39;sunt</span> 
     </span>
     <span class='ocr_line' id='line_1_35' title="bbox 64 3619 1623 3707; baseline -0.002 -25"><span class='ocrx_word' id='word_1_506' title='bbox 64 3626 140 3690; x_wconf 74' lang='grc' dir='ltr'><strong>νυκτὸς</strong></span> <span class='ocrx_word' id='word_1_507' title='bbox 158 3622 441 3700; x_wconf 79' lang='grc' dir='ltr'><strong>καταλομόανούσης,</strong></span> <span class='ocrx_word' id='word_1_508' title='bbox 468 3623 619 3683; x_wconf 87' lang='grc' dir='ltr'><strong>ἐπισκόπων</strong></span> <span class='ocrx_word' id='word_1_509' title='bbox 645 3623 712 3683; x_wconf 79' lang='grc' dir='ltr'><strong>αύτδ</strong></span> <span class='ocrx_word' id='word_1_510' title='bbox 737 3647 824 3683; x_wconf 83' lang='grc' dir='ltr'><strong>κατα·</strong></span> <span class='ocrx_word' id='word_1_511' title='bbox 875 3626 1033 3707; x_wconf 85' lang='lat' dir='ltr'>singillatim</span> <span class='ocrx_word' id='word_1_512' title='bbox 1048 3624 1158 3704; x_wconf 85' lang='lat' dir='ltr'>exsequi</span> <span class='ocrx_word' id='word_1_513' title='bbox 1173 3620 1401 3704; x_wconf 91' lang='lat' dir='ltr'>impossibiloest.</span> <span class='ocrx_word' id='word_1_514' title='bbox 1423 3623 1458 3681; x_wconf 87' lang='lat' dir='ltr'>Et</span> <span class='ocrx_word' id='word_1_515' title='bbox 1473 3619 1623 3701; x_wconf 87' lang='lat' dir='ltr'>quodsaue</span> 
     </span>
     <span class='ocr_line' id='line_1_36' title="bbox 65 3712 1622 3802; baseline -0.002 -27"><span class='ocrx_word' id='word_1_516' title='bbox 65 3719 230 3786; x_wconf 74' lang='grc' dir='ltr'><strong>σισναζόντων</strong></span> <span class='ocrx_word' id='word_1_517' title='bbox 242 3759 252 3790; x_wconf 89' lang='grc'><strong>,</strong></span> <span class='ocrx_word' id='word_1_518' title='bbox 265 3716 292 3775; x_wconf 77' lang='grc' dir='ltr'><strong>οἳ</strong></span> <span class='ocrx_word' id='word_1_519' title='bbox 305 3719 353 3775; x_wconf 80' lang='grc' dir='ltr'><strong>οὐκ</strong></span> <span class='ocrx_word' id='word_1_520' title='bbox 362 3715 510 3796; x_wconf 81' lang='grc' dir='ltr'><strong>ᾐσχύνοντο</strong></span> <span class='ocrx_word' id='word_1_521' title='bbox 524 3715 756 3796; x_wconf 87' lang='grc' dir='ltr'><strong>καμπιδούκτορας</strong></span> <span class='ocrx_word' id='word_1_522' title='bbox 766 3717 824 3776; x_wconf 81' lang='grc' dir='ltr'><strong>σἰντὶ</strong></span> <span class='ocrx_word' id='word_1_523' title='bbox 876 3721 1063 3802; x_wconf 87' lang='lat' dir='ltr'>permolestum</span> <span class='ocrx_word' id='word_1_524' title='bbox 1078 3732 1134 3790; x_wconf 87' lang='lat' dir='ltr'>est,</span> <span class='ocrx_word' id='word_1_525' title='bbox 1157 3729 1195 3775; x_wconf 90' lang='lat' dir='ltr'>tot</span> <span class='ocrx_word' id='word_1_526' title='bbox 1209 3730 1235 3775; x_wconf 88' lang='lat' dir='ltr'>et</span> <span class='ocrx_word' id='word_1_527' title='bbox 1246 3714 1310 3774; x_wconf 89' lang='lat' dir='ltr'>talia</span> <span class='ocrx_word' id='word_1_528' title='bbox 1324 3736 1356 3774; x_wconf 89' lang='lat' dir='ltr'>ue</span> <span class='ocrx_word' id='word_1_529' title='bbox 1370 3734 1441 3773; x_wconf 89' lang='lat' dir='ltr'>nune</span> <span class='ocrx_word' id='word_1_530' title='bbox 1454 3712 1566 3793; x_wconf 80' lang='lat' dir='ltr'>quidem</span> <span class='ocrx_word' id='word_1_531' title='bbox 1586 3713 1622 3772; x_wconf 88' lang='lat' dir='ltr'>sr-</span> 
     </span>
     <span class='ocr_line' id='line_1_37' title="bbox 64 3805 1622 3892; baseline -0.001 -25"><span class='ocrx_word' id='word_1_532' title='bbox 64 3813 106 3867; x_wconf 75' lang='grc' dir='ltr'><strong>τῶν</strong></span> <span class='ocrx_word' id='word_1_533' title='bbox 128 3811 260 3869; x_wconf 77' lang='grc' dir='ltr'><strong>διακόνων</strong></span> <span class='ocrx_word' id='word_1_534' title='bbox 280 3807 494 3890; x_wconf 67' lang='grc' dir='ltr'><strong>προηγουμένους</strong></span> <span class='ocrx_word' id='word_1_535' title='bbox 516 3808 629 3889; x_wconf 76' lang='grc' dir='ltr'><strong>ἔχοντες.</strong></span> <span class='ocrx_word' id='word_1_536' title='bbox 653 3809 772 3890; x_wconf 79' lang='grc' dir='ltr'><strong>Ἡμέραι</strong></span> <span class='ocrx_word' id='word_1_537' title='bbox 795 3810 823 3869; x_wconf 86' lang='grc' dir='ltr'><strong>δέ</strong></span> <span class='ocrx_word' id='word_1_538' title='bbox 876 3834 936 3873; x_wconf 89' lang='lat' dir='ltr'>nem</span> <span class='ocrx_word' id='word_1_539' title='bbox 949 3824 1124 3892; x_wconf 85' lang='lat' dir='ltr'>aeceperunt,</span> <span class='ocrx_word' id='word_1_540' title='bbox 1140 3831 1172 3868; x_wconf 84' lang='lat' dir='ltr'>ao</span> <span class='ocrx_word' id='word_1_541' title='bbox 1185 3829 1219 3867; x_wconf 95' lang='lat' dir='ltr'>ne</span> <span class='ocrx_word' id='word_1_542' title='bbox 1231 3828 1292 3889; x_wconf 84' lang='lat' dir='ltr'>spes</span> <span class='ocrx_word' id='word_1_543' title='bbox 1304 3805 1414 3886; x_wconf 89' lang='lat' dir='ltr'>quidem</span> <span class='ocrx_word' id='word_1_544' title='bbox 1430 3806 1485 3865; x_wconf 89' lang='lat' dir='ltr'>ulla</span> <span class='ocrx_word' id='word_1_545' title='bbox 1500 3805 1563 3865; x_wconf 89' lang='lat' dir='ltr'>linis</span> <span class='ocrx_word' id='word_1_546' title='bbox 1582 3806 1622 3865; x_wconf 86' lang='lat' dir='ltr'>la-</span> 
     </span>
     <span class='ocr_line' id='line_1_38' title="bbox 64 3899 1622 3983; baseline -0.001 -22"><span class='ocrx_word' id='word_1_547' title='bbox 64 3903 214 3981; x_wconf 79' lang='grc' dir='ltr'><strong>γενομὲνης,</strong></span> <span class='ocrx_word' id='word_1_548' title='bbox 234 3910 312 3961; x_wconf 72' lang='grc' dir='ltr'><strong>πᾶσα</strong></span> <span class='ocrx_word' id='word_1_549' title='bbox 330 3905 348 3972; x_wconf 73' lang='grc' dir='ltr'>ἡ</span> <span class='ocrx_word' id='word_1_550' title='bbox 362 3901 440 3969; x_wconf 89' lang='grc' dir='ltr'><strong>πόλις</strong></span> <span class='ocrx_word' id='word_1_551' title='bbox 458 3900 507 3970; x_wconf 79' lang='grc' dir='ltr'>ἐξω</span> <span class='ocrx_word' id='word_1_552' title='bbox 520 3901 631 3982; x_wconf 80' lang='grc' dir='ltr'><strong>τειχέων</strong></span> <span class='ocrx_word' id='word_1_553' title='bbox 645 3901 823 3983; x_wconf 83' lang='grc' dir='ltr'><strong>μιτῳκίζετο,</strong></span> <span class='ocrx_word' id='word_1_554' title='bbox 876 3904 982 3979; x_wconf 87' lang='lat' dir='ltr'>ciendi;</span> <span class='ocrx_word' id='word_1_555' title='bbox 1004 3904 1053 3964; x_wconf 85' lang='lat' dir='ltr'>sed</span> <span class='ocrx_word' id='word_1_556' title='bbox 1066 3914 1180 3983; x_wconf 87' lang='lat' dir='ltr'>augetur</span> <span class='ocrx_word' id='word_1_557' title='bbox 1194 3901 1222 3960; x_wconf 90' lang='lat' dir='ltr'>in</span> <span class='ocrx_word' id='word_1_558' title='bbox 1237 3900 1295 3960; x_wconf 84' lang='lat' dir='ltr'>dies</span> <span class='ocrx_word' id='word_1_559' title='bbox 1308 3900 1430 3971; x_wconf 89' lang='lat' dir='ltr'>malurn,</span> <span class='ocrx_word' id='word_1_560' title='bbox 1448 3919 1549 3978; x_wconf 89' lang='lat' dir='ltr'>uosque</span> <span class='ocrx_word' id='word_1_561' title='bbox 1561 3899 1622 3980; x_wconf 81' lang='lat' dir='ltr'>ple·</span> 
     </span>
     <span class='ocr_line' id='line_1_39' title="bbox 63 3991 1706 4079; baseline 0.001 -27"><span class='ocrx_word' id='word_1_562' title='bbox 63 3993 104 4052; x_wconf 67' lang='lat' dir='ltr'>tat</span> <span class='ocrx_word' id='word_1_563' title='bbox 119 3995 214 4072; x_wconf 81' lang='grc' dir='ltr'><strong>δένδρα</strong></span> <span class='ocrx_word' id='word_1_564' title='bbox 235 3992 282 4051; x_wconf 77' lang='grc' dir='ltr'><strong>καὶ</strong></span> <span class='ocrx_word' id='word_1_565' title='bbox 298 3991 402 4066; x_wconf 75' lang='grc' dir='ltr'><strong>νάπας,</strong></span> <span class='ocrx_word' id='word_1_566' title='bbox 421 3991 542 4070; x_wconf 73' lang='grc' dir='ltr'><strong>καθάπερ</strong></span> <span class='ocrx_word' id='word_1_567' title='bbox 557 3993 680 4073; x_wconf 79' lang='grc' dir='ltr'><strong>πρόόατα</strong></span> <span class='ocrx_word' id='word_1_568' title='bbox 693 3995 824 4075; x_wconf 88' lang='grc' dir='ltr'><strong>διεσπαρ-</strong></span> <span class='ocrx_word' id='word_1_569' title='bbox 875 3997 965 4075; x_wconf 91' lang='lat' dir='ltr'>risque</span> <span class='ocrx_word' id='word_1_570' title='bbox 988 3995 1100 4055; x_wconf 89' lang='lat' dir='ltr'>ridiculi</span> <span class='ocrx_word' id='word_1_571' title='bbox 1122 3993 1187 4055; x_wconf 86' lang='lat' dir='ltr'>facti</span> <span class='ocrx_word' id='word_1_572' title='bbox 1209 4014 1304 4053; x_wconf 86' lang='lat' dir='ltr'>sumus</span> <span class='ocrx_word' id='word_1_573' title='bbox 1327 4014 1334 4056; x_wconf 77' lang='lat' dir='ltr'>t</span> <span class='ocrx_word' id='word_1_574' title='bbox 1357 3992 1441 4053; x_wconf 87' lang='lat' dir='ltr'>immo</span> <span class='ocrx_word' id='word_1_575' title='bbox 1465 4013 1528 4053; x_wconf 83' lang='lat' dir='ltr'>vero</span> <span class='ocrx_word' id='word_1_576' title='bbox 1552 3992 1622 4054; x_wconf 87' lang='lat' dir='ltr'>ridet</span> <span class='ocrx_word' id='word_1_577' title='bbox 1702 4071 1706 4079; x_wconf 31' lang='grc' dir='ltr'>Ι</span> 
     </span>
     <span class='ocr_line' id='line_1_40' title="bbox 63 4082 1620 4168; baseline 0.001 -25"><span class='ocrx_word' id='word_1_578' title='bbox 63 4085 138 4159; x_wconf 70' lang='grc' dir='ltr'><strong>μένα,</strong></span> <span class='ocrx_word' id='word_1_579' title='bbox 158 4085 209 4158; x_wconf 72' lang='grc' dir='ltr'><strong>τὴν</strong></span> <span class='ocrx_word' id='word_1_580' title='bbox 234 4082 329 4162; x_wconf 67' lang='grc' dir='ltr'><strong>ἑορτὴν</strong></span> <span class='ocrx_word' id='word_1_581' title='bbox 349 4087 535 4152; x_wconf 79' lang='grc' dir='ltr'><strong>ἐπιτελοῦντας.</strong></span> <span class='ocrx_word' id='word_1_582' title='bbox 556 4084 679 4153; x_wconf 77' lang='grc' dir='ltr'><strong>Ἔξεστιν</strong></span> <span class='ocrx_word' id='word_1_583' title='bbox 704 4087 767 4162; x_wconf 83' lang='grc' dir='ltr'><strong>ύμῖν</strong></span> <span class='ocrx_word' id='word_1_584' title='bbox 791 4085 825 4145; x_wconf 75' lang='lat' dir='ltr'>al</span> <span class='ocrx_word' id='word_1_585' title='bbox 876 4087 984 4168; x_wconf 84' lang='lat' dir='ltr'>quidem</span> <span class='ocrx_word' id='word_1_586' title='bbox 998 4110 1095 4163; x_wconf 89' lang='lat' dir='ltr'>nemo,</span> <span class='ocrx_word' id='word_1_587' title='bbox 1120 4085 1225 4146; x_wconf 88' lang='lat' dir='ltr'>etiamsi</span> <span class='ocrx_word' id='word_1_588' title='bbox 1239 4106 1351 4145; x_wconf 80' lang='lat' dir='ltr'>surumae</span> <span class='ocrx_word' id='word_1_589' title='bbox 1366 4085 1401 4143; x_wconf 87' lang='lat' dir='ltr'>sit</span> <span class='ocrx_word' id='word_1_590' title='bbox 1418 4083 1620 4164; x_wconf 68' lang='lat' dir='ltr'>improbitatis,</span> 
     </span>
     <span class='ocr_line' id='line_1_41' title="bbox 61 4175 1619 4260; baseline 0.001 -26"><span class='ocrx_word' id='word_1_591' title='bbox 61 4179 167 4237; x_wconf 79' lang='grc' dir='ltr'><strong>ἐνττῖθεν</strong></span> <span class='ocrx_word' id='word_1_592' title='bbox 180 4175 342 4256; x_wconf 73' lang='grc' dir='ltr'><strong>λογίσασθαι</strong></span> <span class='ocrx_word' id='word_1_593' title='bbox 354 4177 446 4237; x_wconf 88' lang='grc' dir='ltr'><strong>λοιπδν</strong></span> <span class='ocrx_word' id='word_1_594' title='bbox 461 4177 583 4237; x_wconf 77' lang='grc' dir='ltr'><strong>ἅπαντα·</strong></span> <span class='ocrx_word' id='word_1_595' title='bbox 597 4177 663 4259; x_wconf 76' lang='lat' dir='ltr'>deep</span> <span class='ocrx_word' id='word_1_596' title='bbox 678 4178 730 4258; x_wconf 73' lang='grc' dir='ltr'><strong>γὰρ</strong></span> <span class='ocrx_word' id='word_1_597' title='bbox 745 4179 825 4258; x_wconf 81' lang='grc' dir='ltr'><strong>ἐρθην</strong></span> <span class='ocrx_word' id='word_1_598' title='bbox 876 4180 968 4260; x_wconf 89' lang='lat' dir='ltr'>lugent</span> <span class='ocrx_word' id='word_1_599' title='bbox 981 4194 1089 4252; x_wconf 90' lang='lat' dir='ltr'>autem,</span> <span class='ocrx_word' id='word_1_600' title='bbox 1103 4192 1132 4238; x_wconf 94' lang='lat' dir='ltr'>ut</span> <span class='ocrx_word' id='word_1_601' title='bbox 1146 4179 1226 4251; x_wconf 89' lang='lat' dir='ltr'>dixi,</span> <span class='ocrx_word' id='word_1_602' title='bbox 1241 4198 1333 4238; x_wconf 88' lang='lat' dir='ltr'>omnes</span> <span class='ocrx_word' id='word_1_603' title='bbox 1347 4177 1452 4258; x_wconf 89' lang='lat' dir='ltr'>apicem</span> <span class='ocrx_word' id='word_1_604' title='bbox 1466 4176 1619 4248; x_wconf 87' lang='lat' dir='ltr'>malorum,</span> 
     </span>
    </p>

    <p class='ocr_par' dir='ltr' id='par_1_18' title="bbox 14 4260 1668 5186">
     <span class='ocr_line' id='line_1_42' title="bbox 14 4260 1619 4352; baseline -0.001 -22"><span class='ocrx_word' id='word_1_605' title='bbox 14 4282 41 4333; x_wconf 83' lang='lat' dir='ltr'>a.</span> <span class='ocrx_word' id='word_1_606' title='bbox 60 4271 153 4342; x_wconf 78' lang='grc' dir='ltr'><strong>εἰπὼν,</strong></span> <span class='ocrx_word' id='word_1_607' title='bbox 174 4271 226 4349; x_wconf 46' lang='grc' dir='ltr'>ὠρ-</span> <span class='ocrx_word' id='word_1_608' title='bbox 241 4260 297 4329; x_wconf 67' lang='lat' dir='ltr'>aits</span> <span class='ocrx_word' id='word_1_609' title='bbox 308 4292 337 4327; x_wconf 87' lang='grc' dir='ltr'>τι</span> <span class='ocrx_word' id='word_1_610' title='bbox 349 4268 438 4328; x_wconf 77' lang='grc' dir='ltr'><strong>πάντα</strong></span> <span class='ocrx_word' id='word_1_611' title='bbox 451 4270 569 4328; x_wconf 83' lang='grc' dir='ltr'><strong>ἐπελθεῖν</strong></span> <span class='ocrx_word' id='word_1_612' title='bbox 584 4273 623 4349; x_wconf 85' lang='grc' dir='ltr'><strong>τῷ</strong></span> <span class='ocrx_word' id='word_1_613' title='bbox 634 4270 704 4352; x_wconf 82' lang='grc' dir='ltr'><strong>λόγῳ</strong></span> <span class='ocrx_word' id='word_1_614' title='bbox 715 4270 749 4328; x_wconf 63' lang='lat' dir='ltr'>et</span> <span class='ocrx_word' id='word_1_615' title='bbox 764 4270 824 4330; x_wconf 87' lang='grc' dir='ltr'><strong>καθ’</strong></span> <span class='ocrx_word' id='word_1_616' title='bbox 876 4272 1025 4332; x_wconf 89' lang='lat' dir='ltr'>inauditam</span> <span class='ocrx_word' id='word_1_617' title='bbox 1045 4272 1115 4332; x_wconf 89' lang='lat' dir='ltr'>hanc</span> <span class='ocrx_word' id='word_1_618' title='bbox 1132 4271 1309 4350; x_wconf 89' lang='lat' dir='ltr'>iniquitatem.</span> <span class='ocrx_word' id='word_1_619' title='bbox 1329 4273 1391 4332; x_wconf 85' lang='lat' dir='ltr'>Jaru</span> <span class='ocrx_word' id='word_1_620' title='bbox 1412 4290 1475 4329; x_wconf 79' lang='lat' dir='ltr'>vero</span> <span class='ocrx_word' id='word_1_621' title='bbox 1498 4270 1619 4349; x_wconf 91' lang='lat' dir='ltr'>reliqua-</span> 
     </span>
     <span class='ocr_line' id='line_1_43' title="bbox 60 4358 1621 4445; baseline 0.001 -24"><span class='ocrx_word' id='word_1_622' title='bbox 60 4362 160 4423; x_wconf 79' lang='grc' dir='ltr'><strong>ἐιαστσι</strong></span> <span class='ocrx_word' id='word_1_623' title='bbox 177 4361 318 4442; x_wconf 82' lang='grc' dir='ltr'><strong>γενόμενα.</strong></span> <span class='ocrx_word' id='word_1_624' title='bbox 332 4358 387 4421; x_wconf 79' lang='lat' dir='ltr'>Kal</span> <span class='ocrx_word' id='word_1_625' title='bbox 398 4358 430 4419; x_wconf 82' lang='grc' dir='ltr'><strong>τδ</strong></span> <span class='ocrx_word' id='word_1_626' title='bbox 448 4359 480 4433; x_wconf 82' lang='grc' dir='ltr'>δὴ</span> <span class='ocrx_word' id='word_1_627' title='bbox 494 4362 633 4441; x_wconf 84' lang='grc' dir='ltr'><strong>χολεπθν,</strong></span> <span class='ocrx_word' id='word_1_628' title='bbox 654 4362 694 4422; x_wconf 84' lang='grc' dir='ltr'>δτι</span> <span class='ocrx_word' id='word_1_629' title='bbox 708 4369 826 4422; x_wconf 81' lang='grc' dir='ltr'><strong>τοσαῦτα</strong></span> <span class='ocrx_word' id='word_1_630' title='bbox 877 4387 936 4425; x_wconf 89' lang='lat' dir='ltr'>rum</span> <span class='ocrx_word' id='word_1_631' title='bbox 953 4363 1364 4445; x_wconf 85' lang='lat' dir='ltr'>Ecclesiarum&#39;perturbationes</span> <span class='ocrx_word' id='word_1_632' title='bbox 1378 4361 1439 4441; x_wconf 90' lang='lat' dir='ltr'>quis</span> <span class='ocrx_word' id='word_1_633' title='bbox 1459 4363 1621 4442; x_wconf 80' lang='lat' dir='ltr'>eloquatur?</span> 
     </span>
     <span class='ocr_line' id='line_1_44' title="bbox 60 4452 1668 4535; baseline 0.002 -21"><span class='ocrx_word' id='word_1_634' title='bbox 60 4457 96 4514; x_wconf 81' lang='grc' dir='ltr'><strong>καὶ</strong></span> <span class='ocrx_word' id='word_1_635' title='bbox 110 4452 271 4529; x_wconf 73' lang='grc' dir='ltr'><strong>τηλικαῦτα</strong></span> <span class='ocrx_word' id='word_1_636' title='bbox 280 4452 351 4512; x_wconf 76' lang='grc' dir='ltr'><strong>κακὰ</strong></span> <span class='ocrx_word' id='word_1_637' title='bbox 370 4453 475 4513; x_wconf 83' lang='grc' dir='ltr'><strong>ούδέπω</strong></span> <span class='ocrx_word' id='word_1_638' title='bbox 491 4453 538 4512; x_wconf 80' lang='grc' dir='ltr'><strong>καθ</strong></span> <span class='ocrx_word' id='word_1_639' title='bbox 550 4461 596 4513; x_wconf 78' lang='grc' dir='ltr'>νῦν</span> <span class='ocrx_word' id='word_1_640' title='bbox 614 4455 690 4514; x_wconf 85' lang='grc' dir='ltr'><strong>λύσιν</strong></span> <span class='ocrx_word' id='word_1_641' title='bbox 706 4454 800 4514; x_wconf 80' lang='grc' dir='ltr'><strong>ἐλσόεν</strong></span> <span class='ocrx_word' id='word_1_642' title='bbox 815 4502 822 4529; x_wconf 88' lang='grc'><strong>,</strong></span> <span class='ocrx_word' id='word_1_643' title='bbox 878 4459 938 4518; x_wconf 86' lang='lat' dir='ltr'>Non</span> <span class='ocrx_word' id='word_1_644' title='bbox 953 4458 1024 4517; x_wconf 89' lang='lat' dir='ltr'>enim</span> <span class='ocrx_word' id='word_1_645' title='bbox 1036 4457 1082 4517; x_wconf 92' lang='lat' dir='ltr'>bic</span> <span class='ocrx_word' id='word_1_646' title='bbox 1095 4456 1174 4516; x_wconf 88' lang='lat' dir='ltr'>desiit</span> <span class='ocrx_word' id='word_1_647' title='bbox 1185 4456 1237 4515; x_wconf 90' lang='lat' dir='ltr'>hoc</span> <span class='ocrx_word' id='word_1_648' title='bbox 1248 4455 1372 4534; x_wconf 87' lang='lat' dir='ltr'>malum,</span> <span class='ocrx_word' id='word_1_649' title='bbox 1393 4454 1441 4515; x_wconf 89' lang='lat' dir='ltr'>scd</span> <span class='ocrx_word' id='word_1_650' title='bbox 1455 4469 1480 4516; x_wconf 91' lang='lat' dir='ltr'>et</span> <span class='ocrx_word' id='word_1_651' title='bbox 1490 4464 1579 4535; x_wconf 87' lang='lat' dir='ltr'>usque</span> <span class='ocrx_word' id='word_1_652' title='bbox 1592 4457 1621 4518; x_wconf 93' lang='lat' dir='ltr'>iu</span> <span class='ocrx_word' id='word_1_653' title='bbox 1662 4462 1668 4469; x_wconf 84' lang='grc'><strong>”</strong></span> 
     </span>
     <span class='ocr_line' id='line_1_45' title="bbox 62 4544 1621 4630; baseline 0.001 -24"><span class='ocrx_word' id='word_1_654' title='bbox 62 4550 109 4606; x_wconf 75' lang='grc' dir='ltr'><strong>ἀλλ’</strong></span> <span class='ocrx_word' id='word_1_655' title='bbox 123 4547 183 4607; x_wconf 71' lang='lat' dir='ltr'>etat</span> <span class='ocrx_word' id='word_1_656' title='bbox 197 4545 295 4607; x_wconf 81' lang='grc' dir='ltr'><strong>ἐλπίδα</strong></span> <span class='ocrx_word' id='word_1_657' title='bbox 313 4544 424 4617; x_wconf 84' lang='grc' dir='ltr'><strong>λύσεως,</strong></span> <span class='ocrx_word' id='word_1_658' title='bbox 441 4545 501 4604; x_wconf 80' lang='grc' dir='ltr'><strong>ἀλλ’</strong></span> <span class='ocrx_word' id='word_1_659' title='bbox 510 4545 668 4607; x_wconf 78' lang='grc' dir='ltr'><strong>ἐπιτείνεται</strong></span> <span class='ocrx_word' id='word_1_660' title='bbox 689 4550 749 4606; x_wconf 85' lang='grc' dir='ltr'><strong>καθ’</strong></span> <span class='ocrx_word' id='word_1_661' title='bbox 762 4548 825 4608; x_wconf 74' lang='lat' dir='ltr'>laei-</span> <span class='ocrx_word' id='word_1_662' title='bbox 877 4551 1014 4612; x_wconf 85' lang='lat' dir='ltr'>Orientem</span> <span class='ocrx_word' id='word_1_663' title='bbox 1039 4549 1170 4630; x_wconf 81' lang='lat' dir='ltr'>pervenit.</span> <span class='ocrx_word' id='word_1_664' title='bbox 1192 4549 1262 4608; x_wconf 88' lang='lat' dir='ltr'>Nam</span> <span class='ocrx_word' id='word_1_665' title='bbox 1284 4560 1315 4606; x_wconf 93' lang='lat' dir='ltr'>nt</span> <span class='ocrx_word' id='word_1_666' title='bbox 1334 4570 1350 4607; x_wconf 85' lang='lat' dir='ltr'>a</span> <span class='ocrx_word' id='word_1_667' title='bbox 1372 4548 1460 4630; x_wconf 84' lang='lat' dir='ltr'>cupite</span> <span class='ocrx_word' id='word_1_668' title='bbox 1477 4550 1548 4609; x_wconf 90' lang='lat' dir='ltr'>malo</span> <span class='ocrx_word' id='word_1_669' title='bbox 1567 4550 1621 4608; x_wconf 93' lang='lat' dir='ltr'>bu-</span> 
     </span>
     <span class='ocr_line' id='line_1_46' title="bbox 62 4637 1622 4722; baseline 0.003 -25"><span class='ocrx_word' id='word_1_670' title='bbox 62 4663 116 4714; x_wconf 80' lang='grc' dir='ltr'><strong>πην</strong></span> <span class='ocrx_word' id='word_1_671' title='bbox 129 4642 236 4720; x_wconf 77' lang='grc' dir='ltr'><strong>ἡμέραν</strong></span> <span class='ocrx_word' id='word_1_672' title='bbox 248 4639 281 4699; x_wconf 86' lang='grc' dir='ltr'><strong>τὸ</strong></span> <span class='ocrx_word' id='word_1_673' title='bbox 293 4638 389 4711; x_wconf 84' lang='grc' dir='ltr'><strong>δεινὸν,</strong></span> <span class='ocrx_word' id='word_1_674' title='bbox 399 4638 445 4696; x_wconf 79' lang='grc' dir='ltr'><strong>καθ</strong></span> <span class='ocrx_word' id='word_1_675' title='bbox 454 4637 539 4715; x_wconf 67' lang='grc' dir='ltr'><strong>γέλως</strong></span> <span class='ocrx_word' id='word_1_676' title='bbox 551 4637 697 4718; x_wconf 81' lang='grc' dir='ltr'><strong>γεγόναμεν</strong></span> <span class='ocrx_word' id='word_1_677' title='bbox 710 4642 824 4709; x_wconf 87' lang='grc' dir='ltr'><strong>πολλοῖς·</strong></span> <span class='ocrx_word' id='word_1_678' title='bbox 842 4658 861 4704; x_wconf 79' lang='lat' dir='ltr'>t:</span> <span class='ocrx_word' id='word_1_679' title='bbox 878 4664 953 4702; x_wconf 91' lang='lat' dir='ltr'>more</span> <span class='ocrx_word' id='word_1_680' title='bbox 971 4643 1056 4702; x_wconf 79' lang='lat' dir='ltr'>effuso</span> <span class='ocrx_word' id='word_1_681' title='bbox 1075 4641 1177 4721; x_wconf 89' lang='lat' dir='ltr'>reliqua</span> <span class='ocrx_word' id='word_1_682' title='bbox 1190 4640 1313 4700; x_wconf 89' lang='lat' dir='ltr'>membra</span> <span class='ocrx_word' id='word_1_683' title='bbox 1337 4656 1549 4722; x_wconf 81' lang='lat' dir='ltr'>corrumpuntur</span> <span class='ocrx_word' id='word_1_684' title='bbox 1563 4665 1570 4699; x_wconf 86' lang='grc' dir='ltr'><strong>ι</strong></span> <span class='ocrx_word' id='word_1_685' title='bbox 1582 4642 1622 4702; x_wconf 87' lang='lat' dir='ltr'>ita</span> 
     </span>
     <span class='ocr_line' id='line_1_47' title="bbox 65 4729 1621 4817; baseline 0 -23"><span class='ocrx_word' id='word_1_686' title='bbox 65 4735 272 4814; x_wconf 70' lang='grc' dir='ltr'><strong>μᾶλλονδέγιλᾷ</strong></span> <span class='ocrx_word' id='word_1_687' title='bbox 284 4729 334 4810; x_wconf 76' lang='grc' dir='ltr'>μὲν</span> <span class='ocrx_word' id='word_1_688' title='bbox 346 4729 451 4801; x_wconf 76' lang='grc' dir='ltr'><strong>οὐδεὶς,</strong></span> <span class='ocrx_word' id='word_1_689' title='bbox 470 4729 519 4789; x_wconf 79' lang='grc' dir='ltr'><strong>κᾶν</strong></span> <span class='ocrx_word' id='word_1_690' title='bbox 536 4731 659 4811; x_wconf 78' lang='grc' dir='ltr'><strong>μυριάκις</strong></span> <span class='ocrx_word' id='word_1_691' title='bbox 673 4732 827 4812; x_wconf 74' lang='grc' dir='ltr'><strong>παρανομη·</strong></span> <span class='ocrx_word' id='word_1_692' title='bbox 878 4736 980 4795; x_wconf 83' lang='lat' dir='ltr'>exortis</span> <span class='ocrx_word' id='word_1_693' title='bbox 1002 4734 1084 4817; x_wconf 86' lang='lat' dir='ltr'>hujus</span> <span class='ocrx_word' id='word_1_694' title='bbox 1104 4732 1350 4813; x_wconf 81' lang='lat' dir='ltr'>magnae&#39;ciritatis</span> <span class='ocrx_word' id='word_1_695' title='bbox 1366 4733 1460 4807; x_wconf 87' lang='lat' dir='ltr'>malis,</span> <span class='ocrx_word' id='word_1_696' title='bbox 1489 4734 1565 4794; x_wconf 87' lang='lat' dir='ltr'>velut</span> <span class='ocrx_word' id='word_1_697' title='bbox 1586 4756 1621 4794; x_wconf 90' lang='lat' dir='ltr'>ex</span> 
     </span>
     <span class='ocr_line' id='line_1_48' title="bbox 66 4824 1617 4907; baseline -0.002 -20"><span class='ocrx_word' id='word_1_698' title='bbox 66 4850 108 4904; x_wconf 71' lang='grc' dir='ltr'>σγ,</span> <span class='ocrx_word' id='word_1_699' title='bbox 124 4833 248 4907; x_wconf 77' lang='grc' dir='ltr'><strong>θρηνοῦσι</strong></span> <span class='ocrx_word' id='word_1_700' title='bbox 269 4825 298 4886; x_wconf 86' lang='grc' dir='ltr'><strong>δέ</strong></span> <span class='ocrx_word' id='word_1_701' title='bbox 320 4825 431 4896; x_wconf 79' lang='grc' dir='ltr'><strong>πάντες,</strong></span> <span class='ocrx_word' id='word_1_702' title='bbox 445 4824 510 4902; x_wconf 79' lang='grc' dir='ltr'><strong>ὅπερ</strong></span> <span class='ocrx_word' id='word_1_703' title='bbox 529 4825 610 4904; x_wconf 62' lang='lat' dir='ltr'>lpas,</span> <span class='ocrx_word' id='word_1_704' title='bbox 624 4825 669 4885; x_wconf 84' lang='grc' dir='ltr'>τὸν</span> <span class='ocrx_word' id='word_1_705' title='bbox 690 4829 826 4907; x_wconf 80' lang='grc' dir='ltr'><strong>κολοφῶνα</strong></span> <span class='ocrx_word' id='word_1_706' title='bbox 878 4829 967 4901; x_wconf 88' lang='lat' dir='ltr'>fonte,</span> <span class='ocrx_word' id='word_1_707' title='bbox 983 4827 1118 4886; x_wconf 88' lang='lat' dir='ltr'>turnultus</span> <span class='ocrx_word' id='word_1_708' title='bbox 1132 4845 1303 4904; x_wconf 90' lang='lat' dir='ltr'>quocumque</span> <span class='ocrx_word' id='word_1_709' title='bbox 1322 4825 1364 4884; x_wconf 85' lang='lat' dir='ltr'>via</span> <span class='ocrx_word' id='word_1_710' title='bbox 1384 4824 1519 4904; x_wconf 88' lang='lat' dir='ltr'>progressi</span> <span class='ocrx_word' id='word_1_711' title='bbox 1537 4839 1617 4897; x_wconf 92' lang='lat' dir='ltr'>sunt,</span> 
     </span>
     <span class='ocr_line' id='line_1_49' title="bbox 67 4915 1621 4998; baseline 0.003 -24"><span class='ocrx_word' id='word_1_712' title='bbox 67 4923 108 4975; x_wconf 75' lang='grc' dir='ltr'><strong>τῶν</strong></span> <span class='ocrx_word' id='word_1_713' title='bbox 122 4924 208 4978; x_wconf 75' lang='grc' dir='ltr'><strong>κακῶν</strong></span> <span class='ocrx_word' id='word_1_714' title='bbox 222 4963 229 4991; x_wconf 90' lang='grc'><strong>,</strong></span> <span class='ocrx_word' id='word_1_715' title='bbox 251 4919 301 4989; x_wconf 74' lang='grc' dir='ltr'>τὴν</span> <span class='ocrx_word' id='word_1_716' title='bbox 315 4915 412 4988; x_wconf 79' lang='grc' dir='ltr'><strong>καινὴν</strong></span> <span class='ocrx_word' id='word_1_717' title='bbox 426 4915 525 4988; x_wconf 83' lang='grc' dir='ltr'><strong>ταύτην</strong></span> <span class='ocrx_word' id='word_1_718' title='bbox 539 4918 718 4998; x_wconf 85' lang='grc' dir='ltr'><strong>παρανομίαν.</strong></span> <span class='ocrx_word' id='word_1_719' title='bbox 732 4919 781 4986; x_wconf 77' lang='grc' dir='ltr'><strong>Τίς</strong></span> <span class='ocrx_word' id='word_1_720' title='bbox 794 4920 824 4979; x_wconf 82' lang='grc' dir='ltr'><strong>δν</strong></span> <span class='ocrx_word' id='word_1_721' title='bbox 879 4935 903 4981; x_wconf 91' lang='lat' dir='ltr'>et</span> <span class='ocrx_word' id='word_1_722' title='bbox 921 4920 1012 4980; x_wconf 86' lang='lat' dir='ltr'>clerici</span> <span class='ocrx_word' id='word_1_723' title='bbox 1030 4919 1131 4998; x_wconf 91' lang='lat' dir='ltr'>ubique</span> <span class='ocrx_word' id='word_1_724' title='bbox 1150 4917 1178 4975; x_wconf 95' lang='lat' dir='ltr'>in</span> <span class='ocrx_word' id='word_1_725' title='bbox 1192 4917 1333 4998; x_wconf 89' lang='lat' dir='ltr'>episcopos</span> <span class='ocrx_word' id='word_1_726' title='bbox 1351 4917 1575 4990; x_wconf 80' lang='lat' dir='ltr'>insurrexerunt,</span> <span class='ocrx_word' id='word_1_727' title='bbox 1595 4931 1621 4978; x_wconf 89' lang='lat' dir='ltr'>et</span> 
     </span>
     <span class='ocr_line' id='line_1_50' title="bbox 70 5008 1619 5094; baseline 0.002 -27"><span class='ocrx_word' id='word_1_728' title='bbox 70 5012 126 5073; x_wconf 85' lang='grc' dir='ltr'><strong>ιῖτοι</strong></span> <span class='ocrx_word' id='word_1_729' title='bbox 146 5012 191 5079; x_wconf 73' lang='grc' dir='ltr'>τὰς</span> <span class='ocrx_word' id='word_1_730' title='bbox 214 5017 267 5072; x_wconf 81' lang='grc' dir='ltr'>τῶν</span> <span class='ocrx_word' id='word_1_731' title='bbox 288 5013 392 5071; x_wconf 83' lang='grc' dir='ltr'><strong>λοιπῶν</strong></span> <span class='ocrx_word' id='word_1_732' title='bbox 414 5010 584 5080; x_wconf 83' lang='grc' dir='ltr'><strong>Ἐκκλησιῶν</strong></span> <span class='ocrx_word' id='word_1_733' title='bbox 598 5010 737 5092; x_wconf 73' lang='grc' dir='ltr'><strong>ταραχάς,</strong></span> <span class='ocrx_word' id='word_1_734' title='bbox 756 5011 825 5073; x_wconf 84' lang='grc' dir='ltr'>Ούδέ</span> <span class='ocrx_word' id='word_1_735' title='bbox 879 5012 973 5094; x_wconf 91' lang='lat' dir='ltr'>populi</span> <span class='ocrx_word' id='word_1_736' title='bbox 994 5011 1042 5072; x_wconf 91' lang='lat' dir='ltr'>alii</span> <span class='ocrx_word' id='word_1_737' title='bbox 1065 5010 1173 5090; x_wconf 90' lang='lat' dir='ltr'>quidem</span> <span class='ocrx_word' id='word_1_738' title='bbox 1195 5009 1302 5069; x_wconf 88' lang='lat' dir='ltr'>discissi</span> <span class='ocrx_word' id='word_1_739' title='bbox 1324 5022 1411 5079; x_wconf 92' lang='lat' dir='ltr'>sunt,</span> <span class='ocrx_word' id='word_1_740' title='bbox 1438 5008 1485 5067; x_wconf 89' lang='lat' dir='ltr'>alii</span> <span class='ocrx_word' id='word_1_741' title='bbox 1517 5030 1619 5091; x_wconf 91' lang='lat' dir='ltr'>prope-</span> 
     </span>
     <span class='ocr_line' id='line_1_51' title="bbox 70 5099 1621 5186; baseline 0.001 -24"><span class='ocrx_word' id='word_1_742' title='bbox 70 5104 111 5184; x_wconf 73' lang='grc' dir='ltr'>γέρ</span> <span class='ocrx_word' id='word_1_743' title='bbox 123 5109 223 5165; x_wconf 79' lang='grc' dir='ltr'><strong>ἐνταῦθα</strong></span> <span class='ocrx_word' id='word_1_744' title='bbox 238 5106 309 5176; x_wconf 71' lang='grc' dir='ltr'><strong>ἔστη</strong></span> <span class='ocrx_word' id='word_1_745' title='bbox 318 5102 350 5162; x_wconf 82' lang='grc' dir='ltr'><strong>τὸ</strong></span> <span class='ocrx_word' id='word_1_746' title='bbox 363 5101 499 5182; x_wconf 76' lang='grc' dir='ltr'><strong>χαλεπὸν,</strong></span> <span class='ocrx_word' id='word_1_747' title='bbox 520 5102 589 5163; x_wconf 80' lang='grc' dir='ltr'><strong>ἀλλδι</strong></span> <span class='ocrx_word' id='word_1_748' title='bbox 602 5103 683 5185; x_wconf 79' lang='grc' dir='ltr'><strong>μέχρι</strong></span> <span class='ocrx_word' id='word_1_749' title='bbox 698 5108 746 5178; x_wconf 71' lang='grc' dir='ltr'>τῆς</span> <span class='ocrx_word' id='word_1_750' title='bbox 757 5102 823 5186; x_wconf 78' lang='grc' dir='ltr'><strong>ἑῴας</strong></span> <span class='ocrx_word' id='word_1_751' title='bbox 880 5104 952 5167; x_wconf 88' lang='lat' dir='ltr'>diem</span> <span class='ocrx_word' id='word_1_752' title='bbox 965 5102 1130 5178; x_wconf 85' lang='lat' dir='ltr'>scindentur,</span> <span class='ocrx_word' id='word_1_753' title='bbox 1150 5117 1176 5162; x_wconf 87' lang='lat' dir='ltr'>et</span> <span class='ocrx_word' id='word_1_754' title='bbox 1190 5100 1291 5180; x_wconf 91' lang='lat' dir='ltr'>ubique</span> <span class='ocrx_word' id='word_1_755' title='bbox 1304 5099 1438 5158; x_wconf 85' lang='lat' dir='ltr'>malcrum</span> <span class='ocrx_word' id='word_1_756' title='bbox 1456 5101 1621 5183; x_wconf 86' lang='lat' dir='ltr'>exspectatio</span> 
     </span>
    </p>
   </div>
   <div class='ocr_carea' id='block_1_3' title="bbox 99 5298 1622 5366">
    <p class='ocr_par' dir='ltr' id='par_1_19' title="bbox 99 5298 1622 5366">
     <span class='ocr_line' id='line_1_52' title="bbox 99 5298 1622 5366; baseline -0.004 -33"><span class='ocrx_word' id='word_1_757' title='bbox 99 5312 107 5333; x_wconf 81' lang='grc' dir='ltr'><strong>ι</strong></span> <span class='ocrx_word' id='word_1_758' title='bbox 122 5299 215 5355; x_wconf 64' lang='lat' dir='ltr'>Euam</span> <span class='ocrx_word' id='word_1_759' title='bbox 235 5315 281 5354; x_wconf 78' lang='grc' dir='ltr'><strong>τῶν</strong></span> <span class='ocrx_word' id='word_1_760' title='bbox 298 5306 417 5366; x_wconf 66' lang='grc' dir='ltr'><strong>αἱμάτων·</strong></span> <span class='ocrx_word' id='word_1_761' title='bbox 431 5298 485 5364; x_wconf 63' lang='lat' dir='ltr'>big·</span> <span class='ocrx_word' id='word_1_762' title='bbox 901 5302 913 5340; x_wconf 78' lang='lat' dir='ltr'>b</span> <span class='ocrx_word' id='word_1_763' title='bbox 931 5299 983 5350; x_wconf 78' lang='lat' dir='ltr'>Ed.</span> <span class='ocrx_word' id='word_1_764' title='bbox 997 5304 1132 5360; x_wconf 73' lang='grc' dir='ltr'><strong>ιέσιλθδντις</strong></span> <span class='ocrx_word' id='word_1_765' title='bbox 1143 5309 1167 5347; x_wconf 81' lang='lat' dir='ltr'>ct</span> <span class='ocrx_word' id='word_1_766' title='bbox 1177 5314 1235 5345; x_wconf 75' lang='lat' dir='ltr'>mox</span> <span class='ocrx_word' id='word_1_767' title='bbox 1250 5303 1324 5351; x_wconf 53' lang='grc' dir='ltr'><strong>πάντη</strong></span> <span class='ocrx_word' id='word_1_768' title='bbox 1333 5317 1358 5348; x_wconf 63' lang='grc' dir='ltr'>η</span> <span class='ocrx_word' id='word_1_769' title='bbox 1368 5299 1442 5361; x_wconf 47' lang='grc' dir='ltr'><strong>ῥώμη,</strong></span> <span class='ocrx_word' id='word_1_770' title='bbox 1455 5305 1484 5348; x_wconf 57' lang='grc' dir='ltr'>,η</span> <span class='ocrx_word' id='word_1_771' title='bbox 1497 5300 1622 5366; x_wconf 38' lang='grc' dir='ltr'><strong>,ηῑογργγῢ</strong></span> 
     </span>
    </p>
   </div>
   <div class='ocr_carea' id='block_1_4' title="bbox 0 0 1865 5970">
    <p class='ocr_par' dir='ltr' id='par_1_20' title="bbox 0 0 1865 5970">
     <span class='ocr_line' id='line_1_53' title="bbox 0 0 1865 5970; baseline 0 0"><span class='ocrx_word' id='word_1_772' title='bbox 0 0 1865 5970; x_wconf 95' lang='lat' dir='ltr'> </span> 
     </span>
    </p>
   </div>
  </div>
 </body>
</html>
