3714 5970
599 471 690 521 ruuc
714 471 847 522 nuruum
871 471 1070 523 tuoruum.
1545 461 1613 531 263

71 598 187 657 Romam
199 594 381 676 navIgaturus
391 607 459 673 crat,
473 616 546 656 nunc
557 597 691 676 proficisci
703 617 754 656 non
766 617 818 676 po-
870 596 1014 657 stificantes
1029 597 1184 679 episcopum
1197 620 1278 660 suum
1291 601 1433 683 tyrannice
1443 602 1472 663 iu
1486 602 1616 674 exsilium

69 690 164 763 tuisse,
187 686 262 767 quod
282 687 371 747 multo
391 686 486 749 labore
499 689 643 748 ¹coniectus
664 703 741 748 esset.
762 688 818 750 Sed
869 701 1086 771 actumesseper
1096 690 1237 751 factionem
1248 692 1338 753 Aeacii
1350 693 1509 775 Beruensis,
1524 699 1616 762 Tbeo·
1681 694 1685 702 ’

69 785 201 844 Joanuem
230 781 421 863 presbyterum
451 796 477 842 et
508 783 625 842 Paulum
651 781 817 856 diaconum,
871 781 939 862 phili
955 782 1145 857 Alexandrini,
1159 783 1284 843 Antiochi
1302 786 1502 863 Ptolemaidos,
1515 806 1545 852 ct
1561 795 1611 855 Se·

69 896 133 935 eum
148 873 270 954 undique
288 888 464 949 vexarentur,
485 887 510 934 et
523 874 656 952 nusqua'm
673 874 816 934 consistere
872 875 973 935 veriani
991 875 1169 936 Gabalorum.
1190 875 1233 935 Ad
1249 876 1309 936 baec
1326 879 1501 940 breviculum
1526 898 1615 946 osten·

68 968 114 1027 rel
140 965 299 1026 delitescere
330 980 460 1049 possent,
490 968 606 1026 Romam
638 965 711 1047 ipsos
739 965 816 1025 adire
869 965 978 1044 derunt,
999 989 1054 1046 quo
1072 967 1188 1049 pretiosa
1207 989 1270 1029 vasa
1285 970 1452 1032 tradiderant
1465 992 1558 1035 coram
1568 978 1616 1058 ju·

68 1077 175 1122 mamm
197 1060 293 1133 fuisse,
308 1075 440 1143 rogatque
460 1082 522 1121 cum
537 1062 655 1121 ,caritate
675 1061 749 1142 ipsos
766 1083 817 1121 ex·
868 1058 986 1137 dinibus,
1004 1059 1241 1121 Studio'Praefecto
1253 1062 1340 1138 urbia,
1352 1062 1525 1144 Eutychiano
1544 1054 1616 1128 Pras·

67 1155 181 1235 cipiaut.
867 1152 936 1211 fecto
949 1153 1084 1231 Praetorii,
1099 1156 1201 1217 loanne
1215 1154 1320 1216 Gemite
1335 1155 1532 1238 thesaurorum,
1555 1161 1612 1223 Eu·

10 1273 56 1315 a..
105 1249 170 1308 Jam
181 1247 218 1308 ad
230 1247 285 1308 alia
297 1266 453 1321 evocamur,
467 1268 526 1326 quae
536 1246 587 1307 etsi
600 1267 711 1328 prorsus
724 1268 815 1307 rerum
868 1245 966 1305 stathio
980 1245 1120 1318 Quaestore
1133 1261 1159 1307 et
1178 1247 1351 1323 Tabulatis,
1364 1249 1392 1308 in
1408 1270 1487 1324 auro,
1501 1267 1614 1332 argento

10 1350 21 1384 ἰ
33 1337 160 1408 ytbeiem
178 1361 233 1399 non
248 1352 395 1416 mutavere,
408 1340 494 1400 multa
507 1338 639 1401 induxere
651 1349 731 1398 nora.
747 1339 815 1399 Ter-
867 1351 893 1397 et
906 1337 1035 1411 vestibus,
1049 1339 1211 1400 calumniam
1223 1341 1320 1402 Joanni
1331 1341 1458 1424 episcopo
1471 1345 1614 1409 confictam

10 1413 55 1503 ii
65 1430 231 1513 tionamqne
239 1430 303 1492 idus
311 1431 474 1493 Novembris
482 1431 616 1506 Arsacim,
629 1431 675 1510 qui
685 1431 815 1492 Constan-
866 1429 1062 1511 propulsantes.
1078 1433 1138 1505 Qua
1156 1436 1190 1494 de
1208 1454 1237 1492 re
1251 1446 1343 1493 actum
1361 1449 1414 1510 est,
1434 1457 1496 1496 cum
1510 1437 1546 1498 de
1564 1461 1613 1500 ex·

10 1530 50 1566 ¹³·
65 1524 275 1606 tinopolitanam
289 1523 379 1585 sedem
398 1525 542 1600 invaserat,
554 1545 601 1584 scu
614 1524 705 1605 potius
714 1523 741 1582 in
754 1545 813 1583 eam
864 1522 986 1602 pulsione
1000 1524 1189 1606 chrysostomi
1201 1525 1282 1585 verba
1294 1525 1418 1586 fecimus.

10 1605 193 1678 bilinductus
206 1619 304 1690 fuerat,
316 1617 385 1677 obiit
398 1641 405 1675 r
418 1618 464 1678 vir
476 1638 557 1697 quern
569 1615 697 1676 laudibus
706 1615 813 1676 extollit
906 1616 969 1674 Post
983 1615 1045 1675 illos
1063 1615 1154 1693 rediit,
1174 1617 1223 1696 qui
1241 1618 1298 1698 jam
1309 1632 1372 1678 ante
1385 1633 1499 1681 uenerat
1513 1621 1614 1683 Deme·

10 1710 207 1802 “Socraten
221 1712 387 1773 Soromenus
396 1730 462 1770 vero
474 1708 543 1768 dicit
554 1708 636 1768 fuisse
646 1707 725 1767 illurn
737 1728 811 1767 mau-
864 1705 942 1778 trius,
961 1707 1128 1768 Pessinuntis
1149 1710 1310 1791 episcopus,
1326 1710 1373 1789 qui
1392 1711 1532 1772 Orientem
1551 1734 1614 1794 pcr-

10 1831 30 1880 p.
64 1817 168 1863 suetum
182 1817 209 1878 et
223 1802 392 1883 religiosum,
410 1801 458 1862 sed
469 1800 578 1862 laudem
591 1800 667 1860 illam
682 1792 811 1860 minuisse
855 1812 1000 1874 ,cumeram
1017 1799 1166 1880 praedicans
1186 1802 1373 1861 Romanorum
1392 1804 1614 1879 communionem,

64 1895 173 1956 elericos
186 1895 336 1974 quosdam,
349 1894 396 1974 qui
409 1893 499 1955 omnia
511 1913 560 1975 pro
575 1892 665 1953 lubito
677 1892 808 1974 agebant:
864 1906 927 1947 cum
947 1890 1049 1951 Joanue
1065 1890 1208 1972 episcopo,
1231 1892 1344 1952 ostensis
1369 1892 1516 1954 Innocentii
1530 1895 1612 1978 Papae

63 2009 155 2047 rerum
165 1988 282 2047 infamia
293 1987 412 2067 quadam
422 2001 526 2047 notasse
537 1985 617 2046 illum
626 2008 666 2063 ea,
677 2008 736 2066 quae
746 2006 809 2047 uon-
862 1979 966 2060 literis;
989 1995 1053 2042 ωηο
1073 1997 1162 2044 autem
1182 1985 1296 2045 afferens
1315 1985 1405 2046 literas
1423 1988 1612 2069 episcoporum

63 2094 97 2139 na
109 2080 306 2161 Cbrysostomi
318 2080 435 2139 fautores
450 2092 523 2159 gesta
534 2092 608 2138 sunt.
625 2080 659 2137 lt
670 2076 757 2139 deliro
766 2100 810 2138 se·
863 2071 964 2146 Caria,
981 2075 1029 2153 qui
1049 2076 1164 2138 loannis
1177 2077 1394 2138 communionem
1408 2080 1611 2160 amplecteban-

62 2171 86 2230 ni
103 2192 159 2232 non
179 2194 232 2231 sna
250 2173 373 2245 fortasse,
395 2169 441 2232 sed
459 2172 579 2232 aliorum
589 2171 717 2245 facinora,
737 2171 807 2230 banc
862 2176 922 2241 tur,
941 2166 1062 2247 aliasque
1078 2169 1299 2252 presbyterorum
1314 2170 1474 2244 Antiochiae,
1488 2172 1536 2250 qui
1556 2173 1612 2233 llo·

61 2275 146 2321 notam
157 2261 308 2324 invexere.
318 2264 358 2323 Ut
366 2277 398 2322 nt
408 2283 450 2323 res
458 2277 509 2336 est,
521 2261 609 2323 Graeci
621 2262 701 2321 illum
712 2263 739 2321 in
750 2264 807 2322 Me
861 2276 969 2318 manam
982 2257 1155 2341 disciplinam
1168 2263 1358 2342 sequebantur,
1377 2262 1611 2345 deplorabantque

60 2356 118 2415 nais
132 2356 194 2415 suis
213 2370 372 2416 sanctorum
390 2376 503 2416 numero
518 2353 692 2434 adscripsere.
710 2354 805 2413 Tanta
861 2350 1011 2432 Porphyrii
1024 2352 1220 2414 ordinationem
1232 2370 1324 2415 contra
1333 2350 1379 2435 jus
1390 2355 1483 2435 fasqroe
1493 2354 1608 2417 inducti.

60 2446 124 2506 sedis
134 2467 170 2506 ac
181 2445 330 2528 dignitatis
341 2446 504 2529 occupandae
516 2444 644 2527 cupidine
654 2445 730 2505 ducti
742 2446 807 2526 plu·
901 2442 965 2502 Post
981 2443 1044 2504 illos
1057 2465 1149 2505 omncs
1168 2446 1243 2507 veuit
1258 2447 1432 2506 Domitianus
1446 2448 1605 2531 presbyter,

60 2537 125 2611 riui,
136 2538 286 2599 machinas
296 2560 388 2600 omnes
397 2537 535 2598 intendere
545 2561 552 2595 ε
562 2536 725 2617 demumque
735 2537 807 2598 Atti·
859 2551 1012 2594 (economus
1027 2535 1153 2597 Ecclesia
1163 2538 1477 2619 Constantinopolitanae,
1493 2552 1521 2600 et
1535 2541 1605 2604 Val-

59 2649 99 2688 cus
120 2631 281 2712 presbyter,
306 2652 342 2691 ex
364 2630 548 2691 ambientibus
570 2651 651 2703 unus,
669 2631 717 2710 qui
737 2651 805 2690 con-
858 2625 1070 2708 legasquidam,
1088 2631 1231 2711 presbyter
1244 2630 1402 2708 Nisibenus,
1423 2652 1535 2714 narrans
1549 2654 1610 2693 mo·

59 2732 93 2779 tra
110 2724 250 2783 loannem
275 2723 502 2806 Chrysostomum
524 2721 681 2804 episcopum
702 2743 803 2801 suum,
859 2719 1034 2795 nasteriorum
1048 2720 1251 2801 Mesopotamiae
1263 2721 1446 2783 afflictionem.
1468 2722 1505 2782 lli
1524 2725 1607 2783 ctiam

58 2834 113 2874 sum
131 2815 161 2874 in
173 2814 311 2876 exsilium
323 2816 478 2897 pelleretur,
494 2815 582 2874 multa
596 2831 733 2891 moverat,
749 2814 805 2874 ele-
859 2809 1029 2888 protulerunt
1044 2824 1104 2871 acta
1126 2812 1222 2893 Optati
1238 2813 1377 2889 Praefecti,
1395 2814 1423 2873 in
1444 2814 1520 2888 queis
1539 2816 1607 2876 fere·
1619 2828 1655 2871 trs
1754 2839 1757 2845 ·
1834 2874 1839 2883 ,

59 2921 112 2968 etus
122 2907 326 2989 ordinatusque
340 2909 393 2969 fuit
404 2919 415 2968 τ’
424 2907 473 2970 vir
485 2907 649 2983 industrius,
663 2906 805 2967 mediocri·
859 2899 940 2960 batur
953 2901 1079 2962 honestas
1093 2903 1220 2963 mulieres
1234 2925 1267 2963 er
1283 2925 1379 2984 genere
1391 2906 1532 2966 consulum
1544 2906 1607 2967 dia-

58 2999 206 3062 terdoctns
219 3015 249 3062 et
263 3000 405 3080 eloquens,
422 3008 485 3082 erga
499 3019 544 3060 eos
559 2989 728 3078 autem,’qui
741 3021 804 3081 par-
858 2995 974 3056 omissas
994 2996 1122 3059 Ecclesia
1138 2998 1456 3080 Constantinopolitanae,
1476 3003 1505 3061 in
1520 3003 1607 3064 oculis

57 3103 90 3151 tes
104 3114 171 3154 snas
186 3115 245 3154 non
257 3094 449 3170 sectabantur,
466 3093 563 3153 ardens
574 3106 603 3152 et
615 3093 759 3153 terribilis.
856 3088 952 3168 populi
964 3089 1000 3149 ad
1013 3111 1075 3150 eum
1092 3091 1238 3166 adductas,
1252 3092 1460 3173 coactaspfuisse
1477 3107 1524 3153 aut
1541 3108 1606 3155 curn

10 3194 46 3263 lp
91 3184 135 3248 Ex
149 3187 270 3248 Oriente
286 3187 400 3247 Romam
414 3186 494 3246 multi
508 3185 689 3261 advenerant,
703 3197 761 3245 tum
773 3200 804 3247 ut
857 3183 968 3244 Arsacio
990 3185 1207 3256 communicare,
1227 3197 1275 3267 aut
1296 3186 1361 3246 fisco
1385 3185 1453 3245 dare
1473 3184 1603 3248 ducentas

10 3288 13 3304 '
53 3277 113 3360 fuga
126 3279 272 3340 securitati
285 3298 340 3339 sna
353 3278 533 3357 constrictent,
553 3292 613 3337 tum
625 3290 655 3336 ut
672 3278 803 3337 innocen·
855 3274 915 3333 auri
933 3274 1026 3334 libras.
1044 3278 1148 3336 bscetae
1169 3296 1276 3355 quoquo
1292 3290 1319 3336 et
1331 3276 1451 3356 virgines
1468 3276 1604 3351 aderant,

10 3372 118 3442 sptium
136 3372 248 3455 Papam
265 3369 304 3431 de
319 3369 536 3444 calamitatibus,
558 3356 621 3449 quai
636 3369 802 3433 Orientalem
855 3366 1025 3428 ostendentes
1038 3368 1139 3427 sulcata
1152 3369 1234 3428 latera
1247 3368 1276 3427 in
1293 3368 1408 3447 equuleo
1421 3413 1429 3443 ,
1444 3381 1471 3428 et
1483 3369 1513 3428 iu
1528 3383 1604 3451 tergo
1686 3364 1712 3427 “a

53 3461 206 3524 Ecclesiam
221 3461 408 3534 divexabant,
429 3461 626 3538 informarent,
644 3473 725 3540 atque
740 3484 802 3523 eum
856 3460 1000 3521 verberum
1014 3473 1099 3520 notas.
1708 3472 1713 3485 ·

10 3567 81 3615 aeut
93 3553 218 3614 remedia
234 3552 378 3615 adhiberet
388 3551 553 3613 inducerent.
574 3553 714 3634 Cyriacus,
732 3556 803 3637 Syn·
896 3550 1603 3636 HiscouspectisomnibusInnocentiusPapaCbry-
1633 3560 1765 3613 tumst

55 3651 189 3711 mdomm
210 3651 357 3733 episcopus
366 3695 377 3729 ‚
397 3649 480 3710 nullis
498 3649 647 3710 instructus
662 3651 800 3730 epistolis,
856 3657 1004 3719 sostomo,a
1016 3666 1072 3724 qno
1086 3644 1177 3703 literas
1191 3657 1345 3724 acceperat,
1361 3645 1513 3726 rescripsit,
1528 3660 1553 3706 et
1568 3646 1604 3707 ad
1615 3618 1746 3731 5:5⁸*

55 3739 802 3816 ,ed2de2mmmcundamidonet1s‚0dicrum1m.
857 3730 1013 3814 patientiam
1026 3735 1054 3795 iu
1069 3748 1143 3796 tanta
1157 3734 1297 3795 subeunda
1313 3735 1465 3796 calamitate
1480 3737 1603 3798 coborta·
1640 3772 1764 3833 ,mm

56 3834 156 3917 periale
167 3833 349 3910 ostendebat,
367 3854 422 3913 quo
437 3832 612 3905 edicebatur,
632 3846 662 3892 ut
680 3835 803 3914 quisquis
856 3839 901 3886 tus
914 3842 963 3890 est.
979 3828 1237 3910 Episcopisetiam,
1250 3827 1430 3909 presbyteris,
1443 3828 1564 3890 diaconis
1578 3829 1673 3890 etim·
1687 3833 1726 3881 26.
1773 3820 1776 3833 ¹
1806 3816 1812 3827 ¹

58 3948 116 3986 mm
137 3925 308 4009 Theophila),
322 3927 432 3987 Arsacio
450 3939 476 3985 οι
488 3925 643 4007 porphyrio
656 3948 709 3987 „011
728 3949 803 3987 com.
857 3919 983 3981 universo
998 3921 1077 3980 Clero
1088 3920 1216 3982 Ecclesiae
1231 3920 1543 4003 Constantinopolitanae,
1554 3921 1603 4001 qui

59 4019 206 4079 manicaret
214 4064 226 4097 ,
242 4019 280 4081 ab
295 4020 451 4102 episcopatu
468 4031 617 4092 arceretur,
631 4031 656 4079 et
667 4018 803 4098 quidquid
856 4011 911 4070 sibi
926 4012 1018 4073 literas
1029 4013 1223 4093 miserant‚per
1235 4013 1403 4073 Germanum
1413 4014 1604 4096 presbyterum

59 4135 136 4194 opum
147 4112 195 4175 rel
210 4112 371 4174 facultatum
382 4112 494 4172 baberet
503 4111 646 4172 amitteret.
664 4115 727 4175 Post
740 4135 803 4173 enm
857 4118 883 4164 et
898 4105 1057 4169 Cassianum
1067 4105 1212 4166 diaconum
1221 4102 1370 4185 respondit,
1383 4118 1488 4164 tantum
1498 4105 1602 4165 malum

60 4205 188 4288 Eulysia„
195 4250 207 4285 ‚
224 4210 352 4288 Apama
362 4204 392 4265 in
405 4203 536 4285 Bithynia
550 4202 700 4285 episcopus,
717 4206 802 4268 venir:
856 4197 909 4257 sibi
920 4197 1069 4257 renuntiari
1083 4199 1197 4272 diceus,
1212 4209 1241 4255 ut
1254 4195 1311 4255 sola
1326 4196 1461 4276 patientiae
1477 4196 1604 4256 consola·

61 4300 103 4376 qni
123 4300 220 4360 literas
239 4297 368 4358 afferebat
386 4295 543 4377 quindecim
570 4298 762 4380 episcoporum
789 4323 804 4362 e
856 4289 929 4350 tione
942 4290 1031 4349 sanari
1048 4310 1125 4370 posse
1138 4300 1223 4368 putet.
1237 4289 1309 4347 Tum
1322 4307 1378 4358 eos,
1395 4287 1443 4364 qui
1457 4307 1508 4346 non
1523 4286 1605 4360 audi·

62 4392 167 4471 &nodo
179 4391 303 4466 loannis,
315 4405 342 4451 et
355 4390 452 4472 optimi
466 4391 537 4450 senis
552 4390 649 4472 Anysii
659 4437 668 4466 ,
680 4392 799 4452 Thessa.
856 4396 916 4443 tum
926 4386 1056 4445 Joanncm
1070 4381 1275 4450 damnaverant,
1287 4392 1316 4437 ut
1325 4378 1489 4438 facinorosos
1502 4380 1604 4461 impro-

63 4482 154 4546 Ιοῃῑω
166 4483 306 4567 qimi,
324 4499 352 4545 οι
364 4497 523 4566 praeaenrem
536 4497 563 4544 et
580 4483 700 4566 priorem
719 4486 801 4548 totius
855 4475 924 4535 bat:
943 4475 1179 4551 necessariumque
1196 4491 1252 4530 esse
1274 4470 1311 4529 ait
1330 4469 1473 4551 Synodum
1489 4492 1602 4552 cogere,

62 4575 308 4658 fomtautinopolis
324 4574 506 4656 direptionem
516 4576 699 4655 testificantes.
722 4583 799 4660 buy·
855 4589 917 4648 (11¹2
930 4568 965 4628 (le
979 4581 1053 4627 “⁰¹³
1069 4587 1097 4625 ¹⁰
1109 4563 1194 4646 P⁰⁵⁵l²
1204 4562 1355 4623 deffluere·
1368 4562 1404 4622 5⁰
1416 4565 1599 4643 V⁰¹⁰⁰¹¹¹¹¹l27

60 4666 187 4732 riuum
200 4669 352 4730 dioehatoe
362 4668 467 4750 judicio
483 4669 607 4729 Ecclesia
621 4669 797 4749 aquiescere,
857 4683 916 4741 quae
931 4659 982 4741 ipsi
998 4653 1309 4732 narrabant,audivisse
1324 4653 1420 4714 dicita
1437 4655 1602 4738 coepiscopis
1697 4664 1700 4669 “

95 4759 196 4844 Elapso
208 4782 304 4822 mense
315 4761 427 4821 accessit
436 4759 593 4834 Palladius,
607 4761 801 4844 Helenopoleos
855 4754 912 4814 suis
923 4750 1071 4825 Demetrio,
1082 4747 1197 4832 Cyriaco
1208 4792 1216 4824 ,
1227 4745 1343 4829 Eulysio
1357 4760 1384 4807 et
1397 4747 1538 4824 Palladio,
1550 4748 1601 4827 qui

56 4853 213 4936 episcopus,
245 4875 274 4914 se
299 4852 618 4932 brrorem'magistratus
646 4854 800 4915 declinandi
856 4860 920 4906 ωηο
935 4847 1027 4904 Rornae
1043 4856 1127 4903 erant.

55 4963 133 5001 cansa
148 4942 249 5022 fugisse
268 4962 398 5016 namus,
426 4953 452 4999 et
469 4962 529 5018 qua
543 4953 607 5000 tuuc
620 4939 679 5000 dira
693 4962 800 5002 exerce·
895 4941 936 4998 lle
946 4935 1066 4997 Concilio
1079 4934 1164 5015 igitur
1174 4931 1353 4993 Occumenico
1369 4929 1487 5012 cogendo
1497 4928 1599 4992 adHe-

52 5030 152 5091 bantur
162 5030 330 5110 significans.
344 5030 410 5089 Post
422 5027 575 5089 Palladium
591 5030 665 5088 venit
683 5029 800 5090 Germa·
854 5031 962 5091 norium
980 5029 1174 5109 Imperatorem
1198 5037 1264 5084 tuuc
1286 5025 1421 5083 Ravenna·
1447 5037 1599 5084 versantem

50 5122 273 5205 nuaprcsbyter.
293 5136 403 5184 etcum
424 5120 473 5181 illo
486 5121 630 5183 Cassianus
646 5119 798 5202 diaconus,
854 5121 970 5203 scripsit.
987 5119 1114 5192 Quinem
1132 5135 1301 5197 summopere
1316 5115 1431 5197 probans
1443 5116 1524 5195 jussit
1544 5116 1599 5176 Oc·
1703 5110 1708 5119 ⁵

49 5214 81 5275 iu
93 5215 230 5276 totoorbe
242 5214 403 5277 Christiano
423 5214 691 5295 celeberrimusrqui
709 5215 800 5277 literas
854 5213 1030 5275 cidentalium
1042 5208 1184 5294 Synodum
1195 5208 1368 5290 oogiCoacti
1381 5206 1464 5288 igitur
1477 5206 1597 5288 episcopi

49 5308 197 5371 afferebant
210 5309 295 5371 totins
315 5307 393 5369 Cleri
409 5307 522 5372 loannis
540 5306 739 5389 Chrysostomi,
760 5323 798 5369 te·
854 5307 949 5381 ltalia,
961 5320 992 5368 ut
1005 5304 1043 5367 ait
1050 5302 1314 5390 Palladius(caeterrc
1330 5320 1446 5380 namque
1460 5299 1597 5360 Occiden-
