3750 6052
701 542 792 591 nuuc
816 541 948 595 retudit
975 542 1176 597 ADOBNATA.

164 696 180 733 a
203 693 314 733 munere
333 662 504 754 suscipiendo
522 681 669 746 arefieret,
689 667 828 750 respondit
841 667 903 740 illi,

165 766 204 829 rci
225 765 446 826 consultationem
470 761 577 822 aliud
569 782 597 822 m
619 776 726 843 ternpus
747 742 904 821 mittendam

164 882 231 933 osse,
247 860 316 921 nihil
331 880 435 941 urgere,
444 857 515 918 nihil
526 870 687 939 praemature
695 855 829 937 agendum
841 876 913 915 esse.

165 953 227 1025 Quo
236 952 373 1013 tenderent
381 952 531 1012 isthasncn
539 949 681 1011 advertens
688 948 816 1025 Basilius,
825 948 906 1008 amici

164 1045 308 1106 eonsilium
322 1044 464 1126 amplexus
478 1057 528 1105 est.

205 1137 263 1197 Hac
281 1137 341 1218 pria
353 1135 449 1197 fraude
461 1157 525 1196 usus
540 1149 580 1195 est
593 1137 719 1207 loannes,
733 1147 760 1195 et
772 1133 836 1214 qnia
849 1154 907 1193 rem

165 1251 259 1311 urgere
279 1251 331 1302 uon
345 1229 502 1310 ignorabat,
523 1249 580 1289 sese
592 1227 750 1288 occultavit.
774 1225 854 1286 Haud
868 1224 907 1287 ita

165 1323 251 1383 multo
273 1322 363 1403 elapso
387 1335 525 1401 ternpore,
547 1341 608 1380 cum
632 1320 656 1379 is
671 1319 718 1398 qui
733 1317 906 1378 ordinaturus
934 1396 937 1401 .

164 1429 221 1475 erat
233 1415 395 1488 advenisset,
411 1428 505 1494 raptus
519 1413 636 1474 Basilius
649 1411 798 1472 adducitur
809 1424 839 1470 ut
850 1411 906 1493 epi·

163 1519 260 1587 scopus
270 1505 449 1567 ordinaretur.
459 1511 581 1586 Cumque
591 1506 767 1564 reluctaretur
778 1503 833 1577 ille,
842 1502 905 1584 qui·

162 1597 225 1657 darn
239 1618 273 1658 ex
292 1597 505 1679 presentibus
482 1617 506 1656 er
521 1597 605 1658 rerba
618 1594 767 1672 dederunt,
782 1596 906 1655 claman-

160 1703 214 1762 tes,
234 1687 385 1749 absurdum
405 1709 481 1757 esse,
501 1709 564 1748 eum
582 1709 630 1768 qur
622 1685 776 1748 omuibus
792 1678 944 1747 ferocior

160 1781 316 1858 ridebatur,
325 1784 456 1845 loannem
470 1780 671 1861 designantes,'
664 1802 728 1840 cum
728 1799 836 1862 magna
848 1801 907 1840 mo·

161 1873 246 1934 destia
257 1878 367 1934 Patrum
378 1874 478 1956 placito
487 1877 684 1958 obtemperasse
693 1897 703 1953 ι
716 1874 796 1934 illum
806 1888 906 1951 nrrtem,

160 1968 239 2048 longe
262 1966 463 2050 prudentiorem
477 1981 503 2028 et
522 1967 729 2042 modestiorem,
751 1967 862 2028 ferocire
881 1979 908 2026 et

160 2081 258 2121 vanam
271 2060 386 2142 gloriam
401 2075 534 2142 appetere.
553 2061 611 2120 Hac
628 2061 740 2120 delusus
753 2074 810 2120 arte
829 2060 905 2120 ordi·

159 2166 238 2214 natus
252 2166 292 2216 eet
309 2154 428 2215 Basilius
442 2154 584 2236 episcopus
598 2154 751 2235 Raphaneae
764 2154 793 2214 in
811 2154 905 2236 Syria,

160 2261 191 2306 ut
204 2247 382 2328 probabiliter
394 2247 531 2307 existimat
540 2247 683 2308 baronius.
807 2236 811 2241 ⁴

202 2341 283 2404 Circa
297 2364 399 2404 annum
412 2363 489 2415 vero,
501 2363 556 2423 quc
572 2343 631 2404 baec
646 2357 719 2424 gesta
735 2345 824 2420 luae,
837 2344 908 2405 Her-

161 2435 264 2495 mantio
275 2449 301 2494 et
318 2435 495 2496 Tillemcntio
508 2433 679 2517 adstipulor,
700 2436 748 2516 qui
763 2435 857 2496 eadem
870 2437 905 2498 ad

161 2547 263 2587 annum
276 2527 379 2587 Christi
393 2529 469 2604 372,
482 2527 527 2590 rel
539 2527 646 2588 circiter
658 2529 785 2605 referunt,
797 2542 929 2611 putant·-

160 2641 212 2699 que
227 2640 280 2680 non
301 2621 372 2680 ultra
390 2642 491 2682 annum
504 2622 564 2682 dil
580 2642 660 2702 posse
673 2621 787 2681 differri.
813 2624 905 2683 Unum

159 2727 200 2772 cst
213 2712 288 2792 quod
301 2735 317 2773 a
332 2714 381 2772 tali
394 2713 572 2795 computandi
591 2714 695 2774 ratione
708 2727 828 2775 avertere
843 2737 906 2797 pos-

159 2805 205 2876 sit,
227 2804 300 2885 qucd
319 2825 415 2886 nempe
434 2807 550 2867 loannes
564 2807 698 2881 tunc25,
717 2806 760 2867 vel
776 2805 810 2866 ad
830 2827 906 2867 sum-

140 2961 142 2964 ,
160 2919 235 2956 mum
250 2900 289 2956 27
304 2912 407 2957 tantum
418 2919 551 2958 annorum
566 2912 650 2974 esset,
664 2912 689 2958 et
702 2897 858 2959 Basilius'
836 2919 906 2979 eJus·

158 2990 223 3049 dem
234 2990 341 3050 circiter
352 2991 451 3067 artatis,
465 3013 525 3070 quae
538 2989 573 3050 ad
584 3004 688 3051 tanturn
703 2990 906 3087 suscipiendum

159 3104 259 3143 rnunus
271 3105 325 3144 non
344 3083 439 3145 idonea
453 3083 589 3144 videatur.
610 3084 665 3145 Sed
677 3084 739 3144 licet
753 3098 831 3157 aetas,
852 3104 906 3166 qua

159 3176 279 3258 episcopi
302 3176 480 3252 ordinantur,
496 3179 582 3259 major
596 3190 627 3236 ut
648 3176 797 3258 plurimum
814 3176 908 3258 requi·

160 3282 247 3346 ratur,
263 3289 315 3327 non
327 3267 424 3327 desunt
437 3269 560 3350 exempla
570 3289 664 3328 eorum
674 3269 793 3348 quiante
806 3273 845 3332 25
855 3288 908 3331 au·

161 3381 227 3418 nurn
241 3360 360 3440 episcopi
374 3359 472 3419 adlecti
490 3374 516 3419 et
536 3360 675 3421 constituti
691 3375 755 3423 ιιιιιι
763 3409 773 3439 ,
792 3375 820 3422 et
835 3362 906 3423 alio·

161 3449 227 3529 quin
240 3451 298 3532 ipse
309 3450 426 3510 Basilius
434 3452 509 3533 apud
520 3452 746 3534 chrysostomum
758 3455 796 3514 ait
810 3454 838 3515 in
850 3457 906 3516 cri·

160 3561 221 3602 rnen
241 3565 257 3602 a
272 3543 409 3603 nonnullis
424 3557 531 3604 vocatos
545 3545 628 3606 luisse
641 3567 701 3624 eos,
718 3545 766 3629 qui
786 3568 815 3608 se
828 3547 908 3609 ordi·

160 3650 308 3712 naverunt,
329 3650 355 3696 ct
369 3637 417 3716 qui
439 3640 571 3700 loannem
584 3652 615 3698 ut
632 3638 790 3721 episeo'pum
812 3660 905 3702 conse·

160 3743 265 3788 ararent
283 3730 386 3789 frustra
397 3728 558 3808 quaesierant
562 3755 572 3809 ι
592 3743 685 3812 utpote
698 3731 744 3810 qui
756 3746 795 3793 tot
810 3734 905 3795 tantis·

160 3842 213 3899 que
226 3822 327 3882 relictis
339 3814 419 3901 viris,
436 3822 577 3903 μειράκια,
595 3822 653 3883 heri
667 3844 699 3883 ac
709 3823 904 3887 nudiustertius

160 3918 189 3975 in
204 3915 380 3975 saecularibus
391 3915 464 3975 curis
475 3915 622 3994 volutatos,
644 3929 674 3976 ut
691 3917 727 3977 ad
745 3917 826 3978 breve
838 3932 905 3979 tem-

160 4030 212 4089 pus
228 4008 372 4088 supercilia
387 4009 584 4085 contraherent,
600 4008 690 4090 pullas
703 4025 790 4072 restes
808 4011 906 4072 indue·

162 4115 238 4177 rent,
256 4102 404 4182 vultusque
415 4101 554 4161 tristitiam
569 4102 744 4178 simularent,
763 4103 906 4186 derepente

162 4192 197 4252 ad
211 4205 315 4252 tantum
333 4194 463 4253 honorem
476 4193 660 4273 adduxerint,
680 4211 811 4274 quantum
830 4218 863 4257 nc
877 4197 906 4259 in

162 4284 264 4345 somnis
275 4285 384 4364 quidem
396 4286 500 4365 assequi
511 4287 689 4367 speravissent
700 4313 707 4346 ε
717 4311 771 4368 qno
782 4290 907 4370 arguitur

162 4376 312 4438 admodum
326 4379 439 4459 juvenes
459 4392 524 4437 tunc
537 4377 619 4439 inisse
636 4383 767 4445 loannem
786 4397 811 4442 et
830 4383 907 4444 Basi-

163 4471 231 4530 liurn
246 4474 304 4552 ejus
324 4470 549 4552 condiscipulum.
800 4533 804 4540 ,

124 4613 154 4657 ι
205 4565 251 4625 Sic
274 4565 303 4624 in
327 4563 484 4646 episcopum
507 4577 645 4645 coaptatus
672 4565 790 4628 Basilius
814 4570 906 4630 statim

115 4686 154 4720 ,ι.
165 4657 296 4717 loannem
310 4657 383 4733 adit,
400 4672 428 4718 et
440 4659 559 4738 graviter
574 4679 635 4720 cum
647 4659 695 4721 illo
713 4662 905 4742 conqueritur,

166 4749 239 4827 quod
252 4750 347 4811 fraude
367 4772 415 4811 sua
435 4752 471 4813 ad
492 4767 599 4814 ιιιιιιιιιι
618 4774 686 4815 onus
680 4755 906 4843 suscipiendum

166 4853 273 4900 coactus
291 4843 382 4903 suerit.
389 4847 469 4905 Turn
487 4846 617 4923 loannes,
636 4859 667 4906 ut
683 4868 738 4907 sese
755 4861 905 4930 purgaret,

165 4935 265 4994 latetur
285 4954 377 4996 revera
397 4956 465 4996 onus
484 4958 541 4999 esse
560 4938 672 5019 grande,
693 4961 736 5000 cur
730 4938 865 5001 lerendc
880 4961 907 5001 sc

166 5027 297 5108 imparem
309 5045 365 5086 csse
376 5026 469 5088 multis
481 5029 516 5091 de
534 5031 634 5109 causis,
647 5052 713 5112 quas
728 5031 829 5093 ibidem
844 5055 909 5138 prq-

165 5123 231 5196 sert,
245 5119 361 5202 probare
375 5119 486 5196 nititur;
502 5121 549 5182 sed
561 5114 776 5205 quantacumque
794 5125 830 5185 sit
847 5125 906 5207 epi-

166 5228 291 5295 scopatus
304 5228 374 5273 recte
390 5212 500 5294 gerendi
511 5212 670 5294 difficultas,
684 5209 807 5299 oportere
818 5231 905 5279 tamen

136 5385 139 5390 .
166 5309 240 5366 viros
253 5307 327 5387 eligi,
347 5308 394 5386 qui
409 5305 440 5366 id
453 5306 572 5368 muueris
589 5310 754 5392 susciperent
763 5357 772 5389 ,
793 5333 906 5420 cumque

166 5401 212 5461 illc
234 5400 365 5463 Basiliam
379 5401 444 5485 huic
466 5400 622 5464 exercenda
641 5402 766 5486 dignitati
787 5407 905 5470 maxime

115 2397 149 2435 l²e

1636 536 1702 626 ¹⁰³7

962 669 1089 743 idoneum
1101 671 1296 749 arbitraretur,
1309 672 1377 733 nibil
1389 674 1490 735 mirum
1497 720 1506 753 ,
1518 676 1540 737 si
1554 672 1633 737 adid
1644 677 1706 737 otti-
1727 706 1729 711 >

962 765 997 824 cir
989 765 1106 846 ipsum
1118 763 1221 848 deligi,
1236 780 1367 846 quantum
1381 768 1421 828 fas
1433 769 1487 828 sihi
1506 783 1581 847 erat,
1594 791 1708 837 curare·

961 855 1006 916 rit.
1023 857 1110 916 Totus
1123 872 1189 917 vero
1211 857 1315 938 dialogi
1335 880 1411 920 ruore
1431 881 1519 921 sermo
1541 861 1706 937 contexitur,

962 948 1011 1007 ubi
1029 961 1085 1008 tarn
1098 948 1226 1029 preclare
1239 949 1274 1009 de
1289 952 1457 1012 sacerdotnm
1476 953 1626 1034 dignitate,
1646 955 1715 1013 effi·-

960 1039 1013 1115 cio,
1033 1041 1192 1101 muneribus
1210 1041 1334 1103 edisserit
1357 1044 1586 1128 chrysostomus,
1607 1046 1708 1107 utrix

962 1155 1055 1217 parem
1068 1133 1119 1193 bac
1131 1133 1167 1195 de
1179 1156 1208 1195 re
1220 1150 1369 1195 sermonem
1381 1135 1483 1197 alicubi
1497 1138 1624 1219 reperias.

1002 1225 1080 1286 circa
1093 1240 1210 1307 tempus,
1227 1248 1282 1306 quc
1299 1227 1349 1288 hos
1362 1248 1500 1290 'sermones
1512 1229 1598 1290 edidit
1614 1228 1705 1312 chry·

962 1333 1093 1378 sostcmua
1101 1363 1110 1394 ,
1125 1339 1178 1378 non
1192 1340 1246 1378 una
1258 1334 1299 1389 est
1313 1321 1475 1402 scriptorum
1488 1323 1630 1400 sententia,
1653 1338 1706 1382 ne-

962 1433 1014 1492 que
1026 1410 1155 1472 audiendi
1169 1425 1232 1489 sunt
1241 1414 1290 1492 qui
1304 1412 1400 1474 volunt
1412 1435 1444 1474 eo
1456 1414 1516 1496 ipso
1529 1415 1632 1496 dialogi
1645 1435 1708 1474 cum

962 1506 1063 1567 Basilio
1078 1506 1166 1566 habiti
1178 1519 1311 1587 tempore,
1333 1505 1414 1566 hosce
1425 1507 1510 1581 libros
1524 1520 1555 1566 ut
1572 1502 1708 1567 nuno‘ha·

959 1599 1070 1677 bentur,
1086 1599 1225 1681 scripsisse
1236 1601 1377 1660 loannem.
1393 1600 1465 1658 Nam
1476 1599 1519 1660 rel
1530 1599 1589 1680 ipsa
1601 1590 1709 1660 ordien-

959 1692 988 1752 di
1011 1693 1081 1753 ratio
1094 1691 1208 1773 aliquod
1222 1693 1463 1773 elapsumtempus
1481 1690 1656 1766 subindicat,
1682 1701 1710 1749 et

960 1784 1040 1846 series
1060 1798 1115 1845 tota
1128 1807 1186 1846 rem
1207 1785 1365 1849 meditatam
1380 1798 1406 1844 et
1429 1784 1457 1845 iu
1479 1785 1535 1845 otio
1548 1783 1708 1845 adornatam

959 1879 1127 1959 praescfert.
1143 1880 1189 1937 Ait
1201 1880 1324 1940 Socrates
1337 1881 1494 1952 loannem,
1488 1898 1563 1937 cunr
1576 1877 1709 1938 diaconus
1732 1926 1788 1972 coer
1790 1927 1825 1973 U,
1836 1927 1854 1975 6

960 1983 1027 2030 esset
1029 1991 1149 2053 ,nempe
1165 1972 1200 2031 ah
1213 1991 1284 2031 anno
1300 1970 1357 2034 381
1380 1969 1416 2030 ad
1434 1991 1535 2030 annum
1549 1971 1640 2050 386,
1632 1991 1739 2050 quoe.
1752 1985 1776 2034 t.
1855 1959 1861 1974 ⁸

961 2062 1103 2144 presbyter
1114 2061 1328 2139 ordinatussuit,
1340 2062 1425 2123 libros
1435 2062 1471 2123 de
1481 2063 1639 2125 Sacerdotic
1651 2064 1710 2124 edi·

961 2153 1044 2215 disse.
1061 2154 1201 2215 Palladius
1212 2175 1280 2216 vero
1292 2154 1469 2217 secundum
1459 2157 1708 2238 interpretationem

960 2245 1086 2315 Latinam
1107 2247 1244 2306 Ambrosii
1268 2246 1505 2322 camaldulensis,
1525 2250 1658 2310 loannem
1678 2251 1706 2310 in

960 2338 1108 2399 solitudine
1119 2339 1169 2399 hos
1179 2340 1264 2400 libros
1274 2338 1396 2399 emisisse
1404 2338 1488 2413 dixit,
1501 2359 1599 2421 nempe
1611 2340 1647 2401 ab
1659 2361 1706 2400 an·

961 2452 997 2492 nc
1008 2431 1118 2491 circiter
1128 2434 1186 2496 575
1199 2431 1234 2492 ad
1245 2452 1346 2491 annum
1359 2431 1429 2509 581,
1444 2453 1499 2511 quo
1514 2452 1549 2491 ex
1562 2432 1708 2492 solitudine

961 2523 988 2584 iu
1002 2525 1097 2584 urbem
1112 2524 1201 2586 rediit.
1214 2523 1391 2609 Palladium
1382 2537 1570 2585 incunctanter
1580 2524 1712 2605 soqniw,
1747 2573 1816 2627 ι
1773 2569 1826 2616 c„

961 2637 1044 2694 mur,
1060 2617 1123 2677 siin
1140 2616 1249 2677 Graeco
1252 2603 1328 2676 textu
1336 2660 1345 2688 ,
1369 2636 1451 2695 quern
1464 2605 1550 2677 edidit
1566 2614 1706 2677 Emericus
1717 2626 1798 2691 Georg.

960 2709 1108 2790 Bigctius,
1117 2711 1211 2770 eadem
1224 2710 1396 2791 legerentur,
1420 2707 1467 2768 sed
1482 2708 1593 2770 cumibi
1608 2730 1704 2792 neqpc
1686 2693 1817 2815 'df'gl’'

927 2802 1079 2891 quidem
1094 2795 1146 2861 hae
1159 2801 1202 2862 de
1215 2823 1244 2861 re
1257 2813 1430 2882 compareat,
1453 2801 1583 2861 acalculc
1596 2801 1705 2862 ferendo
1773 2765 1781 2815 l
1826 2849 1831 2865 .

959 2894 1177 2978 supersedemus.

999 2992 1076 3050 Anno
1086 2991 1156 3065 5'll,
1167 3010 1230 3048 cum
1240 2987 1488 3051 adhucAntiocbiae
1498 3003 1616 3050 maneret
1627 2975 1707 3061 loan-

959 3102 1024 3154 nes,
1049 3082 1078 3140 in
1101 3035 1253 3165 periculum
1267 3079 1377 3158 incidit,
1398 3080 1479 3160 quale
1492 3095 1583 3140 narrat
1604 3081 1704 3163 ipsein

958 3174 1178 3234 Commentario
1170 3194 1197 3233 tn
1211 3177 1278 3234 Acta
1291 3173 1489 3254 Apostolorum.
1503 3174 1573 3232 cum
1585 3175 1636 3233 sub
1648 3178 1704 3237 Va·

957 3262 1030 3327 lente
1055 3269 1222 3348 Imperatore
1242 3266 1404 3348 perquisitio
1429 3287 1526 3347 magua
1553 3266 1704 3328 Antiochiae

958 3360 1028 3419 laeta
1044 3373 1084 3420 est
1100 3360 1235 3419 librorum
1249 3360 1417 3438 magicorum
1438 3373 1464 3419 et
1482 3359 1703 3440 praestigiarum,

958 3450 1115 3530 militesque
1123 3452 1226 3510 circum
1241 3450 1336 3510 urbem
1349 3449 1433 3531 positi
1447 3464 1521 3535 sunt,
1536 3451 1642 3530 nequis
1654 3453 1704 3513 cri·

957 3544 1025 3604 mini
1036 3541 1193 3625 hujusmodi
1204 3542 1350 3617 obnoxius,
1366 3542 1437 3602 elabi
1451 3556 1554 3622 posset,
1571 3556 1628 3602 tum
1642 3545 1704 3624 qui·

957 3635 1022 3697 darn
1035 3636 1083 3715 qui
1096 3635 1199 3695 librum
1210 3633 1370 3715 hujusmodi
1387 3631 1485 3693 iecerat
1498 3647 1523 3693 et
1535 3635 1681 3716 scripserat
1693 3682 1701 3712 ,

958 3749 991 3789 ne
1013 3727 1271 3810 deprehenderetur,
1297 3724 1399 3786 librum
1415 3726 1443 3785 in
1459 3726 1560 3787 llumen
1577 3728 1700 3809 projecit.

958 3820 1011 3883 Sed
1021 3841 1084 3880 curn
1094 3818 1170 3879 haud
1187 3817 1281 3878 dubiis
1291 3815 1399 3879 indiciis
1410 3833 1508 3904 ¹uotuur
1521 3833 1589 3880 esset
1601 3819 1704 3881 librum

958 3913 1051 3981 abillo
1063 3915 1254 3973 concinnatum
1263 3910 1363 3986 inisse,
1374 3931 1390 3970 a
1402 3910 1537 3971 militibus
1550 3926 1643 3993 captus
1655 3928 1704 3988 est,

958 4007 1006 4089 qui
1015 4020 1047 4068 ut
1057 4007 1161 4067 librum
1168 4004 1245 4065 daret
1254 4003 1424 4086 expetebant.
1436 4004 1486 4064 llle
1499 4026 1563 4065 vero
1572 4007 1629 4087 jam
1637 3999 1705 4090 dare

960 4094 1014 4160 non
1027 4111 1149 4181 poterat,
1163 4097 1227 4171 scd,
1242 4111 1273 4156 ut
1283 4096 1404 4174 videtur,
1419 4117 1447 4157 se
1462 4097 1553 4159 secisse
1567 4100 1702 4179 negabat,

960 4212 1056 4254 rerum
1079 4190 1166 4251 auctis
1186 4189 1296 4251 indiciis
1317 4203 1344 4251 et
1368 4190 1591 4272 probationibus,
1612 4215 1705 4275 poenas

959 4285 1043 4346 dedit.
1056 4283 1131 4346 Dum
1140 4285 1276 4365 conjectus
1287 4283 1315 4343 in
1326 4283 1427 4343 llumen
1438 4283 1526 4343 liber'
1518 4300 1703 4391 ruccmpactus

960 4392 1155 4462 supernataret,
1169 4376 1267 4481 apcidit
1280 4390 1310 4435 ut
1323 4378 1437 4437 Joannes
1451 4390 1540 4436 noster
1555 4398 1618 4437 cum
1631 4379 1705 4439 socio

1717 3039 1781 3085 Auno
1801 3038 1858 3104 374.

1715 3221 1796 3282 T..9p
1801 3221 1855 3282 ²9³·

960 4472 995 4533 ad
1015 4472 1177 4553 martyrium
1190 4491 1237 4530 seu
1251 4467 1388 4529 ecclesiam
1403 4471 1559 4574 Martyrum
1571 4491 1702 4550 pergens,

957 4568 1040 4649 juxta
1052 4563 1177 4625 ιιιιιιοιι
1169 4576 1220 4623 rter
1232 4563 1339 4621 faceret.
1359 4558 1455 4620 Sosius
1468 4579 1534 4621 vero
1548 4560 1652 4643 ipsius,
1673 4577 1705 4622 ιιι

960 4658 995 4721 ad
1018 4679 1095 4719 oram
1114 4667 1330 4739 supernatantem
1353 4652 1457 4712 librurn
1475 4652 1566 4730 vidit,
1590 4653 1723 4748 linteum·

961 4773 1019 4813 esse
1030 4751 1155 4835 putarit,
1167 4769 1199 4809 nc
1211 4746 1375 4807 descendens
1387 4746 1499 4828 accepit.
1512 4749 1628 4809 loannes
1639 4770 1704 4810 vero
1767 4832 1770 4837 ι

961 4860 1105 4926 antequam
1119 4841 1185 4923 quid
1198 4839 1228 4901 id
1241 4853 1309 4900 esset
1320 4838 1443 4917 sciretur,
1459 4854 1570 4922 repertae
1583 4842 1622 4902 rei
1638 4864 1704 4923 par.

961 4953 1016 4999 tem
1026 4937 1062 4999 ad
1074 4959 1101 4998 se
1112 4936 1243 5044 pertinere
1253 4931 1367 4994 ridendo
1379 4932 1562 4995 contendebat.
1576 4937 1649 4996 Tum
1662 4958 1704 4997 re·

961 5032 1052 5093 voluta
1065 5030 1164 5115 pagina
1174 5025 1378 5108 socinsmagica
1389 5027 1490 5108 scripta
1502 5027 1612 5087 iurauit.
1628 5029 1704 5088 Aeci-

961 5124 1003 5185 dit
1016 5137 1105 5185 nutem
1115 5135 1146 5182 ut
1159 5121 1254 5184 eodem
1265 5133 1385 5212 tempore
1398 5120 1474 5179 miles
1484 5119 1618 5179 transiret.
1634 5121 1703 5181 llice

961 5232 1047 5280 terror
1057 5231 1202 5297 utrumque
1213 5214 1326 5293 iurasit;
1319 5197 1433 5273 ·lilirum
1444 5211 1704 5292 abjicerenonaude«

960 5315 1036 5390 bant,
1044 5331 1077 5372 uc
1088 5309 1437 5390 riderenturejusauctcrcs
1446 5324 1509 5364 esse.
1525 5294 1648 5376 'candem
1659 5329 1702 5368 rc·

960 5428 993 5468 ro
1004 5405 1148 5488 projecere,
1160 5418 1185 5464 et
1194 5401 1270 5463 Dec
1261 5413 1372 5483 Juvantc
1382 5420 1395 5458 a
1407 5392 1529 5495 periculo
1540 5400 1622 5482 erepti
1634 5415 1706 5462 sunt.
1760 5476 1792 5513 ,
1789 5412 1863 5521 lp?
