3714 5970
574 390 619 442 ΒΕ
645 392 884 445 sctttttottttus
910 397 1035 459 nnnutt.
1049 395 1297 446 cttntsosrotss·
1629 402 1715 451 xxttt

147 536 214 591 μοι
227 510 279 573 llis
295 510 386 575 literis
399 514 532 596 acceptis,
546 515 695 591 Arcadius,
710 531 740 576 ut
752 531 792 578 est
807 517 883 599 apud
894 518 1062 598 Georgium,
1076 539 1137 598 cap.
1153 519 1214 594 69,
1231 530 1293 597 post
1305 535 1397 598 peenas
1412 515 1447 576 de
1464 518 1591 579 omuibus
1604 519 1720 584 inimicis

150 609 259 669 loannis
274 624 399 688 sumtus,
412 607 572 671 Eudoxiam
584 632 699 671 uxorcm
709 612 779 672 intra
791 613 950 676 cubiculum
961 634 1024 673 cum
1037 611 1205 693 pedissequis
1218 612 1340 672 clausam
1353 611 1457 685 tenuit,
1475 613 1562 693 virgis
1577 614 1659 676 etiam
1669 638 1720 677 οε·

151 723 214 772 mm,
226 716 259 761 ut
274 707 439 784 Anonymus
453 703 505 778 ait,
517 703 589 765 male
603 703 750 781 multavit,
768 705 877 780 Acacio,
891 704 1254 785 Severiano,et.Tlreophili
1265 708 1394 785 ἀνεψιοῖς,
1406 705 1509 767 mirum
1524 708 1552 767 ui
1565 709 1599 769 Β.
1614 710 1719 791 Cyrillo

151 797 213 855 inter
226 809 355 872 caeteros,
367 795 478 868 vinctis,
494 797 663 876 Romamque
675 796 712 872 ad
725 798 913 857 Innocentium
929 798 1029 868 missis,
1045 797 1141 857 scribit
1156 795 1191 856 ad
1201 797 1390 858 Innocentium
1399 797 1476 859 illam
1489 800 1631 882 epistolam
1640 805 1718 884 cujus

151 890 265 961 initium,
283 890 386 957 πάντες
397 891 533 971 ἄνθρωποι
550 891 648 975 ἴσασιν,
666 891 822 953 humillime
835 906 937 973 petens,
955 905 984 952 ut
998 892 1050 951 sibi
1064 906 1090 952 et
1108 889 1241 953 Eudoxias
1258 891 1337 953 venia
1350 892 1530 975 impertiatur,
1542 896 1676 976 amboque
1689 899 1717 957 in

155 983 366 1042 communionem
383 983 557 1062 recipiantur.
570 983 685 1065 Scripsit
699 984 780 1044 etiam
793 984 921 1045 Eudoxin
934 985 968 1044 ad
984 984 1188 1056 Innocentium,
1201 995 1227 1042 et
1239 981 1372 1047 Arcadius
1382 982 1418 1044 ad
1430 984 1581 1047 Honorium
1593 988 1714 1053 fratrem.

155 1077 332 1151 Innocentius,
345 1076 464 1156 acceptis
473 1075 558 1135 literis
571 1075 682 1136 Arcadii
695 1090 722 1135 et
735 1076 883 1151 Eudoxiae,
895 1076 989 1137 scribit
1003 1076 1110 1152 Proclo,
1124 1075 1258 1158 Cyzioeuo
1269 1076 1405 1158 episcopo,
1417 1090 1448 1135 ut
1458 1077 1717 1160 Constantinopolim

156 1168 254 1241 teniat,
274 1182 304 1227 et
328 1170 510 1249 imperatores
523 1168 552 1227 iu
565 1170 782 1229 communionem
797 1169 925 1251 recipiat,
941 1168 1112 1250 Armdioque
1123 1168 1247 1229 rescribit
1261 1167 1375 1249 epistola
1387 1166 1451 1246 illa,
1466 1171 1628 1250 ἀνεδεξάμην
1642 1176 1717 1251 ὑμῶν

156 1262 194 1334 rip
207 1262 278 1322 ml
289 1262 363 1323 Θοὸν
376 1260 502 1334 σπονδήν,
515 1273 542 1319 et
551 1262 647 1322 Proclo
657 1262 738 1322 etiam
750 1262 888 1343 pracepit,
902 1275 933 1321 ut
943 1282 1036 1321 curam
1045 1261 1175 1343 suscipiat
1183 1259 1311 1331 Ecclesia
1320 1262 1629 1344 constantinopolitane,
1639 1267 1717 1351 ἄχρις

157 1356 323 1436 ἂνάνακριθῇ
338 1353 371 1413 τὸ
384 1353 454 1413 κατὰ
467 1352 584 1413 Ἀττικὸν
597 1364 720 1437 πρᾶγμα.
736 1379 754 1410 ο

185 1477 201 1508 ι
209 1447 476 1523 fnnfidmterdico,
490 1463 578 1509 totum
590 1448 642 1510 hoc
651 1450 789 1529 negotium
800 1472 897 1531 parurn
908 1462 981 1510 recte
991 1448 1158 1530 temporibus
1168 1449 1302 1522 divisum,
1313 1463 1393 1529 atque
1402 1449 1468 1513 adeo
1481 1452 1560 1532 plane
1570 1452 1716 1517 ἀσύστατον

155 1568 211 1611 esse.
224 1548 250 1607 N
252 1568 299 1606 am
313 1545 446 1626 primum,
457 1544 481 1603 si
491 1558 596 1605 mortua
607 1558 647 1605 est
655 1544 782 1607 Eudoxia
792 1545 909 1605 triennio
920 1559 983 1606 ante
996 1558 1109 1606 mortem
1120 1545 1241 1620 loannis,
1254 1544 1328 1624 qnod
1339 1567 1430 1606 omues
1443 1560 1546 1611 veteres
1556 1562 1618 1608 ante
1630 1550 1719 1611 Geor·

155 1642 220 1721 gimn
231 1639 359 1701 historici
375 1659 431 1697 uno
444 1658 574 1699 consensu
589 1638 743 1717 affirmaut3
761 1642 896 1700 nemiuem
907 1641 965 1700 fore
975 1653 1041 1720 puto
1057 1652 1112 1698 tam
1124 1640 1259 1720 perfricta
1271 1639 1385 1712 frontis,
1402 1640 1448 1718 qui
1465 1639 1536 1700 ausit
1545 1661 1716 1724 negaresup-

154 1735 279 1816 posititias
287 1753 348 1792 esse
357 1750 451 1791 omues
462 1728 512 1790 has
522 1730 659 1811 epistolas.
670 1734 776 1794 Verum
784 1732 914 1792 utdemus
923 1730 1053 1792 idverum
1060 1731 1248 1810 essc,quodcx
1256 1732 1449 1793 recentioribus
1459 1732 1583 1793 nonnulli
1590 1734 1719 1809 afferunt,

154 1845 312 1889 usamenses
323 1825 497 1909 superstitem
505 1825 588 1885 fuisse
597 1827 707 1897 Joauni,
724 1847 757 1887 ne
767 1826 806 1887 sic
814 1827 925 1906 quidem
933 1839 1085 1907 temporum
1095 1826 1163 1886 ratio
1174 1825 1319 1887 constabit.
1336 1824 1418 1886 Addo
1427 1826 1507 1885 etiarn
1522 1826 1635 1887 Arcadii
1643 1847 1717 1887 mor·

154 1937 208 1996 tem,
219 1944 291 2001 quae,
308 1935 340 1981 ut
349 1942 387 1981 ex
396 1921 472 1982 fastis
486 1919 603 2001 publicis
612 1934 726 2001 apparet
735 1934 762 1979 et
770 1919 923 2003 testimonio
932 1918 1051 1980 Socratis
1063 1919 1115 1978 lib.
1133 1921 1163 1991 l,
1178 1939 1202 1979 c.
1218 1921 1248 1995 l,
1260 1917 1373 1997 contigit
1385 1918 1473 1998 primo
1484 1919 1553 1979 ntaii
1564 1921 1639 1981 Coss.
1649 1920 1717 1980 Phi·
1799 1978 1802 1983 .

153 2015 219 2097 lippo
227 2030 255 2075 et
265 2016 366 2091 Basso,
378 2036 449 2074 anno
462 2014 534 2087 d08,
545 2014 597 2073 hoc
614 2027 662 2087 est,
674 2013 794 2093 quinque
804 2012 952 2085 mensibus,
968 2012 1013 2072 vel
1024 2026 1054 2071 ut
1063 2011 1111 2070 alii
1124 2025 1236 2091 septem,
1251 2024 1277 2069 et
1290 2010 1405 2071 sedecim
1415 2010 1511 2072 diebus
1523 2027 1583 2094 post
1604 2028 1716 2079 mortem

154 2111 267 2187 loannis,
280 2110 392 2169 nullum
400 2109 475 2169 hisce
483 2107 592 2190 ineptiis
601 2107 691 2167 locum
703 2108 864 2187 relinquere.
873 2106 949 2180 Quid
956 2106 1018 2166 ita?
1031 2107 1124 2165 Primo
1133 2105 1241 2165 duobus
1250 2105 1307 2178 illis
1317 2105 1490 2189 preshyteris,
1503 2121 1529 2167 et
1544 2108 1590 2168 uui
1602 2109 1716 2170 diacono

154 2228 194 2287 per
203 2220 312 2288 tempus
322 2203 435 2284 aliquod
444 2203 606 2264 manendum
615 2203 668 2263 fuit
676 2201 888 2280 Comanis,dum
897 2204 970 2284 justa
981 2217 1056 2263 tanto
1062 2203 1133 2284 patri
1143 2204 1322 2277 solverentur,
1333 2201 1401 2261 dum
1413 2202 1530 2265 solennis
1539 2205 1586 2265 ille
1593 2207 1716 2267 omnium

154 2300 272 2360 ordinum
288 2300 420 2360 fortuitus
435 2311 584 2359 conventos
597 2297 788 2369 dimitteretur,
802 2298 871 2357 dum
883 2297 1030 2383 necessaria
1041 2310 1115 2356 tauto
1128 2296 1217 2356 itineri
1230 2308 1395 2377 pararentur.
1406 2298 1482 2376 Nego
1492 2297 1583 2376 itaque
1597 2299 1716 2380 potuisse

153 2392 462 2474 sosCoustantiuopolim
472 2393 564 2453 venire
571 2407 633 2453 ante
641 2407 755 2453 monem
763 2392 908 2454 Eudoxias.
920 2393 991 2453 Nam
1001 2393 1160 2474 eoprimum
1169 2391 1281 2472 profecti
1289 2404 1364 2465 sunt,
1374 2392 1419 2453 nt
1426 2392 1485 2460 νέας
1492 2391 1603 2473 Ῥώμης
1613 2396 1657 2457 lrrl
1665 2394 1715 2470 τὴν

151 2489 262 2549 κολοιόν
274 2532 285 2561 ,
300 2488 393 2567 inquit
409 2490 569 2568 Anonymus
581 2500 607 2546 et
616 2485 795 2568 Nicephorus,
806 2500 833 2546 et
842 2488 911 2546 situs
919 2486 1061 2565 regionum
1073 2486 1178 2546 suadet.
1189 2486 1259 2546 Nam
1269 2485 1376 2544 Curuso
1390 2486 1651 2568 Constantinopolim
1664 2489 1716 2549 iter

150 2595 185 2640 est
194 2580 332 2641 rodierum
342 2580 575 2663 (chrysostomus
588 2579 708 2660 epistolis
718 2579 753 2639 ad
766 2579 918 2640 Simeonem
929 2591 955 2638 et
966 2578 1106 2639 Brisouem
1117 2584 1140 2655 ),
1151 2599 1239 2657 neque
1247 2576 1303 2637 dici
1315 2578 1413 2657 poterit
1426 2580 1538 2660 propius
1551 2580 1642 2663 abesse
1655 2582 1715 2643 Cu·

148 2696 207 2735 msc
217 2677 424 2748 Comana,cum
437 2674 503 2735 satis
515 2686 617 2734 constet
628 2676 760 2736 loannem
772 2694 877 2754 semper
889 2673 926 2732 ad
938 2672 1065 2733 ulteriora
1078 2671 1251 2753 deportatum
1265 2672 1348 2731 fuisse
1360 2671 1466 2732 exsilia.
1480 2676 1542 2735 lam
1558 2676 1714 2737 Constanti-

151 2770 233 2851 nopoli
245 2767 480 2851 proficiscendum
501 2767 554 2828 fuit
566 2769 698 2844 liomam;
714 2767 881 2847 querimonia
899 2766 974 2848 apud
985 2768 1140 2849 pontificem
1155 2764 1331 2848 deponendam
1345 2766 1543 2829 conveniendus
1556 2770 1712 2832 Innocentio

149 2862 294 2935 Honorius,
304 2862 355 2941 qui
368 2864 456 2921 Roma
466 2863 520 2922 lere
532 2861 638 2937 aberat;
651 2859 793 2920 exaranda
803 2873 829 2920 et
839 2860 976 2920 mittenda
988 2859 1246 2940 Constantinopolim
1258 2858 1329 2917 bium
1349 2857 1403 2917 illae
1417 2857 1514 2931 litere,
1529 2860 1603 2941 φωνὴ
1626 2862 1713 2941 αἵμο-

150 2980 195 3031 οος,
204 2972 232 3016 et
242 2946 381 3030 0610le
393 2969 433 3016 tot
441 2956 523 3036 ,prius
535 2955 766 3036 Constantinopoli
779 2953 946 3015 conficienda
955 2955 1083 3029 Arcadio,
1091 2952 1228 3014 mittendae
1238 2951 1347 3012 Arcadii
1360 2951 1455 3025 literar,
1466 2954 1562 3023 πάντες
1571 2955 1714 3037 ἄνθρωποι,

149 3051 319 3113 etEudoxiae
329 3054 458 3126 Romam,
474 3051 558 3110 litere
570 3071 645 3110 uovae
657 3051 749 3109 Romae
762 3050 905 3110 exaraudae
920 3050 1026 3125 Proclo,
1040 3063 1066 3109 et
1079 3049 1216 3110 mittenda
1230 3049 1375 3129 Cynicum3
1386 3047 1449 3108 aliar
1460 3049 1571 3130 insuper
1582 3053 1712 3127 Arcadio,

150 3147 306 3224 ἀνεδεξάμην
322 3159 374 3205 etc.
386 3171 395 3219 3
407 3144 534 3206 Proclum
550 3142 668 3223 denique
690 3144 794 3204 venisse
809 3145 909 3227 Cyzico
925 3145 1061 3227 oportuit,
1080 3157 1108 3204 et
1117 3144 1294 3225 Imperatores
1314 3141 1348 3201 ad
1365 3143 1580 3204 communionem
1597 3147 1715 3228 recipere

150 3240 216 3301 viros
228 3255 257 3301 et
270 3240 397 3300 valentes
409 3263 416 3296 z
426 3240 526 3318 quihus
539 3240 652 3320 negotiis
664 3238 838 3321 expediendis
851 3261 905 3300 nou
919 3241 1039 3319 quinque
1051 3253 1100 3299 aut
1120 3252 1223 3320 septem
1243 3257 1362 3313 menses,
1385 3235 1486 3296 nedum
1506 3251 1576 3313 tres,
1596 3239 1645 3300 sed
1664 3240 1715 3302 vix

150 3334 278 3416 integrum
297 3333 414 3414 quido·
427 3336 563 3396 sufficeret
571 3335 725 3395 biennium.
740 3339 826 3414 Atque
843 3349 872 3395 ut
885 3334 1068 3414 intelligamus
1073 3378 1083 3406 ,
1099 3353 1184 3412 quam
1198 3331 1275 3392 tarda
1288 3332 1342 3391 siut
1353 3330 1508 3391 Occidentis
1520 3333 1643 3411 auxilia,
1655 3335 1715 3415 pri·

151 3430 404 3513 mepostexsilium
412 3429 664 3512 posteriusloanuis
673 3429 757 3490 litera
764 3429 889 3501 Honori,
898 3429 987 3513 τρίτον
996 3429 1058 3502 ἤδη,
1068 3427 1144 3510 apud
1152 3418 1342 3488 Palladiumet
1352 3426 1512 3505 Georgium,
1521 3448 1574 3487 nou
1585 3442 1648 3493 suut
1654 3450 1714 3510 per·

149 3523 199 3586 late
205 3524 490 3606 Constantinopolim,
504 3523 555 3584 uisi
564 3537 623 3605 post
630 3524 790 3601 biennium,
803 3524 826 3584 si
840 3524 951 3603 quidem
962 3524 1082 3599 Atticus,
1092 3536 1123 3582 ut
1131 3537 1170 3582 est
1181 3520 1255 3603 apud
1264 3518 1433 3592 Palladium,
1446 3535 1509 3581 tuuc
1519 3521 1714 3604 fueritepisco·

151 3641 209 3701 pus,
222 3642 290 3682 cum
302 3618 389 3700 legati
401 3618 567 3701 appellerent
580 3612 696 3701 flthyra.
710 3621 800 3680 Immo
820 3618 863 3679 illi
876 3619 931 3700 ipsi
952 3617 1088 3701 episcopi,
1104 3617 1274 3678 Gaudentius
1288 3630 1315 3675 et
1328 3614 1475 3692 AEmilius,
1495 3616 1624 3677 Romanae
1640 3617 1714 3680 sedis

150 3714 348 3800 τοκοοηρητοί,
371 3713 478 3775 nonnisi
501 3737 550 3775 sex
568 3715 707 3776 mensibus
730 3714 800 3775 illud
814 3714 865 3775 iter
884 3706 967 3775 semel
982 3715 1170 3789 confecerunt,
1185 3726 1252 3773 teste
1266 3714 1370 3785 Leone,
1384 3711 1426 3770 vel
1443 3724 1473 3770 ut
1491 3710 1555 3785 alii,
1576 3727 1711 3792 quatuor:

149 3810 215 3890 qood
226 3811 276 3871 hic
290 3809 439 3870 minimum
459 3808 617 3871 bisfactum
629 3810 770 3891 oportuit,
782 3823 884 3892 prater
898 3823 1005 3891 tempus
1017 3805 1104 3885 illud,
1119 3807 1194 3888 quod
1207 3806 1297 3867 itineri
1310 3804 1437 3867 Comanis
1451 3807 1712 3890 Constantinopolim

148 3919 171 3963 et
182 3906 283 3987 Cyzico
295 3902 559 3986 Constantinopolim
573 3904 748 3965 tribuendum
759 3917 809 3964 est.
820 3905 892 3965 Nam
903 3903 977 3984 quod
991 3904 1029 3965 ait
1037 3909 1209 3986 hnougmus,
1222 3902 1321 3984 δεκάτῃ
1334 3900 1423 3982 ἡμέρᾳ
1437 3901 1503 3984 πρὸς
1513 3899 1562 3974 τὴν
1574 3905 1714 3965 Koron-rao·

148 3998 295 4060 σινώπολιν
308 3998 555 4081 προσωρμίσθησαν
569 4004 671 4080 (puta,
683 4000 810 4059 Romana
821 3998 894 4059 sedis
904 3998 1103 4080 τοποτηρηταί,
1120 3996 1305 4069 Gaudentius,
1318 3994 1447 4055 AEmilius
1460 4009 1510 4057 etc.
1523 3999 1533 4074 )
1546 4039 1554 4070 ,
1565 4009 1632 4076 puto
1643 4018 1719 4058 erra-

147 4104 271 4154 tumente
285 4091 316 4150 iu
332 4112 465 4167 numero,
480 4112 566 4172 neque
579 4092 636 4153 ullo
652 4090 733 4152 modo
746 4090 961 4167 admittendum,
976 4092 1067 4172 utqui
1081 4104 1198 4171 quatuor
1217 4109 1320 4149 menses
1339 4090 1367 4149 in
1384 4087 1474 4149 reditu
1495 4092 1711 4164 constrmseriut,

145 4188 209 4249 intra
222 4188 323 4249 &cem
336 4186 398 4247 dies
409 4208 442 4247 eo
455 4186 618 4268 appulerint.
631 4180 736 4261 Quare,
751 4200 782 4247 ut
794 4186 864 4247 nihil
875 4187 952 4248 aliud
966 4188 1019 4264 sit,
1035 4188 1093 4269 ipsa
1107 4201 1195 4247 tamen
1211 4199 1364 4265 temporum
1384 4185 1454 4244 ratio
1467 4184 1521 4245 hoc
1540 4187 1711 4253 mendacium

145 4295 229 4362 aperte
242 4279 358 4342 refellit.
374 4278 436 4338 Huc
446 4279 568 4356 accedit,
581 4279 658 4359 quod
676 4301 729 4340 nou
743 4280 811 4340 alios
824 4279 941 4341 habeant
958 4295 1101 4341 assertores
1115 4278 1233 4362 epistola
1246 4278 1301 4337 illae
1309 4322 1319 4354 ,
1335 4296 1419 4356 quam
1430 4270 1609 4352 recentiores,
1625 4299 1712 4359 neque

143 4395 182 4437 eos
194 4396 313 4435 omues:
329 4393 395 4432 nam
408 4369 482 4454 apud
495 4372 641 4451 Photium,
657 4376 794 4451 Leonem,
809 4373 961 4449 Zonaram,
980 4373 1182 4455 Metaphrasten
1203 4370 1288 4431 altum
1302 4368 1337 4429 de
1349 4368 1385 4429 iis
1398 4369 1552 4448 silentium,
1568 4391 1655 4451 neque
1667 4392 1712 4434 eo·

143 4470 198 4531 dem
212 4470 293 4551 apud
304 4488 353 4528 eos
364 4464 464 4537 modo,
480 4464 569 4526 sedin
583 4486 681 4546 magua
695 4467 823 4527 varietate
834 4481 861 4526 et
874 4466 1063 4527 inconstantia.
1077 4467 1148 4527 Nam
1160 4465 1214 4524 alio
1225 4462 1307 4523 modu
1318 4462 1418 4523 habeut
1430 4462 1583 4543 Georgius,
1594 4465 1713 4547 Glyoas,

143 4579 165 4624 et
176 4562 370 4646 Nicephorum
385 4560 438 4621 alio
454 4565 613 4643 Anonymus
628 4576 655 4621 et
675 4564 725 4623 Jus
739 4564 1029 4634 Graeco-Romanum,
1047 4576 1078 4623 ut
1098 4582 1133 4620 ex
1151 4558 1351 4641 comparatione
1369 4557 1541 4618 manifestum
1558 4558 1620 4620 erit.
1643 4563 1712 4621 Nam

144 4658 211 4742 apud
232 4672 355 4729 setam,
370 4656 474 4736 quihus
493 4676 536 4717 res
557 4677 614 4716 esse
632 4654 729 4718 debuit
751 4657 906 4735 notissima,
928 4656 1102 4734 Palladium,
1118 4656 1165 4735 qui
1180 4657 1272 4714 Romae
1293 4653 1343 4714 diu
1365 4654 1458 4727 vixit(
1473 4653 1539 4733 uhi,
1559 4653 1603 4715 vel
1623 4677 1640 4714 a
1662 4678 1713 4731 se,

146 4753 182 4812 rel
196 4773 213 4811 a
225 4748 375 4812 Theodoro
388 4750 517 4809 Romanas
530 4748 658 4810 Ecclesiae
666 4749 781 4811 diacono
788 4796 799 4830 ,
814 4751 872 4810 haec
886 4752 978 4814 omnia
991 4751 1120 4811 facillime
1140 4762 1244 4831 poterat
1262 4748 1440 4823 resciscere),
1452 4749 1647 4821 Soaomenum,
1665 4750 1713 4829 qui

146 4844 231 4904 literas
242 4864 338 4903 omnes
350 4840 499 4921 diligenter
513 4856 649 4902 scrutatus
661 4843 783 4920 videtur,
797 4859 961 4925 caeterosque
975 4845 1090 4906 fidenter
1111 4843 1174 4903 dico
1188 4843 1295 4902 nullum
1308 4862 1366 4900 esse
1380 4841 1492 4899 istarum
1507 4841 1648 4901 literarum
1661 4864 1712 4904 νο·

149 4939 268 5018 stigium,
282 4936 391 4996 nullam
411 4935 548 4995 umbram.
564 4939 657 5015 Neque
672 4953 784 4999 reserat
799 4961 883 5020 parva
899 4955 946 5000 aut
960 4936 1172 5015 contemnenda,
1187 4958 1249 5017 quae
1262 4935 1356 4996 debuit
1369 4935 1414 4994 vel
1429 4934 1519 5014 potuit
1532 4935 1638 5011 omitti,
1654 4937 1713 4997 lm-

150 5048 276 5112 peratores
289 5033 438 5094 Orientisa
450 5031 581 5091 Pontifioe
592 5034 713 5093 Romano
726 5037 991 5110 excommunicatos,
1005 5034 1155 5105 absolutos,
1166 5046 1217 5094 etc.
1229 5077 1238 5107 ,
1250 5053 1314 5092 cum
1327 5030 1367 5090 rei
1383 5029 1469 5089 multo
1483 5030 1595 5107 ¹minoris
1602 5074 1610 5105 ,
1624 5031 1714 5094 Theo·

152 5126 215 5187 dosii
235 5129 377 5210 presentis
390 5148 409 5186 a
430 5141 561 5208 prasente
576 5116 721 5190 Ambrosio
733 5130 845 5191 ecclesia
859 5153 907 5191 sua
921 5130 1053 5212 prohibiti
1066 5128 1152 5212 plenae
1164 5127 1219 5189 siut
1232 5147 1324 5188 omnes
1333 5124 1465 5187 historiar.
1480 5123 1715 5208 Amedit'iusuper

152 5219 181 5279 ad
193 5221 285 5282 harrrm
300 5221 487 5303 epistolarum
498 5220 580 5282 fidem
587 5222 762 5298 elevandam,
776 5223 848 5304 quod
863 5227 958 5287 Gracc
971 5215 1077 5285 tanturn
1090 5222 1197 5305 scripta
1209 5219 1353 5283 videantur
1359 5264 1370 5298 ,
1387 5232 1413 5281 et
1430 5232 1500 5279 certe
1511 5219 1648 5281 character
1659 5223 1716 5303 ipsc
