3714 5970
902 643 922 690 2

188 768 389 834 1⁰1n1ndioe
404 769 546 832 iocorum
566 763 735 846 Scripturas
748 780 846 829 sacrae
858 781 969 831 omnes
982 767 1067 831 locos
1078 766 1240 849 attigimus
1262 768 1353 848 quia
1375 770 1408 833 S.
1429 771 1571 839 Doctore
1595 775 1691 855 expli.

148 877 271 952 cantur,
286 874 336 939 vei
349 872 444 937 modo
455 872 639 952 allegantur.
656 870 705 934 lie
718 868 881 951 diligentia
890 867 1006 934 laboris
1022 868 1120 935 nostri
1136 869 1169 935 in
1182 869 1242 935 trac
1256 874 1342 951 parte
1355 870 1434 936 satis
1448 871 1573 952 patebit
1592 875 1693 940 eonsi-

147 977 266 1042 deranti
278 975 423 1040 iudicem
439 976 583 1039 nostrum
595 972 693 1038 veteri
701 973 812 1038 saitem
823 972 917 1055 dupio
932 971 1137 1055 copiosiorem
1156 989 1236 1038 esse.

188 1135 347 1197 tenerum
362 1131 499 1198 Iudicem
519 1131 562 1196 ita
577 1130 738 1196 texuimus
750 1132 786 1195 ut
802 1145 1012 1212 quecumque
1037 1129 1070 1193 in
1089 1129 1188 1196 veteri
1201 1132 1273 1212 apta
1295 1134 1401 1195 essent
1416 1147 1632 1211 servaremus,
1654 1135 1693 1199 dc

150 1254 232 1304 novo
244 1236 369 1314 additis,
381 1235 522 1313 mutatis,
538 1232 741 1303 eundumne
751 1233 876 1301 duobus
888 1231 1029 1307 nidum
1038 1235 1072 1299 et
1083 1233 1217 1316 emplius
1232 1235 1386 1299 iocorum.

186 1397 218 1455 δι
232 1395 271 1457 in
285 1392 398 1457 eodem
410 1390 514 1456 indice
525 1407 596 1456 eam
608 1391 712 1470 legem
720 1389 821 1454 secuti
834 1404 943 1454 sumus
955 1406 1052 1470 quam
1066 1407 1117 1455 res
1130 1390 1196 1472 ipsa
1216 1389 1409 1473 postulatum,
1429 1392 1495 1456 hoc
1515 1392 1614 1456 unice
1637 1410 1689 1457 cu·

147 1499 265 1572 rantes,
281 1500 316 1559 ut
336 1511 460 1560 summu
482 1491 634 1559 doctrine
655 1493 687 1558 S.
703 1493 834 1558 ioannis
852 1492 1068 1574 chrysostomi
1087 1493 1120 1559 in
1138 1510 1341 1578 quacumque
1353 1496 1689 1577 parteiectorumocu

146 1599 186 1689 iis
199 1599 338 1669 bmviter
347 1583 493 1680 exposita
503 1599 679 1685 appareret.
687 1596 772 1665 uina
779 1596 884 1679 notius
892 1596 1082 1677 attendimus
1090 1597 1235 1669 ιιιίιιιιιιι
1245 1600 1331 1681 insu
1340 1598 1580 1667 smtentiarum
1595 1602 1687 1683 ordini

147 1701 350 1781 insdtuendo,
361 1715 458 1785 quam
473 1703 630 1766 tomorum
647 1700 870 1782 paginarumve
889 1701 1031 1767 numeris
1042 1703 1187 1769 arserio
1196 1703 1383 1785 indicandis.

187 1857 222 1918 ti
234 1857 395 1923 Interdum
423 1857 569 1939 quedam
593 1859 769 1921 memoratu
788 1855 885 1938 digna
909 1873 950 1926 ex
967 1859 1082 1942 spuriis
1101 1860 1251 1942 operibus
1269 1861 1384 1926 selecta
1405 1862 1440 1925 in
1456 1878 1569 1927 rerum
1588 1863 1682 1928 indice

147 1964 389 2031 miserrimas:
401 1981 473 2047 que
484 1966 519 2030 ut
530 1962 653 2030 {acilius
665 1961 1049 2041 emmeramensem
1070 1962 1254 2027 charactere
1270 1962 1430 2044 dmcripta
1443 1967 1533 2029 sunt.

187 2122 222 2184 5⁰
233 2120 381 2186 Pluribus
390 2120 424 2185 in
437 2120 656 2186 tocisauctoris
665 2119 837 2185 doctrinam
845 2117 1084 2194 vindicavimus,
1103 2117 1428 2199 presertiminrebns
1439 2120 1482 2184 ad
1501 2120 1673 2185 catholicum

147 2222 262 2304 dogma
274 2222 489 2306 specuntibus
499 2242 578 2308 quas
591 2228 683 2292 vetus
695 2223 793 2288 index
810 2225 961 2288 tacuerat.
973 2221 1030 2286 Itis
1043 2221 1216 2288 delectetur
1227 2224 1326 2288 lector
1336 2223 1519 2305 theologus,
1533 2226 1582 2292 re
1592 2241 1667 2291 mne

150 2324 239 2391 nista.

186 2485 224 2546 6⁰
235 2481 351 2545 Modus
369 2497 434 2562 quo
447 2480 545 2545 nostri
555 2479 682 2545 Indices
694 2480 781 2544 iocos
794 2478 1008 2559 Chrysostomi
1021 2478 1180 2559 indicant,
1206 2481 1260 2546 hic
1277 2485 1335 2548 est.
1352 2483 1521 2549 Numerus
1535 2486 1589 2566 qui
1600 2500 1667 2551 mea·

148 2590 202 2651 tur
220 2590 384 2652 Romanus
408 2588 529 2651 tomum
550 2586 646 2666 hujus
657 2583 803 2649 editionis
830 2581 986 2663 significat
999 2607 1007 2648 ι
1021 2585 1166 2651 arabicus
1188 2587 1357 2670 pagiuamz
1382 2589 1478 2655 litera
1498 2607 1573 2657 vero
1584 2593 1664 2656 locam

148 2691 287 2773 paginae,
315 2690 369 2756 ubi
394 2708 444 2755 res
472 2691 611 2756 indicata
637 2688 833 2771 potissimum
855 2691 1017 2754 tractatur.
1044 2691 1127 2757 Num
1154 2697 1347 2759 curaverunt
1371 2694 1530 2776 editores,
1554 2701 1586 2760 ut
1602 2697 1662 2760 ictu

112 2802 113 2806 ’
149 2796 257 2863 ambre
276 2798 384 2863 textus
394 2797 558 2863 columnas
574 2793 698 2861 numeri
708 2793 895 2875 paginarum
907 2794 1169 2863 montaureus
1180 2796 1278 2865 litere
1290 2796 1392 2881 spatia
1404 2816 1519 2867 aarum
1531 2799 1659 2882 equatio

149 2899 326 2971 dividentes
341 2901 557 2969 imererentm
571 2926 581 2965 ι
595 2900 653 2966 sed
669 2898 820 2983 quoniam
833 2896 909 2963 hinc
921 2898 1058 2983 accidit,
1073 2903 1111 2969 ut
1128 2902 1225 2984 hujus
1239 2903 1386 2973 editioms
1399 2905 1584 2989 paginarum
1595 2922 1654 2970 sun

149 3006 273 3075 mitatee
284 3023 523 3090 nonnumquam
534 3005 633 3075 literis
645 3005 805 3083 vacarent,
820 3003 992 3073 tdeslooos
1005 3010 1233 3085 numeronude
1241 3011 1343 3095 posito
1354 3010 1542 3083 indicamus
1555 3014 1595 3081 us
1607 3011 1651 3094 qd

144 3114 254 3183 truste
267 3114 416 3183 lectorem
423 3114 613 3183 benevolum
621 3109 797 3179 admouisse
810 3107 951 3179 sufficiat·
964 3112 1054 3180 Vale.
