3714 5970
613 420 657 468 DE
684 421 764 470 vina
791 418 821 470 S.
849 419 992 470 totnnts
1018 424 1265 474 cnunsosnontt.
1701 424 1721 496 7

154 546 282 614 tentate
298 547 404 608 διδόναι
425 551 486 609 καθ’
505 553 600 627 ἡμῶν,
621 551 667 610 καί
681 549 746 633 πρὸς
759 551 921 635 κατηγορίαν
975 551 1135 616 criminibus
1148 579 1155 614 ε
1168 555 1242 634 quod
1256 555 1480 616 maximeuoutra
1493 567 1644 615 canoneset
1656 575 1721 617 ιυιιι
1837 548 1842 557 “

152 640 337 719 ίλειφομίνων.
352 640 408 699 Καί
424 645 511 701 ταῦτα
524 642 638 715 ποιήσας
653 688 662 718 ,
680 641 842 722 intepescenti
857 642 922 704 lxei-
974 655 1015 705 tra
1028 645 1099 727 leges
1112 669 1204 709 omnes
1217 663 1283 710 erat
1304 645 1358 709 Sed
1373 667 1421 708 nos
1434 646 1552 718 conscii,
1577 645 1651 726 quod
1663 667 1719 713 nou

150 735 181 792 tri
201 736 237 800 τίς
257 733 437 811 δικαστηριόν
456 739 542 811 ἡμᾶς,
559 734 663 796 οὐδέπω
681 735 728 804 τὰς
744 738 804 796 καθ’
827 735 920 796 ἑαυτὸν
974 735 1008 796 ad
1023 739 1141 818 judicem
1156 741 1263 802 venturi
1281 761 1388 800 eramus
1401 739 1532 818 (alioquin
1556 737 1655 819 millies
1667 739 1720 801 ed·
1746 770 1750 776 ·

148 824 344 902 ίτοᾶεσόμινος
365 824 467 894 αἰτίας·
485 827 500 888 θ
520 827 638 905 μάλιστα
655 825 702 888 ’καλ
718 828 793 909 παρὰ
808 828 919 898 κανόνας
973 830 1142 910 fuissemus),
1153 834 1202 896 sed
1214 833 1250 894 ud
1267 833 1407 894 inimicum
1421 845 1447 892 et
1460 832 1564 891 bostem
1576 854 1584 890 ι
1597 830 1628 892 id
1643 831 1718 911 quod

147 915 185 975 καί
197 916 273 997 παρὰ
286 917 395 986 πάντας
408 918 505 996 νόμους
525 912 568 994 ἤν.
580 920 650 980 Ἀλλ’
665 926 743 999 ἡμεῖς
756 921 917 994 συνειδότες,
972 923 1038 983 satis
1055 925 1192 986 declarant
1212 947 1272 1004 qum
1293 937 1319 984 et
1332 924 1409 1005 prius
1426 939 1452 982 et
1466 920 1638 1004 postmodum
1657 937 1717 984 acta

147 1007 181 1066 in
200 1012 231 1068 ol
250 1009 323 1089 πρὸς
337 1009 469 1082 δικαστὴν
483 1011 664 1092 ἀφικνούμεθα
679 1012 715 1088 (ἢ
727 1014 780 1094 γδιρ
794 1015 919 1094 μυριάκις
971 1029 1035 1075 sunt
1052 1039 1060 1074 s
1079 1017 1204 1079 misimus
1225 1017 1260 1078 nd
1283 1037 1345 1076 eum
1364 1015 1522 1096 episcopos,
1549 1015 1716 1074 Demetrium

147 1100 428 1182 ίνταριγινόμεθα),
449 1103 595 1184 ἀλλὰπρὸς
609 1107 701 1186 ἐχθρὸν
716 1107 761 1166 καί
776 1107 916 1184 πολέμιον,
971 1106 1128 1191 episcopum
1142 1109 1301 1184 Pisinuntis‚
1315 1107 1461 1188 Ettlysium
1476 1107 1632 1187 episcopum
1647 1111 1718 1188 Apa·

147 1193 261 1273 ιαθιίπερ
274 1194 311 1255 τὰ
323 1195 475 1276 ἔμπροσθεν
489 1197 536 1256 καί
544 1197 579 1258 el
594 1197 662 1277 μετδι
674 1205 759 1259 ταῦτα
775 1200 918 1273 ἐδήλωσεν,
971 1219 1047 1272 meae,
1066 1202 1267 1282 Luppieianum
1279 1199 1414 1280 Appiariae
1425 1223 1432 1256 ι
1444 1199 1615 1279 presbytems
1626 1213 1718 1260 autem

146 1285 352 1366 ίτεστιίλκαμεν
366 1287 433 1369 πρός
445 1289 525 1349 αὐτὸν
539 1289 711 1363 ίπιοκόπους,
723 1290 768 1351 τὸν
779 1292 918 1352 Πισινοδν·
971 1292 1138 1352 Germanum
1157 1307 1184 1353 et
1205 1295 1336 1354 Severum
1345 1336 1354 1366 ,
1375 1291 1543 1350 convenienti
1563 1291 1715 1357 nobismo-

145 1399 182 1444 τις
197 1377 379 1460 Δημήτριον,
398 1379 443 1439 τὸν
459 1380 604 1460 Ἀπαμείας
618 1381 768 1456 Εὐλύσιον,
790 1383 834 1441 τὸν
849 1382 915 1445 'Arr-
933 1400 952 1446 c
969 1383 1055 1442 destia
1073 1384 1280 1465 respondentes,
1301 1404 1333 1444 ac
1346 1382 1483 1457 diceutes,
1498 1402 1547 1442 nos
1565 1403 1619 1442 non
1633 1382 1714 1443 defit·

145 1467 247 1548 τιαρίας
272 1470 494 1531 Λουππικιανόν·
513 1471 706 1553 πριοόυτέρους
728 1472 756 1535 δὲ
776 1475 914 1557 Γιρμανὸν
968 1476 1031 1552 ger'e
1040 1476 1195 1555 judicium,
1211 1477 1260 1536 sed
1274 1475 1415 1536 inimicum
1429 1487 1552 1555 apertum
1570 1488 1652 1554 atque
1665 1475 1717 1536 ho·

103 1573 127 1620 tt
144 1559 182 1620 καὶ
191 1561 334 1638 Σευῆρον,
349 1564 420 1641 μετὰ
432 1567 481 1636 τῆς
494 1566 680 1646 προσηκούσης
693 1571 757 1644 ἡμῖν
771 1567 915 1635 ἐπιεικείας
968 1579 1036 1625 stem
1057 1569 1237 1629 manifestum.
1253 1571 1323 1628 Nam
1342 1567 1389 1646 qui
1412 1567 1532 1627 nondum
1546 1568 1662 1647 acceptis
1675 1568 1714 1627 li·

144 1654 363 1734 ίτοκρινόμενοι,
381 1656 428 1716 καί
449 1656 584 1738 λέγοντες,
605 1659 642 1735 μὴ
656 1665 843 1735 παραιτεῖσθαι
857 1660 916 1738 κρί·
967 1655 1046 1718 bellis
1056 1659 1147 1720 statim
1160 1661 1195 1720 ab
1207 1659 1285 1720 initio
1296 1661 1360 1720 talia
1374 1660 1494 1734 iecisset,
1508 1673 1534 1719 et
1544 1659 1581 1717 ab
1594 1659 1714 1722 Ecclesia

145 1769 197 1818 σιν,
218 1747 397 1827 ἀλλ”ίχθρὸν
408 1748 455 1808 καί
470 1748 598 1828 πολέμιον
612 1752 733 1829 φανερόν.
755 1749 790 1811 ‘0
803 1750 854 1831 γὰρ
871 1752 914 1810 λι-
967 1751 1084 1831 seipsum
1098 1753 1268 1834 abrupisset,
1283 1775 1300 1813 a
1316 1751 1505 1813 communione
1513 1795 1523 1828 ,
1538 1773 1553 1810 a
1567 1753 1713 1832 precibus3

144 1837 244 1904 ίῦλους
262 1838 382 1916 μηδέπω
402 1839 563 1918 δεξόμενος,
587 1841 634 1901 καὶ
651 1847 761 1921 τοιαῦτα
783 1847 813 1903 ἐκ
833 1867 914 1924 προι-
965 1857 1131 1904 accusatores
1146 1844 1297 1916 instruens,
1315 1844 1416 1903 clerum
1432 1842 1508 1902 adse
1523 1844 1639 1921 trahens,
1654 1845 1711 1904 Ec-

145 1930 205 2007 μίων
217 1931 349 2004 ποιήσας,
364 1933 412 1992 καὶ
424 1932 576 2016 decibiles
589 1935 680 1995 ἑαυτὸν
694 1934 913 2007 Ἐκκλησίαςκοιί
965 1933 1059 1995 clesias
1078 1935 1202 1996 desolans
1218 1960 1225 1994 ε
1240 1935 1375 2015 quomodo
1392 1934 1494 2014 dignus
1508 1950 1575 1994 esset
1588 1980 1598 2012 ,
1619 1936 1667 2014 qui
1682 1937 1712 1997 in

144 2022 275 2090 κοινωνίας
294 2024 344 2083 καί
362 2027 461 2105 ιύχῆς,
486 2024 532 2085 καλ
542 2026 703 2106 κατηγόρους
721 2026 852 2107 ἀλείφων,
867 2026 912 2087 καί
962 2024 1065 2104 judicis
1083 2028 1212 2087 thronum
1226 2028 1296 2087 nibil
1310 2027 1346 2087 ad
1360 2049 1389 2087 se
1404 2028 1580 2108 pertinentem
1593 2027 1716 2088 adscen-

144 2116 233 2193 κλῆρον
248 2116 391 2192 μεθιστὰς,
400 2116 446 2177 καὶ
458 2115 620 2190 Ἐκκλησίας
633 2121 750 2197 ἐρημῶν,
760 2121 817 2187 πῶς
829 2119 859 2177 διν
869 2119 911 2191 είη
964 2115 1061 2177 deret?
1082 2120 1142 2178 Non
1162 2119 1235 2179 euim
1250 2133 1456 2179 consentaneum
1470 2139 1546 2194 esse,
1563 2132 1592 2178 ut
1606 2118 1652 2178 ille
1664 2122 1711 2199 qui

145 2205 236 2275 δίκαιος
248 2208 297 2268 tut
312 2207 359 2268 τὸν
371 2214 418 2268 τοῦ
430 2209 556 2269 δικαστοῦ
571 2209 661 2290 θρόνον
674 2209 815 2284 ἀναύῆναι,
830 2213 910 2272 etle-
965 2230 999 2269 ex
1015 2209 1134 2292 AEgypto
1148 2226 1232 2288 esset,
1250 2212 1278 2271 iu
1293 2198 1411 2272 Thracia
1422 2209 1571 2293 judicaret,
1591 2211 1650 2292 ipse
1663 2212 1724 2272 cri»

147 2300 215 2376 μόθιν
239 2303 319 2381 αὐτῷ
341 2301 532 2380 προήκοντα,
555 2300 626 2362 Οὔτε
644 2302 696 2382 γὰρ
719 2302 861 2363 ἀκολουθον
877 2286 947 2378 ἧσο
965 2297 1085 2358 minibus
1096 2300 1242 2373 obnoxius,
1254 2300 1473 2378 inimicusatque
1484 2298 1576 2359 hostis.
1591 2301 1712 2362 Verum·

145 2392 182 2451 τόν
192 2392 218 2461 ἐξ
228 2395 370 2470 Αἰγύπτου
383 2396 421 2461 τίς
433 2393 546 2474 Θρᾴκην
557 2394 688 2468 δικόζιιν,
704 2395 749 2454 καί
768 2394 813 2453 τὸν
825 2396 910 2456 ὑπεύ.
964 2403 1052 2449 tamen
1064 2391 1133 2450 nibil
1144 2391 1192 2452 ille
1203 2392 1301 2452 borum
1312 2392 1454 2466 reveritus,
1468 2390 1513 2450 sed
1528 2411 1627 2470 urgens
1639 2392 1712 2471 quod

144 2489 207 2543 θννον
227 2487 297 2546 ὄντα
319 2488 424 2558 αἰτιῶν,
443 2486 489 2544 καλ
511 2487 604 2567 ἔχθρδν
625 2487 671 2546 καὶ
688 2487 825 2564 πολέμιον.
840 2488 910 2548 Ἀλλ’
965 2483 1078 2565 implere
1086 2499 1232 2558 statuerat,
1246 2507 1308 2546 cum
1321 2485 1530 2564 declarassemus
1542 2498 1650 2565 paratos
1663 2507 1713 2546 nos

144 2576 205 2654 ίμεκ
224 2579 305 2638 eills
325 2578 427 2638 τούτων
446 2579 595 2651 αἰδεσθεὶς,
618 2581 677 2639 ἀλλ’
694 2578 760 2659 ὅπερ
771 2578 911 2657 ἐόούλετα,
965 2576 1138 2637 essediluere
1159 2578 1271 2637 crimina
1284 2599 1374 2637 euram
1388 2590 1497 2636 eentum
1519 2590 1546 2635 et
1566 2576 1642 2636 mille
1653 2579 1711 2659 epi-

144 2668 482 2749 τληρῶσαιίπειγόμενος,
492 2674 570 2748 ἡμῶν
581 2671 775 2748 δηλωσάντων,
789 2673 831 2734 ότι
844 2675 911 2738 ἕτοι,
964 2668 1070 2748 scopis,
1084 2682 1110 2728 et
1123 2690 1205 2750 puros
1223 2668 1259 2727 ab
1270 2668 1345 2728 omni
1356 2668 1437 2749 culpa
1448 2688 1498 2726 nos
1509 2667 1657 2740 ostendere,
1680 2683 1711 2728 ut

144 2784 198 2836 μοι,
220 2761 269 2820 καὶ
287 2762 385 2822 exaro
400 2761 446 2821 καί
465 2761 558 2842 χιλίων
577 2763 729 2824 ἐπισκόπων
752 2766 909 2846 παρόντων,
963 2781 1057 2820 revera
1077 2782 1171 2821 sumus
1183 2785 1190 2818 r
1204 2782 1256 2820 non
1278 2761 1342 2820 tulit
1365 2760 1422 2833 ille,
1438 2760 1485 2819 sed
1498 2759 1714 2820 nobisabsenti-·

140 2852 320 2927 Ιαἰιοδόσᾳσθαι
331 2851 366 2913 τίς
377 2853 552 2933 ἐγκλήματα,
571 2853 615 2914 καὶ
632 2854 714 2924 δεῖξαι
731 2858 809 2927 ὄντας
828 2865 910 2919 καθα·
965 2853 1016 2915 bus
1039 2868 1065 2914 et
1086 2853 1123 2914 ad
1142 2853 1277 2936 synodum
1301 2852 1502 2934 appellantibus
1523 2873 1555 2911 ac
1574 2850 1709 2932 judicium
1779 2879 1783 2887 ¹

144 2943 193 3023 ρούς
208 2945 340 3019 ἑαυτούς,
362 2945 455 3025 ὥσπερ
468 2936 514 3006 οίίν
527 2946 572 3005 καί
585 2947 692 3025 ἐσμὲν,
704 2951 751 3010 οὐκ
763 2950 910 3031 ἠνέσχετο,
963 2946 1157 3026 flagitantibus,
1170 2967 1219 3006 nec
1229 2945 1395 3006 auditionem
1405 2945 1580 3026 fugientibus,
1594 2944 1641 3006 sed
1652 2969 1710 3007 ma·

144 3038 194 3094 nt·
207 3035 335 3097 ἀπόντων
348 3040 426 3114 ἡμῶν
440 3035 486 3096 καὶ
502 3037 610 3099 σύνοδον
625 3042 841 3120 ἐπικαλουμένων
863 3043 909 3103 καί
964 3040 1091 3099 nilestum
1103 3039 1209 3116 odium,
1227 3037 1285 3120 ipse
1295 3052 1461 3099 accusatores
1471 3036 1590 3114 admisit,
1603 3052 1629 3098 et
1642 3061 1710 3118 quos

144 3129 220 3208 κρίσιν
242 3128 459 3202 ἐπιζητούντων,
479 3130 526 3189 καί
547 3131 674 3213 οίκρόασιν
694 3137 724 3193 οὐ
742 3133 910 3214 φευγόντων,
963 3132 1110 3212 ligaveram
1124 3133 1222 3202 solvit,
1240 3146 1320 3210 atque
1334 3131 1370 3191 ab
1384 3129 1456 3204 illis,
1471 3129 1518 3208 qui
1532 3130 1646 3189 crimina
1660 3152 1709 3191 sua

145 3222 194 3280 ἀλλ’
213 3221 365 3301 ἀπέχθειαν
380 3222 514 3302 φανερὰν,
535 3223 580 3281 καί
600 3224 764 3305 κατηγόρους
781 3225 908 3307 ἐδέχετο,
927 3229 946 3275 Ε
965 3224 1085 3285 nondum
1098 3225 1254 3302 exuissent,
1274 3224 1382 3283 libellos
1394 3222 1512 3302 accepit,
1533 3235 1558 3280 et
1572 3235 1630 3282 acta
1644 3244 1709 3282 con-

145 3313 265 3381 καὶτοὺς
285 3315 354 3392 παρ’
376 3315 442 3391 ἐμοῦ
463 3315 614 3393 δεδεμένους
632 3315 727 3390 ίλυσε,
754 3318 800 3377 καί
823 3322 909 3380 αὐτῶν
963 3317 1115 3396 [ουίιιφυα
1134 3317 1223 3376 omnia
1243 3330 1269 3375 et
1282 3315 1432 3393 contrajus
1446 3327 1472 3371 et
1488 3326 1579 3382 contm
1594 3334 1708 3375 canones
1741 3319 1745 3326 '

145 3405 242 3465 ἐκείνων
265 3406 373 3465 οὐδέπω
385 3405 420 3465 rt
439 3406 596 3484 ἐγκλήματα
618 3408 846 3486 ἀποδυσαμένων,
867 3413 909 3470 λι·
962 3426 989 3472 et
999 3433 1100 3472 morem
1112 3424 1196 3470 eram.
1211 3398 1246 3470 tn
1256 3407 1322 3489 quid
1334 3408 1428 3467 attinet
1439 3407 1519 3487 plura
1530 3405 1640 3468 dicerei'
1654 3430 1708 3470 non

145 3498 244 3564 όύλους
255 3496 394 3575 ἐλόμόαντ
402 3541 412 3570 ,
430 3498 477 3556 καί
497 3499 679 3578 ὑπομνήματα
689 3500 834 3582 ἔπραττεν,
843 3503 911 3584 όπιρ
962 3505 1066 3566 destitit
1076 3505 1164 3566 omnia
1177 3504 1303 3564 lacereae
1314 3499 1415 3572 mliri,
1433 3498 1519 3559 donec
1530 3520 1578 3558 nos
1591 3501 1711 3580 pervim

99 3611 124 3661 ιι,
144 3590 241 3649 ἅπαντα
259 3589 337 3669 eupli
359 3589 455 3664 θωμὸν
471 3591 517 3649 καὶ
532 3591 629 3651 κανόνα
641 3592 687 3650 καὶ
701 3594 856 3653 ἀκολουθίαν
867 3586 909 3669 ἦν.
963 3620 995 3658 ae
1007 3598 1173 3680 tyrannicam
1187 3595 1395 3655 dominationem
1409 3614 1425 3653 e
1438 3591 1548 3652 civitate
1560 3606 1641 3671 atque
1655 3593 1710 3652 Eo-

145 3682 190 3740 ίίιῖ
207 3681 254 3756 (τί
266 3682 322 3762 tle
342 3682 382 3740 δεῖ
401 3679 488 3740 mill
502 3681 586 3759 δίῖιιν
597 3684 623 3762 3)
643 3685 691 3742 δῦιι
707 3682 809 3758 einim
823 3686 911 3746 πάντα
963 3693 1043 3754 clesia
1057 3691 1144 3772 ejecit.
1165 3689 1253 3771 igitur
1265 3687 1424 3769 procedente
1434 3687 1492 3766 jam
1506 3706 1630 3765 vespere,
1646 3707 1710 3746 cunr

144 3780 217 3835 ποιῶν
233 3776 281 3834 καί
302 3774 555 3855 πραγματευόμενος
564 3818 574 3847 ,
593 3775 643 3843 ἕως
656 3783 729 3855 ἡμᾶς
746 3777 815 3854 μετὰ
832 3781 910 3840 δυνα·
965 3806 1013 3845 nos
1024 3784 1112 3845 omnis
1125 3782 1241 3864 populus
1253 3780 1436 3850 comitaretur,
1455 3790 1557 3837 tractus
1569 3799 1584 3837 a
1596 3776 1709 3840 Curioso

144 3868 225 3933 ιτιίικ
244 3866 293 3928 καί
309 3866 448 3935 oblmis<
459 3866 565 3940 διιδινης
578 3866 681 3939 mltis
695 3868 911 3944 ιιδλιιιιςιιιιδτῆτ
965 3879 1041 3938 urbis
1061 3898 1109 3958 per
1130 3876 1249 3936 mediam
1271 3873 1407 3935 civitatem
1421 3871 1449 3933 vi
1467 3871 1609 3948 abdueor,
1634 3886 1661 3932 et
1680 3872 1710 3933 is

144 3957 305 4032 Ἑιιδησίιιι
314 3957 456 4027 silentes·
469 3958 516 4017 ιιαῖ
526 3959 591 4039 opis
603 3958 718 4040 ίσπίρον
728 3964 853 4040 βαθεῖαν,
865 3970 911 4023 τοῦ
965 3970 1057 4032 navim
1072 3970 1203 4050 conjiciet
1214 4013 1223 4045 ,
1236 3981 1262 4027 et
1275 3979 1356 4028 noctu
1368 3964 1523 4043 abnarigo,
1542 3963 1606 4042 quia
1619 3985 1709 4044 syno-

143 4054 222 4130 δόμοι
236 4052 340 4120 tutti<
351 4057 417 4130 ἡμῖν
429 4051 636 4132 σνοσυρομίνου,
649 4053 791 4130 ἑλκόμενος
803 4055 854 4115 θπδ
865 4061 911 4116 τοῦ
930 4063 947 4109 F
966 4062 1031 4121 durn
1046 4061 1083 4121 ad
1093 4062 1197 4143 justum
1208 4057 1346 4140 judicium
1367 4054 1547 4136 appellabam.
1568 4055 1638 4129 Quis
1652 4055 1710 4117 bec

142 4152 303 4227 ινιριινσιδῧ
315 4148 365 4216 τῆς
385 4144 486 4212 miles
500 4148 527 4204 ίν
539 4143 656 4224 edwii
674 4144 770 4220 πδδιι,
785 4146 831 4205 καί
847 4146 912 4228 πρὸς
965 4151 1183 4234 sinelacryrnis‚
1198 4147 1314 4210 etiamsi
1329 4168 1375 4207 cor
1388 4143 1526 4226 lapideum
1540 4143 1646 4221 babeat,
1660 4167 1710 4207 uu·

143 4237 197 4314 βίαν
212 4237 362 4318 στερόμενος
375 4237 546 4316 κατηγόμην,
566 4237 611 4296 καλ
623 4239 661 4305 είς
672 4229 768 4298 πλοῖον
776 4239 914 4300 ίνιόαλλό-
965 4243 1068 4305 dierit?
1082 4247 1186 4304 Verum
1198 4242 1273 4322 quia,
1288 4240 1359 4299 sicut
1368 4238 1444 4319 prius
1458 4235 1537 4310 dixi,
1552 4259 1604 4297 non
1619 4238 1710 4299 solnm

143 4354 210 4405 μην,
231 4332 280 4389 καί
298 4329 345 4390 διὰ
362 4327 453 4397 νυκτὸς
474 4327 629 4404 ότίπλεον,
648 4329 705 4390 ἐπεὶ
723 4329 829 4391 σύνοδον
844 4330 911 4411 πρὸς
965 4335 1106 4396 lamentari
1119 4348 1232 4416 oportet,
1246 4331 1293 4393 sed
1306 4344 1331 4390 et
1344 4324 1501 4405 emendare5
1515 4329 1625 4391 obsecro
1637 4333 1709 4393 cari·

142 4421 240 4481 διιιιιίιιν
263 4421 354 4501 κρίσιν
381 4423 501 4482 ίιιᾶλινν.
522 4422 548 4480 T
550 4420 572 4488 ίς
600 4420 632 4480 θν
654 4429 739 4482 ταῦτα
764 4423 912 4503 ἀδακρυτὶ,
966 4443 1047 4490 tatem
1060 4442 1196 4501 vestram,
1220 4440 1249 4484 ut
1263 4435 1391 4502 exsurgat
1408 4435 1435 4482 et
1454 4420 1605 4495 condoleat,
1629 4438 1710 4503 atque

141 4512 184 4572 κᾶν
201 4514 308 4586 λιθίνην
335 4512 387 4592 ίχη
408 4513 540 4593 καρδίαν,
562 4511 681 4594 ἀκούσης
702 4516 773 4575 Ἀλλ’
798 4515 910 4588 ἐπειδὴ,
931 4564 944 4602 ,
965 4521 1056 4582 omnia
1077 4520 1174 4593 saciat,
1196 4530 1226 4576 ut
1248 4514 1319 4575 mala
1331 4513 1390 4573 baec
1402 4512 1506 4573 sistant.
1525 4515 1618 4594 Neque
1637 4517 1711 4578 enim

142 4606 258 4685 καθάπερ
275 4605 359 4684 ἔφθην
378 4603 480 4674 ιῖιιδινν
502 4606 532 4665 ινδ
551 4610 656 4685 θρηνιῖν
675 4607 716 4664 δεῖ
730 4606 819 4684 μόνον,
841 4608 910 4668 filli*
929 4619 950 4666 θ
965 4615 1011 4678 bic
1026 4613 1155 4694 iniquitas
1167 4630 1260 4671 eonem
1273 4607 1365 4678 stetit,
1387 4604 1435 4665 sed
1447 4604 1484 4665 od
1497 4605 1588 4686 priora
1599 4607 1709 4688 adjece-

143 4698 182 4757 ut
200 4699 342 4778 διορθῶν,
363 4695 413 4768 ‘'l“
428 4695 556 4777 δειιιδρδν
570 4697 840 4777 inimicasset&
853 4700 912 4759 διι-
965 4721 1028 4770 runt
1042 4719 1066 4767 et
1084 4705 1148 4766 alia.
1165 4706 1310 4781 Postquam
1323 4699 1395 4759 enim
1408 4697 1547 4779 piissimus
1559 4700 1709 4781 Imperator

142 4795 264 4862 νασιῆναι
278 4790 325 4850 καί
341 4790 527 4866 συναλγῆσαι,
545 4788 591 4847 καί
610 4788 699 4849 πάντα
711 4794 831 4865 ποιῆσαι,
842 4791 911 4851 ὥστε
965 4823 1020 4875 ως,
1029 4800 1075 4879 qui
1085 4795 1232 4859 Ecclesiam
1245 4791 1414 4873 impudenter
1427 4803 1507 4868 atque
1518 4789 1618 4870 injuste
1631 4790 1708 4853 inva-

145 4887 233 4953 ιῖῆνιιι
245 4883 323 4942 ml
333 4879 368 4940 νδ
382 4880 465 4939 κακά·
482 4879 553 4940 Οὗδδ
565 4878 617 4960 tlt
630 4884 742 4942 ἐνταῦθα
755 4882 789 4942 ‘l‘
801 4889 849 4956 τῆς
862 4906 913 4943 ιιι·
966 4905 1074 4967 serant,
1093 4888 1188 4970 ejecit,
1204 4897 1231 4945 et
1245 4883 1325 4944 multi
1340 4880 1459 4963 episcopi
1474 4880 1532 4940 visa
1544 4901 1638 4941 eorum
1651 4882 1707 4943 irn-

147 4974 264 5053 νιιννμῖιι
282 4975 371 5033 νδτῖῖν
391 4973 553 5038 νιντιδνσῑνν
578 4972 648 5031 llll
671 4972 717 5032 καί
742 4974 809 5053 perd
827 4982 912 5036 ταῦτα
966 4985 1100 5068 probitate
1110 4980 1144 5041 ad
1155 5001 1203 5040 sua
1217 4975 1364 5051 redierunt,
1375 4974 1506 5054 impetum
1516 4994 1608 5034 eorum
1621 4975 1708 5035 veluti

148 5074 194 5131 ιιὶς
206 5065 341 5145 προτέροις
352 5063 528 5124 ἔπαιιιδδιιν·
540 5062 651 5135 Ἐπειδὴ
664 5063 716 5143 tlt>
727 5070 741 5125 δ
754 5067 912 5127 ιδσιδίιιιι·
966 5071 1120 5136 incendium
1130 5067 1219 5128 omnia
1231 5064 1375 5146 depascens
1386 5059 1531 5140 fugientes:
1540 5080 1588 5122 nos
1598 5062 1707 5142 quidem

149 5179 187 5223 τος
200 5156 317 5234 βασιλεὺς
331 5154 594 5234 ἐπιπηδήσανταςτῇ
608 5153 757 5237 Ἐκκληοίορ
771 5157 911 5238 ἀναισχόν·
967 5163 1064 5221 iterum
1085 5158 1112 5217 io
1133 5153 1228 5214 urbem
1240 5166 1320 5231 atque
1333 5148 1360 5208 in
1381 5146 1529 5208 Ecclesiam
1541 5193 1549 5224 ‚
1565 5170 1648 5229 equa
1661 5152 1707 5212 in-

153 5273 198 5316 τινς
216 5251 257 5309 καὶ
278 5251 377 5318 ἀδίκως
395 5246 520 5317 ἐξέύαλεν
530 5294 539 5325 ,
563 5249 608 5307 καί
628 5250 721 5308 πολλοὶ
736 5255 786 5310 τῶν
801 5253 909 5313 ἐπιοκό-
962 5254 1035 5334 justo
1053 5267 1160 5309 eramus
1173 5241 1268 5326 ejecti,
1290 5236 1406 5300 revocati
1424 5257 1537 5319 sumus,
1554 5237 1710 5305 inducenti·
