3714 5970
147 504 231 553 xxtv
654 496 792 563 llflfllllcl
814 496 944 549 etvtitt
969 496 1192 547 otttuo'tsuto

146 623 308 690 urentem
321 624 441 706 ιΙίφιαιι
462 623 643 686 semidoctum
664 640 720 682 non
741 621 857 682 obscure
870 622 942 702 sapit
960 666 969 695 ,
991 642 1053 682 com
1064 622 1235 683 innocentius
1251 620 1380 703 epistolas
1395 640 1460 681 suas
1471 622 1556 681 etiem
1570 621 1600 682 io
1620 623 1721 683 Orien·

146 732 201 780 tem
219 719 316 780 mimas
327 719 426 780 soleret
438 715 549 779 nonnisi
563 715 659 778 Latine
668 734 799 787 morare,
815 725 847 772 ut
862 725 995 774 comte
1010 713 1150 774 sozomeni
1167 713 1239 773 libro
1254 727 1363 774 octavo.
1378 715 1441 776 lam
1450 726 1478 773 et
1489 713 1576 784 illud,
1588 729 1622 775 ot
1634 730 1720 797 poto,

146 806 265 888 falsum,
287 808 323 870 de
344 807 453 871 amns
472 806 564 873 Attico
583 806 762 886 episcopatu,
781 816 808 864 et
828 804 970 864 commissa
988 805 1084 865 Procio
1103 802 1355 883 administratione,
1376 825 1440 864 cum
1460 820 1489 868 et
1510 826 1597 866 annos
1618 807 1722 888 viginti

145 906 264 967 tenuisse
275 904 577 986 episcopatum
586 900 723 975 Atticum,
738 917 856 977 eumque
868 919 917 978 per
929 919 1026 959 manos
1039 900 1177 971 sisinnio,
1194 899 1335 975 Nestoris,
1348 901 1550 960 Maximiniaoo
1564 900 1723 974 tradidisse,

144 1009 177 1056 ut
188 996 295 1058 nonnisi
309 1008 387 1057 sesto
397 994 601 1077 poetam
614 993 676 1055 ioco
691 991 805 1052 Procius
818 993 846 1053 in
857 1014 888 1053 ea
910 989 974 1053 sede
986 992 1151 1052 successerit.
1165 989 1226 1071 Ego
1238 990 1305 1071 quid
1325 991 1354 1051 in
1373 991 1426 1052 hac
1442 1012 1473 1051 re
1490 990 1562 1052 mihi
1575 993 1724 1074 probabile

144 1088 313 1164 videbatur,
335 1087 424 1149 libere
439 1082 505 1147 disi
517 1102 528 1146 a
542 1082 668 1168 judicent
679 1084 793 1145 docti.»

186 1211 202 1243 s
212 1179 692 1269 interdicempeslermrgiietism
703 1180 771 1241 illud
781 1180 983 1261 numero,qnod
994 1178 1263 1240 mortemlnooeentii
1271 1179 1388 1261 priorem
1398 1180 1487 1241 iacere
1493 1180 1623 1241 rideatur
1633 1196 1722 1243 morte

147 1276 312 1359 Theophili:
323 1272 401 1354 quod
412 1286 505 1356 sputa
514 1273 615 1335 {aban
626 1287 679 1334 est.
692 1273 819 1335 Mortuus
832 1285 873 1332 est
883 1273 956 1332 enim
968 1270 1146 1351 Theophilus,
1159 1286 1225 1332 teste
1236 1272 1347 1332 Socrate
1359 1271 1412 1331 lib.
1426 1275 1457 1344 ⁷,
1470 1292 1496 1331 c.
1512 1275 1546 1347 7,
1562 1274 1641 1333 Coss.
1662 1273 1721 1333 tto-

152 1371 231 1434 uorio
243 1373 264 1431 9
276 1383 302 1430 et
316 1367 473 1429 Theodosio
481 1364 573 1440 5,‘hoc
583 1379 634 1439 οι,
645 1382 718 1425 suno
729 1365 841 1441 Domini
848 1367 883 1425 tt
890 1369 921 1442 2,
931 1364 977 1423 die
990 1364 1028 1424 25
1039 1365 1186 1426 Octobris:
1202 1365 1387 1437 Innocentius,
1397 1378 1472 1424 utex
1481 1364 1569 1425 Fastis
1578 1367 1720 1447 pontificis

150 1477 239 1545 patet,
250 1460 357 1522 nonnisi
370 1464 403 1519 ii
410 1462 440 1530 6,
456 1458 500 1544 vel
511 1459 583 1518 tt5.
596 1454 678 1530 Quod
692 1455 716 1517 si
729 1457 774 1515 oui
787 1457 888 1515 mirum
902 1455 1027 1516 rideatur
1034 1499 1043 1532 ‚
1058 1476 1120 1516 cum
1134 1457 1307 1539 Theophilus
1319 1457 1441 1535 quinque
1454 1476 1539 1517 sonos
1551 1459 1654 1520 loanni
1668 1481 1720 1518 so·

145 1556 309 1639 pervixerit,
324 1553 495 1617 Innocentius
513 1565 590 1623 octo,
603 1549 670 1630 qnid
685 1551 732 1626 sit,
754 1550 827 1630 quod
846 1550 990 1611 consilium
1009 1571 1088 1611 omne
1101 1550 1228 1633 abJ'eoerit
1240 1550 1412 1612 Innocentius
1422 1551 1460 1611 de
1472 1551 1595 1632 cogenda
1610 1554 1720 1636 synodo

146 1650 359 1721 Thessalonica,
373 1649 418 1707 cui
430 1649 557 1708 interesse
568 1645 756 1727 Theophilum
768 1659 843 1705 tanta
856 1645 997 1706 severitate
1006 1658 1032 1703 et
1042 1645 1133 1726 rigore
1144 1645 1267 1707 edixerat
1277 1660 1341 1706 ante
1354 1659 1467 1705 mortem
1478 1646 1513 1722 (si
1524 1647 1566 1706 ias
1576 1662 1617 1708 est
1626 1649 1721 1710 crede·

146 1745 187 1817 re)
202 1740 335 1801 Διαάἰιιι
346 1739 461 1821 epistola
470 1740 545 1820 apud
553 1738 726 1818 Georgium,
740 1737 817 1818 cujus
831 1737 955 1813 initium,
969 1738 1058 1797 πάντα
1070 1738 1106 1799 τὰ
1119 1738 1254 1818 slipen,
1267 1759 1354 1818 neque
1364 1737 1453 1797 ulium
1463 1738 1500 1799 de
1510 1760 1543 1800 eo
1553 1754 1649 1822 postea
1659 1763 1720 1803 rer·

146 1834 213 1894 hum
223 1833 317 1894 iecerit
329 1857 336 1891 ι
350 1835 463 1893 somme
476 1830 506 1890 id
519 1831 620 1891 iactum
632 1845 688 1904 est,
698 1831 763 1911 quia
776 1830 908 1890 Arcadius
919 1831 1002 1910 paulo
1017 1843 1076 1911 post
1086 1833 1216 1894 honam
1228 1829 1394 1906 decesserat,
1408 1832 1487 1912 cujus
1499 1853 1583 1914 opera
1591 1848 1619 1894 et
1625 1836 1718 1917 jussu,
1738 1858 1744 1869 ·

146 1929 190 1990 uti
200 1950 232 1990 ea
241 1929 361 1990 ferebant
370 1941 502 2009 tempora,
513 1941 666 2007 cogeretur;
674 1926 717 1988 vel
728 1925 802 2005 quod
811 1948 842 1985 ea
853 1927 907 1987 siut
915 1939 1056 1986 cooseoua
1068 1927 1224 2008 reipublice
1233 1941 1353 2009 tempora
1363 1971 1372 2002 ,
1383 1928 1532 2007 presertim
1542 1928 1571 1989 in
1582 1930 1719 1991 Occiden-

146 2036 185 2102 te,
199 2025 289 2084 Roma
303 2034 392 2103 capta,
401 2020 480 2081 ltalia
491 2018 609 2100 direpta,
623 2018 735 2080 vastatis
748 2019 909 2099 provinciis,
923 2040 984 2099 qum
996 2018 1041 2078 vel
1054 2019 1263 2081 constantissimi
1275 2019 1329 2081 riri
1342 2031 1460 2079 mmmm
1472 2035 1584 2102 possent
1600 2045 1617 2083 a
1630 2024 1720 2086 mino·

147 2119 250 2180 ricura
265 2116 301 2177 ad
315 2117 445 2197 majorem
459 2128 563 2175 metum
580 2114 728 2174 traducere.

186 2215 333 2293 Hucusque
342 2211 378 2272 de
387 2210 518 2292 Georgio.
529 2211 561 2270 ln
569 2209 681 2290 reliquis
691 2231 737 2270 ero
747 2209 874 2285 brevior,
885 2209 950 2290 quia
962 2210 1089 2292 pleraque
1097 2212 1187 2271 omnia
1195 2213 1251 2272 sere
1264 2211 1365 2276 hahent
1378 2232 1442 2275 cum
1451 2214 1574 2295 Georgio
1588 2235 1718 2276 mmmc-

145 2309 214 2385 oie,
224 2329 310 2388 oeqm
328 2324 418 2388 operm
430 2306 554 2387 'pretium
576 2305 658 2364 suerit
671 2304 767 2365 iisdem
781 2306 891 2387 ineptiis
907 2305 1056 2365 refutandis
1067 2305 1111 2366 bis
1123 2306 1273 2367 immorari.
1289 2310 1344 2369 Leo
1362 2310 1531 2371 breviarium
1548 2310 1630 2370 nobis
1642 2309 1719 2372 dedit

146 2402 271 2483 Georgii,
282 2400 335 2460 nisi
345 2398 419 2478 qood
428 2399 457 2459 io
467 2398 522 2458 iliis
530 2398 650 2480 epistolis
660 2398 811 2478 Georgium
819 2413 957 2477 sequatur,
966 2399 1061 2458 saltem
1070 2419 1123 2458 ooo
1135 2399 1286 2475 abbreviet,
1298 2415 1329 2462 ut
1337 2424 1423 2483 neque
1431 2403 1547 2465 Photius
1556 2404 1589 2472 ,io
1599 2405 1719 2486 epitome

149 2496 334 2577 Gregoriaua,
348 2493 417 2556 cod.
430 2495 479 2554 96.
491 2495 583 2553 Potuit
594 2493 731 2553 certesiae
742 2493 843 2554 domm
851 2494 942 2553 omini
955 2494 1142 2573 :nequeenim
1155 2494 1261 2577 aliquid
1274 2497 1395 2579 Georgio
1405 2497 1523 2571 addidit,
1534 2515 1635 2581 praeter
1647 2503 1719 2562 affe·

146 2604 246 2652 matam
257 2588 360 2650 alicubi
373 2586 430 2646 stili
439 2585 629 2646 obscuritatem
639 2610 647 2643 ε
658 2586 710 2646 nisi
722 2585 797 2666 quod
807 2587 843 2647 ad
856 2588 986 2667 reliquam
998 2588 1110 2650 Joannis
1120 2587 1235 2668 gloriam
1246 2588 1310 2651 inde
1321 2610 1421 2672 magna
1431 2590 1573 2653 videretur
1585 2588 1658 2654 facti
1667 2616 1724 2656 sc-,

145 2684 242 2760 cessio,
250 2683 326 2763 quod
335 2694 442 2741 tautum
453 2681 645 2762 imperatorem
656 2680 770 2741 laudum
778 2701 889 2741 suarum
899 2702 1050 2762 praeconem
1063 2681 1205 2744 invenerit.
1215 2686 1373 2766 Anonymus
1383 2705 1468 2745 unum
1481 2699 1529 2745 aot
1542 2687 1660 2747 alterurn
1669 2688 1719 2751 ha·

147 2779 194 2842 het
203 2799 322 2841 errorem
335 2776 500 2859 peculiarem
512 2789 539 2835 et
552 2796 643 2835 soum.
657 2776 780 2836 Primum
793 2790 833 2836 est
846 2776 932 2837 lamro
943 2777 1009 2838 satis
1020 2790 1048 2837 et
1059 2797 1180 2837 crassum
1191 2778 1373 2853 mordacium,
1388 2779 1461 2859 qood
1474 2780 1624 2842 bihaoiom
1638 2785 1719 2847 faciat

147 2874 185 2936 ad
195 2873 338 2936 lulianum
348 2871 406 2952 jam
420 2872 573 2950 Augustum
584 2866 730 2940 dicentem,
745 2870 880 2929 neminem
893 2869 1003 2931 illorum
1019 2890 1179 2950 magnorum
1191 2871 1416 2955 philosophorum
1431 2875 1535 2936 Joanoe
1547 2877 1717 2957 superiorem

148 2988 221 3045 esse,
231 2988 265 3027 oe
277 2983 406 3045 magnum
421 2960 532 3042 quidem
549 2960 628 3020 iilum
644 2975 671 3021 et
687 2960 814 3021 divinum
827 2963 976 3037 Platonem,
988 2984 1036 3024 nec
1047 2962 1237 3042 ineloquentia
1248 2965 1475 3043 Demosthenem
1487 2967 1562 3047 quod
1576 2983 1607 3030 ut
1621 2962 1720 3032 rerum

148 3077 241 3146 postea
255 3059 339 3120 fuisse
352 3056 468 3132 demus,
481 3053 516 3114 ad
529 3055 670 3116 lulianum
687 3068 759 3113 oerte
773 3054 828 3115 dici
846 3076 899 3115 non
914 3056 1018 3137 potuit,
1030 3056 1079 3136 qui
1090 3070 1214 3119 mortuus
1222 3072 1263 3118 est
1272 3060 1377 3121 Josune
1389 3061 1441 3123 vix
1453 3082 1486 3122 ac
1496 3082 1531 3121 ne
1544 3062 1595 3125 vix
1604 3064 1720 3143 quidem

147 3169 278 3217 octavum
292 3150 380 3212 aetatis
391 3168 493 3208 anuum
502 3147 621 3228 ingresso
631 3169 640 3218 ;
652 3159 684 3205 ut
692 3146 845 3207 exclamare
852 3147 951 3222 hbeat,

610 3262 717 3337 etquid
727 3280 783 3319 noo
794 3264 895 3319 Graecia
905 3264 1023 3320 mendax

613 3349 709 3406 Audet
718 3350 748 3405 io
762 3351 937 3414 historie.....

6 3504 39 3547 3·
83 3526 86 3533 .
115 3538 119 3545 ¹
150 3467 299 3551 presertim
313 3466 364 3527 ista
376 3458 521 3527 recentior!
535 3460 607 3521 Huic
620 3461 752 3524 simiieac
765 3484 833 3544 pene
846 3483 1005 3544 gomanum
1018 3458 1250 3545 est,'Gregorium
1263 3466 1480 3546 Nazianrsoum,
1496 3469 1720 3534 scdumadboc

85 3568 89 3573 “
151 3577 219 3626 esset
224 3560 384 3623 Patriarcha
391 3559 422 3618 G
429 3560 472 3630 P,
483 3576 547 3617 cum
557 3553 711 3616 Theodosio
722 3557 824 3636 Magno
834 3576 970 3617 sermones
978 3579 1065 3618 serere
1072 3556 1107 3618 de
1117 3556 1229 3619 loannis
1236 3559 1404 3621 orationibus
1414 3561 1588 3639 Statuaruma
1595 3585 1721 3643 cumpo·

150 3657 285 3723 tisdmum
300 3653 350 3729 sit,
365 3648 529 3730 Gregorium
541 3645 666 3706 abdicem
680 3645 852 3727 episcopatu,
866 3662 892 3709 et
906 3647 999 3708 relicta
1013 3649 1264 3730 Constantinopoli,
1281 3651 1309 3710 io
1323 3652 1525 3734 Cappadociam
1541 3648 1718 3723 mmlgae·

16 3722 26 3743 .-
152 3754 214 3835 ipso
226 3747 350 3828 mund„
364 3744 462 3827 quodi
478 3757 612 3823 ternpore,
626 3761 695 3801 anuo
709 3740 821 3801 Domini
836 3741 907 3820 out,
923 3743 1039 3805 vixdum
1055 3743 1170 3805 diacono
1184 3747 1299 3818 Joaone,
1314 3760 1341 3806 et
1355 3768 1441 3808 annos
1458 3749 1604 3812 minimum
1618 3768 1719 3837 septem

152 3861 215 3908 ante
227 3859 335 3926 tempus
345 3857 499 3900 ereremum
513 3849 674 3897 statuamm.
686 3834 729 3895 sd
743 3836 873 3898 miracula
885 3839 960 3918 qood
969 3853 1071 3922 spectat
1083 3838 1146 3901 licet
1156 3862 1249 3900 eorum
1260 3840 1419 3922 diligentem
1430 3843 1617 3907 collectionem
1626 3847 1721 3911 seciae

154 3939 289 4021 Georgius
309 3947 397 4019 posset
414 3932 502 3995 videri
508 3976 519 4007 ,
534 3931 599 3992 satis
618 3944 707 3991 tamen
719 3930 842 4014 amplum
857 3934 968 4013 reliquit
980 3936 1124 4018 Anonymo
1138 3934 1319 4018 spicilegium.
1334 3937 1415 3999 Visio
1429 3938 1564 4020 Gregorio
1577 3940 1722 4025 Theologo

153 4038 224 4098 iacta
234 4033 270 4095 de
278 4034 450 4110 Joanneoap.
463 4030 514 4105 ot,
525 4025 560 4087 de
570 4028 601 4089 S.
609 4025 693 4086 Paulo
700 4027 813 4088 loannis
820 4029 1001 4112 expositiones
1012 4033 1198 4109 superscribo
1205 4030 1382 4091 confirmante
1390 4052 1450 4114 cap.
1462 4032 1592 4114 595qu0d
1603 4036 1721 4099 Jmnng,

154 4130 251 4192 Proclo
263 4121 457 4190 sermionem
470 4122 497 4181 in
511 4121 614 4182 sedeG.
626 4123 659 4182 P.
669 4121 794 4203 prad-icit
807 4143 868 4205 cap.
878 4125 919 4185 60
927 4147 936 4201 ;
945 4124 1056 4186 ioannis
1066 4125 1218 4204 frequentes
1225 4126 1352 4187 deterior
1362 4126 1432 4186 inter
1441 4128 1559 4210 synaxin
1575 4129 1720 4192 celebran·
1748 4203 1752 4211 .

152 4224 220 4289 darn
231 4245 289 4306 cap.
297 4216 407 4295 wib,
419 4220 472 4295 'ld3
483 4215 617 4299 apparitio
625 4216 747 4294 Andreae,
757 4218 964 4301 StachyosetB.
973 4219 1163 4303 Virginiscap.
1173 4221 1229 4295 79;
1241 4219 1378 4302 praedictio
1390 4223 1458 4282 iacta
1466 4223 1565 4285 Nicaeae
1574 4223 1608 4285 de
1617 4227 1720 4289 Mauri·

154 4314 198 4384 ‘do
204 4321 370 4402 imperatore
378 4337 403 4377 c.
414 4315 489 4388 tot;
503 4312 620 4373 visiones
630 4311 720 4372 Marci
730 4327 756 4372 et
767 4314 864 4395 cyrilli
874 4337 899 4377 c.
913 4315 982 4392 teu,
993 4314 1064 4392 1295
1075 4329 1175 4377 tremor
1182 4315 1320 4397 sepulchri
1330 4315 1465 4377 Eudoxias
1474 4339 1500 4378 c.
1512 4316 1584 4398 tot,
1592 4333 1621 4380 et
1629 4323 1720 4382 nendo

147 4439 215 4501 “qua
229 4418 298 4476 ium
313 4409 444 4474 miracula
456 4413 482 4470 ἐν
491 4410 525 4489 τῇ
535 4411 588 4469 τῶν
596 4406 729 4490 λειψάνων
745 4409 905 4491 ἀνακομιδῇ,
918 4432 978 4490 quae
995 4431 1010 4470 a
1025 4411 1162 4473 Vestitore
1176 4423 1314 4470 mutuatus
1326 4424 1366 4470 est
1379 4435 1387 4469 :
1401 4410 1461 4471 haec
1474 4412 1580 4488 omnia,
1594 4414 1719 4495 inquam,

155 4511 276 4599 ‘judan
283 4507 386 4571 ordinis
400 4504 507 4584 locique
525 4516 588 4564 sunt
606 4522 668 4563 cum
682 4502 737 4562 iliis
749 4503 811 4564 aliis
824 4505 995 4587 Georgiaois.
1006 4504 1088 4579 Quod
1102 4504 1126 4566 si
1141 4504 1213 4565 iliud
1225 4503 1331 4585 Ephori
1344 4504 1418 4588 apud
1431 4504 1594 4567 Strabonem
1608 4507 1643 4569 de
1656 4530 1722 4573 ors-

156 4608 218 4668 culo
228 4599 502 4689 Deipbieoscripturi
515 4623 523 4662 a
536 4599 656 4680 ineptum
668 4619 725 4658 esse
733 4599 768 4658 de
776 4600 885 4660 oraculo
894 4601 1018 4663 omnium
1025 4593 1164 4663 verissimo
1176 4615 1314 4674 acturum,
1325 4600 1434 4661 incertis
1447 4601 1604 4662 rumoribus
1614 4617 1642 4664 et
1657 4625 1723 4666 oar.

156 4695 308 4761 rationibus
318 4690 409 4755 minim
418 4688 606 4773 probabilibus
617 4688 759 4770 indulgere
769 4713 776 4748 :
787 4692 810 4749 si
818 4734 828 4768 ,
840 4689 959 4773 inquam,
968 4692 1022 4752 hoc
1030 4692 1064 4753 iis
1076 4692 1195 4752 venisset
1205 4691 1233 4751 in
1241 4704 1372 4768 mentem,
1386 4691 1434 4772 qui
1445 4711 1489 4751 res
1497 4692 1549 4753 Dei
1559 4705 1586 4752 et
1595 4695 1723 4758 Εοὼςῑε

161 4786 313 4878 posteritati
326 4800 401 4848 eram
420 4783 603 4845 transmissuri
612 4806 621 4857 ι
641 4804 694 4843 oon
713 4783 784 4844 hanc
799 4799 955 4869 corruptam
972 4800 1206 4848 monumentorum
1221 4783 1304 4845 fidem
1322 4784 1453 4847 immensa
1468 4784 1590 4866 fingendi
1608 4789 1726 4857 libidine

160 4887 256 4949 merito
275 4901 460 4967 quereremur.
473 4877 527 4939 Sed
538 4877 629 4939 desino
641 4878 745 4940 inutilis
753 4880 869 4959 querelae
878 4926 889 4955 ,
908 4893 935 4940 ct
949 4881 984 4941 ad
998 4880 1197 4964 Metaphrasten
1208 4894 1328 4958 transeo,
1340 4879 1376 4940 ad
1384 4901 1464 4960 quem
1475 4880 1724 4961 quisquemon„

158 5002 212 5045 uon
226 5001 295 5063 opus
304 4991 355 5040 est.
368 4973 447 5037 Nihil
457 4975 529 5034 euim
542 4973 644 5050 habet,
665 4971 741 5053 quod
759 4994 811 5037 nou
826 4990 873 5036 aut
888 4975 960 5058 apud
976 4977 1125 5058 Georgium
1144 4976 1259 5058 reperies
1268 5022 1277 5051 ,
1286 4990 1333 5036 aut
1345 4973 1419 5058 apud
1433 4977 1611 5056 Anonymum
1621 5000 1722 5060 ,qoem

29 5088 34 5093 '
155 5079 213 5138 iere
226 5072 367 5156 exprimit.
384 5069 613 5149 Anonymo'enim
621 5084 687 5127 oum
695 5066 879 5150 Uetaphraste
891 5089 984 5129 sensus
999 5070 1054 5129 fere
1069 5090 1190 5152 semper,
1207 5067 1290 5130 verba
1302 5068 1383 5129 etiam
1397 5067 1557 5151 plerumque
1569 5084 1633 5132 sunt
1645 5091 1723 5134 com-

158 5170 262 5231 munia.
284 5169 374 5246 Atque,
388 5161 447 5222 haec
461 5181 498 5225 ex
516 5157 608 5221 multis
626 5156 756 5221 adnotate
773 5161 863 5221 visum
874 5175 914 5223 est
926 5161 961 5222 ad
976 5175 1098 5223 auctores
1112 5184 1202 5226 rerum
1217 5161 1407 5244 chrysostomi
1425 5182 1503 5242 :que
1516 5159 1677 5248 doctomm,
1687 5181 1721 5229 rt

155 5262 229 5342 diri,
240 5256 354 5345 judicio,
363 5270 395 5317 ut
406 5274 466 5316 met
478 5269 586 5335 quoque
601 5250 700 5328 οιιιιιίι,
714 5254 854 5335 permitto.

786 5383 1093 5417 ω
