3750 6052
612 721 657 767 nn
684 721 763 769 vrrs
797 719 828 768 s.
854 717 996 768 sotnnrs
1020 719 1269 769 cunrsosrout.
1674 700 1720 790 43

149 844 394 927 κεκαρωμένονςτῇ
416 843 535 925 άπιστίφ.
550 846 727 927 Σφοδράτιρον
749 845 777 910 δδ
792 849 826 925 τῇ
840 845 917 925 φλογὶ
971 847 1024 904 bus
1041 857 1142 905 essent
1161 847 1315 905 comtitnti
1327 887 1336 919 ,
1349 864 1402 904 sno
1420 845 1531 905 bonore
1541 858 1570 904 et
1582 845 1725 927 dignitate

148 944 197 1010 τῆς
211 938 356 1017 βασκανίας
368 936 573 1015 αατακαιάμενοι
587 942 611 998 οἱ
625 939 686 1019 περὶ
698 938 860 1020 Σευηριανὸν
871 937 918 997 καί
967 939 1151 1010 excederent,
1166 939 1274 996 milites
1295 937 1442 1018 cingulum
1469 941 1636 999 amitterent
1650 961 1659 996 ι
1674 960 1723 998 re·

150 1031 301 1111 Πορφάριον
324 1029 370 1089 καί
393 1027 478 1110 ίτεροί
499 1052 567 1098 τινες
589 1034 637 1098 τῆς
662 1030 760 1110 Συρίας
779 1030 919 1090 ἐπίσκοποι
969 1028 1147 1113 lipnuplebs
1161 1043 1252 1109 atque
1271 1031 1389 1109 opifices
1408 1035 1492 1112 gravi
1506 1035 1573 1091 artri
1593 1032 1725 1112 pondere

149 1119 393 1202 παρασκευάζουσιν
416 1122 492 1182 αὗτδν
508 1123 628 1182 κάκεῖθεν
648 1126 849 1203 μετενεχθῆναι·
866 1126 920 1201 βα·
968 1122 1099 1194 multati,
1120 1121 1305 1202 subjacerent
1326 1124 1443 1182 exsilio.
1463 1125 1595 1183 Ceterum
1613 1137 1639 1183 et
1662 1123 1725 1183 baec

151 1212 197 1292 ρὺς
210 1211 262 1294 γδρ
277 1214 362 1280 αὐτοῖς
375 1204 407 1286 ἦν
420 1216 449 1273 οὐ
463 1212 542 1291 μ’άνον
555 1217 583 1275 ίν
593 1222 651 1282 ταῖς
663 1213 847 1293 νομιζομέναις
858 1214 919 1285 εὖη·
948 1227 951 1235 ’
970 1215 1071 1274 fiebant
1080 1239 1089 1292 ρ
1108 1230 1134 1275 et
1152 1235 1271 1295 precesa
1290 1215 1369 1274 bonis
1385 1229 1411 1274 et
1429 1216 1522 1297 probis
1539 1237 1638 1296 magun
1658 1236 1724 1276 cum

151 1305 270 1384 μερίαις,
292 1305 360 1365 ἀλλὰ
385 1307 476 1384 πολλῷ
498 1304 578 1365 πλίον
601 1309 633 1367 ίν
650 1315 708 1376 ταῖς
731 1304 919 1385 δυσημερίαις,
970 1309 1145 1368 afflictatione
1164 1309 1215 1368 sub
1231 1307 1277 1369 dio
1294 1308 1722 1390 peragebantur,amoreServu·

150 1399 238 1475 ἀφυῶς
257 1396 430 1474 διακειμάνοις
445 1396 506 1478 περὶ
518 1396 566 1471 τὴν
587 1397 733 1478 φύσιντῶν
745 1399 921 1480 πειρασμῶν,
971 1396 1038 1456 toris
1049 1397 1095 1475 qui
1106 1397 1198 1471 dixit,
1215 1399 1282 1478 Ego
1292 1418 1357 1456 snm
1371 1405 1425 1455 nia
1439 1410 1468 1456 et
1482 1403 1595 1457 ueritas
1602 1422 1613 1467 ,-
1625 1410 1650 1458 et
1661 1417 1722 1455 rur·
1731 1404 1871 1467 loannis.

151 1493 181 1549 od
194 1495 206 1521 ¹
218 1489 394 1568 μεμνημένοις
406 1495 453 1549 τοῦ
466 1490 531 1569 πρὸς
543 1491 588 1551 τὸν
602 1490 749 1551 ἀπόστολον
764 1490 833 1549 θείου
846 1511 920 1570 χρη·
971 1509 1035 1558 sus,
1056 1489 1202 1564 confidite
1219 1512 1228 1546 t
1243 1509 1295 1570 ego
1312 1492 1373 1548 uici
1395 1491 1547 1550 mundum.
1564 1495 1604 1549 Ac
1624 1488 1723 1548 beatum
1732 1470 1847 1519 ΨΜ·

151 1587 219 1660 σμοῦ
234 1586 259 1642 it
270 1591 327 1649 ταῖς
340 1580 444 1663 θλίψεσι
455 1583 611 1661 γενόμενον·
626 1583 669 1658 rb,
681 1583 768 1664 Ἀρκεῖ
783 1606 824 1642 σοι
838 1586 858 1653 ἡ
871 1580 921 1661 χά·
938 1594 956 1641 tt
973 1579 1085 1658 quidem
1106 1582 1222 1643 Joannes
1235 1580 1334 1641 Cucusi
1348 1594 1468 1641 moratus
1486 1603 1587 1641 aunum
1608 1602 1699 1641 unum
1713 1626 1722 1657 ,

152 1697 191 1756 ρις
206 1696 271 1752 μου·
290 1679 307 1746 ἡ
323 1673 375 1753 γδρ
396 1673 507 1751 δύναμίς
521 1699 571 1753 μου
586 1679 614 1735 ἐν
630 1674 751 1754 ἀσθενείᾳ
764 1675 919 1734 τελειοῦται.
973 1672 1105 1754 plurimos
1117 1674 1248 1734 Armeniae
1262 1695 1392 1755 pauperes
1406 1673 1494 1754 parit,
1507 1695 1561 1734 nou
1572 1687 1627 1734 tam
1638 1695 1725 1754 pane,

151 1765 320 1843 Θεασάμενοι
341 1767 393 1849 γδρ
413 1775 615 1844 μεταναστᾶσαν
636 1766 686 1839 τλν
706 1766 860 1847 Ἀντιοχέων
878 1765 923 1826 ἐπί
972 1764 1390 1842 quamverbotinvaseratenim
1404 1787 1453 1847 per
1463 1765 1494 1826 id
1503 1780 1610 1847 tempus
1622 1787 1724 1847 magna

152 1857 203 1930 τὴν
223 1856 380 1937 Ἀρμενίων,
402 1862 523 1918 κάκεῖθεν
536 1858 616 1918 πάλιν
631 1859 676 1919 tat
696 1858 748 1930 sis
767 1856 923 1938 Ἀντιοχίων
975 1855 1058 1914 fames
1072 1856 1207 1936 mgionem
1220 1857 1307 1921 illam.
1329 1859 1399 1918 Cum
1420 1872 1510 1919 autem
1523 1873 1549 1919 et
1564 1858 1600 1920 ob
1619 1858 1649 1919 id
1670 1859 1723 1940 ipsi

153 1951 203 2022 τὴν
216 1950 340 2011 Ἰωάννου
356 1949 511 2030 εθράριστον
530 1949 685 2030 φιλοσοφίαν
707 1948 854 2031 ᾀδομίνην,
869 1948 923 2022 ηδ·
976 1946 1131 2007 inviderunt
1143 1948 1184 2007 iili
1193 1948 1349 2024 fratricidae,
1360 1950 1518 2011 Arabissnm
1531 1973 1593 2012 eum
1604 1952 1724 2012 transie-

153 2067 233 2124 χοντο
246 2043 291 2103 καλ
304 2043 336 2104 rb
349 2047 395 2122 ζῇν
412 2041 569 2124 ἀπορρῆξαι,
583 2042 703 2122 καθάπερ
721 2044 772 2102 ὑπὸ
786 2040 923 2121 μαστίγων
976 2054 1053 2115 runt,
1069 2041 1154 2102 variis
1171 2043 1361 2102 vexationibus
1380 2042 1565 2124 subjicientes,
1585 2057 1616 2103 ut
1637 2044 1722 2105 vitam

155 2139 208 2195 τῶν
224 2136 398 2217 διηγημάτων
413 2135 631 2215 βασανιζόμενοι·
646 2142 763 2196 τοιοῦτον
777 2134 859 2216 γάρὸ
874 2158 921 2212 μι-
976 2132 1083 2193 tandem
1091 2135 1262 2214 relinqueret.
1273 2135 1309 2195 Et
1317 2135 1376 2196 illic
1384 2157 1478 2196 mrsus
1487 2157 1542 2197 non
1554 2137 1726 2198 mediocriter

107 2238 126 2290 t.
155 2227 267 2297 σόκαλος
280 2227 385 2309 φθάνος·
400 2233 435 2296 ὡς
453 2226 513 2295 τοὺς
531 2227 648 2309 ὁρῶντας
660 2231 713 2288 τῶν
727 2228 862 2306 ίπομάνων
878 2229 925 2287 αιί-
976 2227 1125 2287 virtutibus
1140 2226 1326 2308 splendescens
1345 2233 1414 2304 (non
1432 2240 1517 2308 potest
1536 2229 1608 2289 enim
1625 2229 1723 2290 civitas

154 2323 355 2402 τοῑςκληρικῶν
369 2320 549 2399 θαυμάζοντας
564 2319 666 2397 λέγειν·
682 2320 751 2380 ίδετε
765 2319 856 2399 νικρδν
875 2341 924 2399 φο·
975 2317 1106 2378 abscondi
1127 2341 1210 2401 supra
1236 2334 1353 2379 montem
1376 2309 1483 2400 posita,
1503 2341 1589 2401 neque
1612 2312 1727 2383 lucerna'

155 2412 243 2493 θερδν,
256 2412 316 2481 τοὺς
329 2416 428 2481 ζῶντας
441 2413 486 2472 καὶ
499 2416 662 2492 κρατοῦντας
674 2412 864 2484 διαπτοοῦντα,
877 2433 925 2468 κα·
977 2410 1120 2490 splendide
1130 2412 1224 2471 lucens
1237 2412 1327 2489 ligneo
1342 2413 1433 2473 modio
1448 2414 1570 2492 contegi)
1585 2413 1726 2488 excitavit,

154 2505 238 2585 θάπερ
258 2505 317 2572 robe
338 2506 435 2572 παῖδας
453 2504 487 2563 τδι
504 2505 695 2583 μορμολυκεῖα.
718 2502 823 2564 Βαὸαί·
838 2508 862 2564 σί
878 2502 958 2572 ricc
976 2505 1062 2564 veluti
1076 2525 1109 2564 ex
1126 2503 1286 2583 ignorantia
1299 2525 1408 2579 somno,
1427 2504 1463 2564 ad
1484 2505 1614 2565 sermonis
1635 2505 1726 2567 divini

154 2599 284 2675 κοσμικδς
297 2596 450 2666 δυναστείας
472 2597 519 2656 καί
543 2598 587 2657 τὸν
608 2596 828 2670 ίκκλησιαστικδν
844 2599 925 2673 ίνημ·
977 2594 1065 2658 lucem
1078 2616 1112 2655 ex
1132 2595 1206 2655 omni
1221 2596 1309 2655 vicina
1323 2597 1431 2676 regione
1445 2597 1549 2675 eosqui
1563 2596 1641 2675 gravi
1655 2597 1722 2657 inii·

155 2691 228 2768 μίνοι
241 2693 354 2750 πλοῦτον
369 2688 429 2767 μετ’
442 2688 569 2763 ἐξουσίας,
584 2688 652 2765 μιτδι
664 2688 710 2748 καί
723 2692 771 2759 τῆς
782 2692 835 2749 τῶν
853 2711 927 2768 πρα-
976 2688 1096 2748 delitatis
1106 2708 1202 2768 sopore
1215 2688 1336 2769 oppressi
1344 2703 1429 2749 erant.
1442 2689 1526 2748 Porro
1536 2688 1722 2750 vehementius

153 2783 263 2861 γμάτων
275 2785 371 2862 ἀρχῆς,
385 2781 428 2840 τδν
444 2780 526 2860 inplet,
540 2781 585 2842 τὸν
599 2780 688 2857 μόνον,
702 2780 746 2840 τὸν
759 2781 864 2853 άπολιν,
880 2780 925 2839 τδν
977 2782 1091 2842 invidiae
1111 2782 1221 2842 flamma
1240 2781 1344 2841 accensi
1365 2780 1528 2842 Severianus
1551 2794 1578 2840 et
1594 2781 1727 2863 Porphy-

154 2878 249 2947 ἀσθενῆ
269 2879 303 2954 τῇ
327 2873 423 2953 σαρκί,
445 2872 489 2932 τὸν
511 2873 641 2955 ἐξόριστον
662 2873 790 2962 δεδιότες,
806 2876 926 2954 ὠχριῶσι
977 2875 1034 2934 rins
1048 2895 1081 2935 ac
1091 2873 1202 2953 quidam
1215 2873 1262 2933 alii
1274 2873 1515 2955 episcopiSyriae,
1531 2887 1561 2932 ut
1575 2873 1634 2954 ipse
1647 2874 1724 2935 illinc

153 2966 339 3049 σφαδάζοντες.
364 2965 470 3038 Μηκίτι
493 2957 537 3025 οὗν
553 2965 763 3047 καρτερήσαντις
785 2970 819 3047 τῇ
839 2971 925 3046 σκηνῇ
977 2990 1084 3048 quoque
1105 2968 1311 3042 transferretur,
1332 2967 1483 3027 moliuntur
1506 2991 1514 3024 ε
1540 2988 1602 3027 nam
1629 2968 1722 3048 grevis

153 3057 278 3141 κρύπτειν
292 3058 337 3117 τὸν
347 3056 415 3137 ὄφιν,
430 3058 633 3125 ἀποστείλαντες
643 3060 681 3126 είς
693 3058 725 3119 τὸ
737 3053 925 3137 στρατόπεδον,
977 3060 1043 3140 ipsis
1060 3073 1117 3120 erat
1137 3080 1189 3120 non
1210 3059 1299 3119 solum
1313 3059 1341 3119 in
1363 3057 1574 3141 prosperisque
1598 3073 1728 3140 putantur

154 3150 318 3232 ἐκπορίζουσι
348 3150 430 3209 πάλιν
459 3149 624 3232 ἀντιγραφὴν
653 3150 829 3232 σφοδροτέραν
857 3149 926 3228 μετδ
979 3151 1075 3227 rebus,
1090 3149 1137 3212 ted
1152 3151 1346 3230 multomagis
1370 3150 1544 3211 inadversis.
1561 3151 1728 3232 ignorabant

153 3240 314 3323 προστίμου·
339 3240 410 3308 ἐντὀς
434 3245 527 3312 στενῆς
547 3240 712 3321 ’προθεσμίας
736 3244 926 3322 μετενεχθῆναι
977 3246 1079 3306 scilicet
1096 3240 1275 3315 tentationum
1290 3257 1433 3316 naturam,
1452 3264 1536 3322 neque
1547 3244 1728 3306 meminerant

154 3333 232 3394 οιιίτθν
243 3337 280 3399 εἷς
294 3334 459 3406 Πιτυοῦντν,
470 3333 552 3392 τίπνν
567 3333 721 3414 ποινίρημνν
735 3338 789 3392 τῶν
800 3333 924 3405 Τζᾶνων,
942 3361 959 3407 n
976 3339 1065 3401 divini
1082 3339 1120 3399 ad
1140 3339 1298 3420 apostolum
1321 3338 1349 3397 in
1370 3337 1566 3398 afflictionibus
1596 3339 1700 3401 oraculi
1714 3362 1722 3397 ε

154 3424 318 3501 ἐπικείμενον
336 3428 370 3503 τῇ
390 3424 457 3504 ὄχθῃ
472 3429 520 3496 τῆς
535 3427 667 3497 Ποντικῆς
686 3426 830 3498 θαλάσσης.
847 3425 925 3486 Οἱδί
977 3433 1101 3512 Sufficit
1124 3433 1177 3490 tibi
1190 3435 1289 3512 gratia
1302 3451 1388 3502 ιυεας
1403 3433 1500 3490 virtus
1513 3433 1592 3495 ενιίια
1603 3418 1824 3509 mentula„
1838 3471 1874 3504 ,ς

153 3518 287 3596 διάγοντες
300 3517 377 3576 αὐτὸν
399 3520 560 3596 στρατιῶται
581 3524 627 3576 τοῦ
641 3519 759 3598 ἐπάρχου
774 3521 827 3577 τῶν
841 3541 925 3596 πραι·
977 3524 1152 3602 infirmitate
1167 3522 1328 3603 perficitur.
1343 3520 1473 3582 Videntes
1485 3521 1558 3582 enim
1573 3522 1757 3593 intime-s·
1783 3580 1787 3587 ,

153 3609 266 3689 τωρίων,
280 3609 324 3668 ίπλ
335 3615 456 3668 τοσοῦτον
470 3608 631 3686 κατήπειγον
645 3607 688 3667 iti
698 3613 747 3679 τῆς
757 3610 827 3684 ὁδοῦ,
837 3609 926 3686 λέγον·
978 3637 1039 3674 nam
1055 3613 1204 3673 Ecclesiam
1219 3613 1245 3672 in
1269 3613 1422 3672 Armeniam
1437 3612 1627 3693 migrassem
1643 3612 1722 3677 illino
1753 3608 1757 3615 ’
1790 3645 1795 3651 ·

152 3726 196 3768 τις
208 3700 332 3769 τοιούτοις
345 3699 416 3780 ἔχειν
430 3698 477 3768 sit
489 3699 605 3772 ίντολθτ,
618 3704 664 3773 ωε,
677 3701 701 3759 si
715 3700 842 3761 ἀποθάνοι
855 3699 925 3760 κατὰ
979 3729 1071 3767 rursus
1091 3706 1243 3766 Antiochia
1260 3704 1487 3786 jucundissimam
1505 3705 1619 3767 ioannis
1632 3704 1736 3786 pbiio-.
1858 3694 1861 3699 ’

151 3794 201 3866 τὴν
212 3794 283 3866 ὁδον,
298 3791 423 3871 μειζόνων
437 3789 631 3864 ἇζιωθιίσοντοιι
641 3797 694 3852 τῶν
707 3797 827 3872 βαθμῶν.
844 3792 926 3853 Kaio
978 3799 1104 3880 sophiam
1124 3796 1283 3879 predicari,
1298 3795 1427 3876 optabant
1451 3795 1495 3855 vel
1511 3796 1599 3857 vitam
1608 3796 1736 3859 ebrum·—
1772 3866 1785 3876 ,Ι

153 3887 202 3964 μὲν
216 3878 252 3953 εἷς
269 3884 296 3954 ἐξ
313 3887 410 3955 αὐτῶν,
432 3884 542 3944 ίλαττον
561 3885 701 3966 φροντίσας
721 3888 770 3956 τῆς
789 3883 925 3967 παρούσης
978 3913 1042 3973 pere
1051 3936 1061 3963 ,
1077 3890 1120 3950 bis
1136 3888 1336 3949 narrationibus
1355 3888 1438 3948 veluti
1458 3886 1553 3968 flagris
1563 3890 1629 3950 torti
1646 3884 1725 3953 sbu-

154 3977 310 4058 στρατείας,
335 3976 533 4058 φιλανθρωπίαν
558 3976 618 4036 τινδι
645 3981 734 4046 ποσῶς
759 3979 925 4038 διοικλιπτιῒιν
976 3984 1098 4066 jusmodi
1117 3982 1189 4043 enim
1210 3995 1249 4042 est
1269 3972 1402 4042 bonorum
1417 3964 1638 4041 bostisinvidiea
1654 3981 1726 4045 tideo

154 4071 354 4134 ὴίνιδιίνινυτο·
373 4074 387 4130 ὃ
405 4072 429 4129 δ’
448 4069 535 4150 lupo<
554 4069 598 4130 ἒπλ
621 4075 744 4130 τντυῧτνν
767 4061 799 4143 ἦν
822 4068 926 4142 &merle
979 4094 1010 4138 ut
1026 4077 1118 4138 clerici
1131 4076 1178 4156 qui
1192 4096 1237 4134 eos
1251 4074 1450 4153 sequebantur,
1464 4094 1526 4133 cum
1538 4067 1568 4132 id
1582 4071 1724 4151 viderent,

155 4165 200 4225 ννί
217 4162 357 4237 etentes,
375 4166 411 4229 ‘iii
430 4162 477 4230 iii<
490 4166 528 4231 νίτ
541 4163 619 4223 “iiii
635 4163 773 4242 Υτννμὲνττ
785 4163 927 4230 wimiis
980 4171 1133 4232 mirabundi
1143 4168 1262 4230 dicerent
1274 4193 1281 4226 ·.
1295 4165 1394 4227 Videte
1403 4179 1541 4225 mortuum
1554 4166 1721 4241 terribilem,

155 4256 230 4337 πορθ
252 4260 304 4315 τῶν
328 4255 580 4336 προστυγχανόντων
603 4255 648 4315 itti
671 4256 755 4338 φιιδνῖ
778 4261 824 4316 τοῦ
851 4254 926 4334 ἇγίυυ
979 4265 1057 4331 rivos
1081 4263 1251 4340 victoresque
1271 4272 1431 4332 terrentem,
1454 4272 1485 4317 ut
1507 4279 1605 4338 pueros
1623 4272 1724 4319 terrent

156 4349 245 4430 θὸρεις
257 4348 382 4426 νομίζειν,
392 4346 484 4407 τούτου
496 4347 575 4425 μόνον
586 4349 728 4429 φροντίζων
742 4349 787 4409 τδν
799 4347 926 4418 Ἰωάννην
942 4375 962 4425 g
979 4357 1070 4416 laerte.
1085 4352 1183 4435 Papa!
1205 4352 1225 4411 ii
1243 4351 1482 4431 qni'satcularibus
1493 4351 1670 4431 potestatibus
1680 4367 1722 4411 at-

156 4443 360 4512 δυσθανατῆσαι.
381 4438 474 4498 Ὑετῶ
489 4442 537 4517 μίν
552 4439 604 4521 γάρ
617 4439 717 4520 λάάρου
731 4440 812 4514 ὄντος,
827 4442 924 4520 ἄφρον·
979 4470 1031 4528 que
1043 4445 1229 4519 ecclesiasticis
1244 4443 1342 4525 opibus
1363 4443 1492 4503 succincti
1516 4456 1578 4502 sunt
1599 4466 1662 4503 cum
1675 4465 1723 4526 po·

155 4532 252 4600 τίοτως
263 4530 343 4612 iila,
353 4533 389 4597 ὧν
399 4530 443 4589 &lt
457 4530 540 4589 νῶτνι
554 4532 599 4589 τινὶ
613 4532 727 4612 στίρνων
739 4532 863 4613 φέρεσθαι
876 4530 924 4598 ibt
980 4553 1072 4600 testate
1088 4552 1188 4598 etcum
1202 4556 1292 4595 rerum
1317 4534 1444 4614 imperio,
1465 4533 1646 4612 sacerdotem,
1675 4557 1723 4595 su·

155 4629 208 4684 τῶν
218 4623 321 4684 ὑδάτων
334 4621 454 4688 λιὸοίδνε·
471 4622 588 4701 Σφνδρόν
602 4621 723 4683 diffidit
744 4630 836 4701 ννῧμτ
848 4622 924 4696 ἡδίων
978 4634 1053 4705 Ιυιιι,
1069 4645 1215 4703 extorrem,
1238 4648 1350 4707 corpore
1369 4626 1528 4702 infirmum,
1543 4628 1665 4710 exsulem
1686 4628 1723 4686 ti·

155 4716 214 4775 ast
234 4721 334 4797 sust<
357 4719 462 4794 ἡγεῖτο,
486 4712 560 4781 ‘libs
583 4717 610 4773 b
633 4716 717 4794 τοίτω
738 4717 875 4796 δυσφορεῖν
894 4716 925 4776 τὸ
979 4740 1053 4786 ment
1067 4737 1093 4785 et
1106 4722 1208 4804 pallent
1225 4719 1382 4779 titubantes.
1400 4719 1469 4777 Cum
1489 4717 1575 4798 igitur
1588 4740 1641 4780 σου
1660 4741 1724 4802 pos·

155 4806 326 4869 Ῥλισσοιϊκδν
345 4807 450 4888 κρανίον
464 4814 510 4867 τοῦ
526 4805 668 4886 μακαρίου·
688 4809 736 4874 Εἷς
759 4807 835 4867 πόλιν
856 4806 923 4879 ibit
979 4832 1037 4879 sent
1056 4816 1175 4897 amplius
1191 4826 1340 4892 serpentem
1353 4832 1414 4870 oasa
1428 4809 1569 4881 conditum
1591 4813 1723 4888 retinere,

155 4899 259 4977 κώμην,
274 4901 459 4980 ίνθνδυντρτῧ
474 4890 689 4982 πνρνμνθίνῆνν
704 4899 762 4968 viil
781 4900 925 4978 ττιγμνλνί
979 4914 1113 4974 mittentes
1149 4909 1186 4969 ad
1219 4907 1401 4981 comitatum,
1434 4928 1529 4967 rursus
1562 4913 1723 4991 rescriptum

156 4992 281 5064 ὃὗντνινυτ
296 4994 440 5076 συνεχώρει
452 5002 546 5053 ποιεῖν·
562 4992 616 5053 Καί
629 4994 656 5052 ίν
670 4992 770 5062 τνιίτυιε
785 5003 867 5053 πᾶσιν
880 4992 924 5052 iffi
979 5005 1068 5065 aerius
1080 5003 1201 5064 obtinent
1216 5021 1278 5060 cum
1291 5000 1392 5059 mulcta
1407 5024 1414 5056 ε
1429 5001 1500 5060 intra
1512 5001 1595 5062 breve
1617 5016 1724 5085 tempus

155 5084 282 5167 τρίμηννν
304 5084 354 5157 τίν
374 5085 578 5165 ἀργαλεωτάτων
598 5086 699 5157 ἐντίννιν
718 5087 832 5167 βαδίζων
846 5088 925 5160 ὁδὸν,
980 5108 1008 5152 ut
1019 5093 1206 5152 transferretur
1222 5090 1378 5170 Pityuntcm
1388 5134 1398 5161 ,
1416 5089 1504 5149 locum
1522 5090 1639 5171 regionis
1653 5093 1723 5150 Tna-

155 5177 247 5255 άμενεν
260 5180 275 5236 θ
289 5176 362 5255 ἅγιος
373 5180 410 5243 ὡς
422 5178 508 5257 tier-lp
522 5177 692 5252 διαστίλάων,
705 5178 774 5260 ίχων
788 5178 818 5237 rb
833 5178 926 5256 σωμά·
944 5212 962 5260 ρ
980 5203 1076 5240 nurum
1095 5179 1327 5246 desertissimum,
1349 5177 1383 5237 ad
1398 5177 1464 5236 liius
1474 5178 1577 5237 Pontici
1592 5179 1675 5237 maris
1688 5179 1724 5238 si·

154 5293 210 5329 τιον
225 5270 346 5349 καθάπερ
360 5272 444 5347 μῆλον
463 5273 504 5331 ἐπ’
520 5270 608 5351 άκρων
623 5271 728 5332 κλάδων
741 5275 925 5354 οἡλιοφοινισ-
980 5285 1049 5333 tum.
1062 5269 1165 5331 Milites
1175 5282 1265 5328 autem
1275 5266 1393 5349 prefecti
1406 5265 1588 5346 praetorioqui
1600 5286 1662 5326 eum
1673 5265 1722 5326 du·

188 5497 199 5521 ¹
216 5476 322 5550 [Μία
333 5470 498 5547 Ρῑίίίνάίθνῑά
1001 5495 1013 5521 ⁰
1026 5479 1119 5546 [Furi.
1132 5483 1188 5546 ἡλίῳ
1200 5473 1388 5548 parvissimum]

189 5562 202 5600 ν
220 5557 296 5629 [Into
307 5552 468 5623 ίπεδσίκνντο.]
