3714 5970
150 474 221 567 274
334 462 337 467 ’
775 486 891 537 sruntt
918 488 1080 551 ostensu.

146 615 322 700 passionibus
337 617 448 696 angelos
461 617 611 678 imitantes:
627 617 725 695 itaque,
740 613 769 674 st
785 634 846 694 quo
859 615 891 673 iu
911 621 929 668 t·
946 611 1164 693 παραγινόμενον,
1179 612 1252 688 εἰσί,
1266 612 1373 685 ἐκτίσθη
1389 613 1515 682 όαῦτός·
1530 613 1615 713 heae,
1630 614 1665 674 lit
1676 638 1710 684 τις

148 699 275 767 Christo,
292 717 370 755 noea
381 710 526 758 neotum.
536 698 590 757 ,tbi
603 697 631 756 in
645 693 791 765 Persidem,
805 713 891 751 sinon
946 693 974 750 ίν
989 694 1114 773 Χριστῷ,
1126 694 1204 764 καινὴ
1220 694 1316 760 κτίσις.
1330 691 1405 774 Ὅρα
1419 700 1560 774 πανταχοῦ
1570 717 1618 765 της
1627 698 1709 755 σίκαι-

149 797 280 858 eorpore,
299 777 396 836 saltem
413 790 521 852 mente;
537 790 635 836 matres
653 776 681 834 in
696 795 794 833 uxores
807 772 889 832 duee·
947 770 1028 848 μένης
1046 772 1139 845 καινὴν
1154 773 1203 845 τὴν
1217 774 1313 833 κτίσιν.
1325 770 1413 834 Ὅταν
1436 774 1497 854 ίδης
1520 774 1652 873 μοναχοίγς
1666 775 1709 875 όρη

148 857 226 927 hant,
239 876 312 914 nune
328 870 418 916 aunem
431 858 616 937 virginitatem
629 855 731 914 colunt.
745 855 846 930 ltaque,
859 853 892 912 Si
946 851 1153 932 κατειληφότας,
1168 852 1394 934 ίσταυριιμένους,
1410 852 1458 920 τλις
1473 854 1593 932 ἀνάγκας
1605 877 1653 954 της
1665 878 1709 933 ρυ-

150 957 211 1017 ιρεια
223 940 256 993 in
269 937 400 1010 Christo,
411 959 485 997 novo
499 950 643 998 ereatura.
657 937 814 993 Creatorem
827 952 888 991 eon·
900 966 937 1005 γη,
946 953 1011 998 σεως
1025 941 1251 1005 καταπατοῦντας,
1265 934 1390 1012 ἀγγέλους
1401 933 1581 1011 μιμουμένοις
1596 958 1629 1034 ιγ,
1643 939 1709 994 άπα-

149 1015 223 1097 spiee
243 1036 331 1095 usque
349 1016 385 1075 ad
406 1037 498 1096 reges,
518 1017 564 1096 qui
580 1015 731 1075 diademate
747 1027 887 1072 ornantur.
909 1026 928 1067 Λ
946 1010 1023 1090 help·
1039 1010 1109 1070 ὥστε
1124 1014 1159 1071 Et
1167 1037 1206 1080 τις
1219 1016 1246 1072 lv
1260 1014 1382 1095 Χριστῷ,
1395 1013 1475 1085 καινὴ
1488 1014 1586 1081 κτίσις.
1612 1017 1710 1117 huelpi

150 1095 277 1156 Antehac
298 1116 374 1174 reges
393 1096 483 1154 omnia
503 1095 640 1176 impietate
661 1093 797 1174 replebant
804 1115 812 1167 ς
831 1095 889 1172 jam
944 1092 981 1158 εἷς
1001 1090 1140 1170 Περσίδα,
1157 1094 1181 1151 εἰ
1195 1093 1232 1171 μὴ
1246 1093 1292 1151 καὶ
1312 1098 1351 1175 τῷ
1370 1093 1496 1171 σώματι,
1513 1095 1582 1152 άλλλ
1602 1098 1644 1196 τῷ
1660 1115 1709 1154 νιι·

150 1196 215 1234 reru
233 1196 310 1254 reges
324 1175 351 1233 iu
367 1175 503 1234 ecclesiam
520 1196 549 1235 se
563 1177 704 1234 conferunt
717 1196 724 1230 :
739 1187 802 1232 tunc
816 1194 891 1253 reges
943 1170 1060 1249 μητέρας
1077 1171 1207 1259 ἐγάμουν,
1220 1178 1265 1231 νῦν
1277 1171 1305 1231 δέ
1318 1174 1461 1252 παρθενίαν
1475 1177 1616 1273 άσκοῦσιγ.
1642 1174 1708 1273 ssusa

150 1253 289 1314 omnihus·
303 1267 380 1312 erant
400 1254 549 1331 terribiles;
574 1274 645 1313 nune
663 1267 753 1312 autem
772 1254 890 1313 Ecclesia
943 1248 969 1307 εί
980 1273 1019 1317 τις
1033 1253 1060 1308 ἐν
1074 1252 1193 1331 Χριστῷ,
1208 1250 1285 1322 καινὴ
1299 1252 1391 1320 κτίσις.
1403 1253 1494 1351 Μέχρι
1508 1256 1641 1332 βασιλειαν
1654 1256 1709 1332 βλε·

150 1332 417 1393 ιιεῑςιιιτίλιίΙίεεει.
433 1335 501 1408 Quis
514 1334 583 1393 arisit
597 1333 652 1413 regi
665 1332 766 1408 dicere,
780 1332 892 1414 Depone
943 1352 977 1387 πε
991 1328 1040 1401 τὴν
1053 1329 1139 1390 κτίσιν
1152 1336 1205 1391 τῶν
1218 1331 1251 1390 eh
1263 1333 1413 1409 διαδήματα
1426 1334 1555 1470 1έμοντιιιν.
1583 1333 1642 1446 Πρὸ
1657 1335 1710 1394 ταί.

150 1354 276 1471 liadoma
300 1413 400 1471 tuum?
424 1413 543 1473 Ecclesia
561 1411 673 1473 veroid
692 1412 775 1485 dicit,
795 1426 822 1471 et
843 1412 891 1471 ille
943 1431 992 1467 σου
1005 1411 1123 1487 βασιλεῖς
1136 1410 1224 1469 πάντα
1238 1412 1356 1483 ἔπλησαν
1378 1415 1425 1470 ἇσσ
1445 1414 1517 1486 σίας,
1532 1418 1578 1471 νῦν
1597 1420 1626 1471 δι
1658 1438 1710 1516 σσιρ

151 1492 333 1571 obtemperat,
355 1491 480 1570 venitque
502 1491 575 1551 uredo
598 1493 697 1574 eapite,
721 1492 826 1553 nomine
844 1493 891 1571 ju·
944 1490 997 1556 λεῖι
1020 1492 1055 1554 εἷς
1078 1490 1219 1562 ἐκκλησίαν
1241 1496 1395 1551 ἀπαντῶσι·
1412 1492 1501 1552 καίτοι
1525 1503 1593 1553 πᾶσι
1611 1494 1710 1572 ρυόεροι

151 1570 248 1643 heuto,
263 1570 310 1629 sed
328 1571 450 1631 hortante
463 1572 584 1632 ratione:
601 1573 675 1631 nudo
690 1575 778 1653 capite
789 1592 891 1631 necor·
945 1572 969 1627 σί
990 1571 1121 1647 βασιλεῖς,
1135 1575 1179 1628 νῦν
1193 1572 1220 1629 ll
1235 1571 1414 1643 ἡἸίκκλησία
1427 1575 1517 1639 αὐτοῖς
1539 1572 1648 1653 postet
1665 1576 1710 1641 Τίς

152 1663 237 1710 nato:
254 1649 377 1711 diademo
400 1651 510 1730 rejicit,
525 1666 550 1711 et
567 1673 673 1711 erucem
686 1654 793 1732 accipit.
807 1654 892 1711 Intrat
944 1649 1032 1727 τολμᾷ
1050 1651 1132 1707 εἰπεῖν
1157 1653 1276 1728 βασιλεῖ,
1296 1652 1338 1719 θές
1361 1675 1407 1712 σου
1430 1651 1460 1711 τὸ
1477 1652 1625 1749 Ιδιάδημη
1645 1658 1662 1725 ἡ
1684 1652 1710 1713 li

153 1730 187 1789 orl
199 1673 450 1790 inensamsiruiliter
460 1746 596 1811 pauperet
608 1751 732 1805 ret;non
743 1732 892 1813 aliterpuu-
945 1726 1094 1799 ’ίίισιίσισίαι
1115 1733 1187 1808 αὐτῷ
1209 1731 1296 1808 λέγει,
1316 1730 1361 1789 ml
1384 1736 1526 1799 immun,
1541 1733 1589 1790 ml
1605 1732 1711 1831 ἔμᾈσσσι

152 1831 200 1888 per
214 1822 240 1868 ct
256 1809 334 1871 aliter
348 1831 414 1869 rex:
427 1830 512 1889 neque
527 1832 574 1869 res
590 1811 657 1870 dicit
663 1856 671 1886 ,
689 1812 759 1871 Mihi
775 1811 892 1892 amplius
912 1831 930 1876 u
945 1811 1032 1887 γυμνῇ
1054 1811 1202 1888 τῇκεραλῇ
1217 1810 1318 1877 οὐδενὸς
1338 1810 1473 1889 λέγοντος,
1489 1810 1562 1871 ἄλλα
1576 1835 1621 1870 του
1642 1834 1711 1889 λογι-

62 1884 70 1897 ’
152 1888 228 1963 ituro,
249 1890 361 1970 pauperi
375 1910 440 1947 vero
454 1890 575 1969 ματαίαν,
597 1890 644 1949 setl
658 1914 720 1951 rum
736 1890 827 1951 eadem
843 1892 892 1949 hu·
947 1894 1014 1962 σμοῦ
1039 1894 1242 1989 παραινοῦντρρ·
1258 1894 1390 1989 γυμνῇγτῇ
1406 1893 1509 1991 κερρλῇ
1524 1891 1573 1950 καὶ
1595 1893 1712 1951 άκτλλοι·

153 1968 277 2040 militate,
291 1989 351 2027 cum
366 1968 457 2028 eatlem
469 1968 575 2049 pietate,
592 1983 621 2029 ut
631 1992 733 2051 pauper
744 1972 783 2030 sic
794 1986 820 2031 et
831 1991 890 2049 ego.
945 1966 1050 2045 πίστιμ·
1066 1971 1152 2045 ῥιπτει
1167 1970 1299 2046 διασημα,
1313 1993 1359 2031 και
1371 1971 1505 2071 λαμόμνει
1517 1970 1643 2073 σταυρόν.
1653 1972 1711 2071 Elo-

153 2047 255 2124 ltaque,
269 2048 298 2107 St
313 2069 374 2127 pua
388 2053 420 2106 in
432 2051 561 2121 Cluisto,
581 2070 658 2109 ιιινινι
678 2064 824 2111 ereatura.
842 2059 895 2111 Pto
946 2045 1052 2125 ίρχῑτσῑ
1071 2051 1106 2116 tls
1119 2047 1168 2118 τὴν
1187 2050 1348 2146 τρᾶπσζσθῷ
1366 2072 1473 2130 πτωζσς
1492 2073 1539 2110 1²⁸
1557 2053 1572 2109 ὅ
1598 2052 1713 2151 βσσῑίξσί

151 2125 195 2184 his
208 2140 296 2185 autem
307 2127 433 2186 omnihus
448 2130 504 2186 lleo
517 2129 615 2205 gratias
629 2149 752 2209 agamus,
766 2131 892 2211 quoniam
947 2123 1058 2201 ὁμοίως·
1072 2130 1119 2187 σίικ
1131 2127 1218 2195 ἄλλως
1229 2133 1243 2187 δ
1254 2151 1376 2229 πτωγγσς,
1391 2153 1436 2189 νισι
1446 2130 1535 2198 ἄλλως
1550 2135 1566 2189 δ
1580 2131 1711 2208 βασιλίσαι·

152 2205 194 2265 illi
210 2205 296 2285 gloria
311 2207 338 2266 in
353 2207 458 2267 smetila.
478 2211 572 2268 Amen.
947 2203 1005 2264 οὐδὲ
1018 2205 1087 2285 λέγει
1101 2212 1116 2266 ὁ
1131 2206 1287 2287 posthabui
1310 2230 1334 2266 οι
1348 2208 1427 2268 πλέον
1441 2210 1494 2281 δὸς,
1506 2208 1604 2290 καὶτῷ
1617 2214 1711 2291 πτοιγῷ

580 2304 586 2311 ·
948 2283 1070 2356 ἔλαττον,
1085 2287 1154 2347 ἄλλά
1168 2287 1217 2360 τὴν
1234 2232 1316 2360 αὐτ-λλ
1331 2289 1591 2389 ταπειναρροσόνην,
1603 2286 1652 2361 τὴν
1665 2293 1711 2349 αὖ·

946 2362 996 2433 τὴν
1020 2365 1157 2426 εὖλάόειαν
1177 2366 1262 2447 έχων,
1275 2370 1311 2433 ὡς
1331 2370 1346 2426 ὁ
1367 2390 1474 2450 πτωχος
1495 2370 1544 2429 καὶ
1564 2369 1635 2447 έγέι·
1649 2368 1711 2428 hort

947 2443 984 2502 Et
1003 2466 1042 2510 τις
1064 2449 1090 2505 lu
1114 2446 1328 2527 Χριστῷ,καινὴ
1349 2446 1444 2516 κτίσις.
1466 2447 1555 2530 Ὑπὲρ
1579 2448 1711 2508 δὲτοιίτιιιι

947 2522 1072 2582 ἃπάντιαν
1086 2527 1319 2607 εὖχαριπησωμιν
1341 2530 1379 2609 τῷ
1392 2530 1471 2611 Θεῷ,
1483 2529 1525 2589 ότι
1540 2530 1612 2610 αὐτῷ
1625 2532 1643 2600 ἡ
1657 2528 1709 2598 δόξα

892 2648 897 2655 .
910 2612 932 2660 (2
947 2605 984 2670 τίς
993 2602 1054 2670 τοὺς
1067 2606 1172 2675 αίῷνιις.
1184 2606 1279 2687 Ἀμήν.

153 2798 1694 2861 ἵζε-κὴ,

15 3014 86 3063 taret.
103 3029 128 3077 ιγ
152 2993 204 3056 lX.
221 2997 363 3077 Ejusdem
378 2999 410 3054 iu
423 2997 501 3056 illud
513 3021 522 3057 .·
548 2997 600 3057 Hie
614 3012 653 3059 est
667 3000 753 3062 Filius
766 3024 842 3067 meus
853 3006 894 3066 di·
947 3012 1057 3076 lmus
1068 3019 1147 3079 αὐτοῦ
1162 3020 1243 3095 eleth,
1252 3013 1337 3090 Οότός
1347 3027 1417 3084 ἐστιν
1429 3026 1519 3094 θΥίός
1528 3050 1580 3107 μου
1590 3031 1604 3088 ὁ
1615 3032 1702 3110 opum

0 3099 22 3125 .
283 3088 384 3165 lectus,
398 3088 426 3147 in
440 3109 494 3167 quo
508 3090 576 3149 mihi
590 3093 749 3173 complacui.
827 3141 830 3147 .
1183 3111 1236 3188 μσς,
1249 3115 1275 3173 ρ,
1287 3104 1310 3195 ᾧ
1323 3116 1471 3191 ηὗργκησα.

188 3305 240 3366 llic
251 3307 335 3388 prolis
347 3328 439 3368 amans
456 3322 532 3390 pater
544 3312 579 3370 oh
593 3332 672 3372 suuni
687 3335 750 3395 erga
762 3336 810 3376 nos
823 3318 889 3378 asle·
981 3319 1016 3379 ‘0
1035 3320 1083 3396 μάν
1105 3323 1273 3403 φιλόστοργος
1296 3315 1371 3393 οὗτος
1388 3326 1495 3411 πατὴρ,
1514 3329 1560 3389 διὰ
1582 3331 1631 3405 τὴν
1650 3332 1701 3410 περὶ

149 3400 223 3446 ctum
233 3388 363 3446 sermonis
372 3403 560 3469 argumentum
568 3391 641 3451 misit
651 3394 727 3469 mihi,
738 3410 764 3455 et
772 3396 889 3470 laudem,
941 3404 957 3471 ἡ
982 3409 1011 3467 ᾶς
1020 3403 1150 3483 στοργὴν,
1160 3402 1263 3485 ἔπεμψέ
1274 3429 1319 3482 μοι
1332 3414 1377 3467 τοῦ
1389 3407 1468 3486 λόγου
1479 3409 1512 3469 τὸ
1525 3410 1653 3487 σόνθεμα,
1663 3410 1699 3470 καί

148 3488 202 3546 qua
211 3482 428 3527 mecurantevos
439 3468 691 3546 illumeolehrnstis,
705 3474 754 3532 hac
764 3479 888 3556 praesenti
941 3424 990 3550 rhu
1005 3483 1181 3559 γεγενημένην
1203 3486 1237 3542 δι’
1251 3485 1298 3562 ἐμέ
1319 3489 1381 3565 παρ’
1393 3491 1467 3564 ὐμῶν
1482 3493 1521 3556 εἷς
1538 3492 1617 3551 αὐτὸν
1630 3495 1700 3571 εὑρη·

148 3546 331 3606 remuneravit
350 3546 532 3617 institutione,
552 3551 697 3610 liberorum
716 3575 827 3615 suorum
843 3558 889 3616 lu·
941 3558 1004 3636 μίαν
1015 3562 1148 3640 ἠμείψατο
1159 3568 1191 3634 τῆ
1203 3563 1323 3642 παροόση
1334 3567 1505 3648 δημιουργίᾳ,
1514 3568 1607 3647 κέρδος
1616 3574 1697 3630 elatior

149 3644 225 3684 crum
238 3645 319 3683 suum
330 3646 386 3685 esse
397 3640 502 3706 putans.
517 3629 542 3688 E
561 3650 653 3690 overo
666 3631 744 3692 laetus
757 3634 888 3695 adhoru-
939 3639 1083 3715 ἡγούμενος
1093 3643 1145 3700 τῷν
1160 3630 1252 3702 ἑαυτοῦ
1263 3634 1361 3704 τέκνων
1375 3645 1406 3704 τὸ
1416 3648 1519 3747 όρελος.
1530 3648 1605 3729 Ἐγὼ
1616 3649 1697 3730 illei

149 3705 249 3763 tionem
267 3705 356 3784 accepi
365 3749 375 3782 ‚
395 3726 426 3765 ac
443 3726 506 3765 cum
524 3650 624 3767 fihucia
641 3732 735 3770 rursus
753 3735 801 3773 vos
821 3717 886 3774 allo·
904 3730 924 3777 ὓ
942 3742 993 3798 ρων
1010 3720 1138 3797 ἐδεξάμην
1157 3722 1205 3795 τὴν
1226 3746 1247 3780 π
1295 3724 1450 3805 ρσπλυ,και
1466 3732 1517 3809 θαῤ
1537 3733 1571 3788 “s
1587 3729 1697 3789 παλινίι

149 3802 229 3862 quor,
245 3784 475 3863 pristinorumquc
492 3787 639 3846 verborum
656 3790 752 3850 seriem
765 3794 887 3855 libentis·
939 3801 1001 3873 ίνμῑν
1014 3798 1112 3878 αἰρίημι
1124 3800 1172 3872 τὴν
1188 3826 1242 3882 ρων
1262 3828 1292 3873 ν,
1303 3803 1349 3863 καλ
1362 3805 1497 3886 πρόθυμός
1509 3832 1521 3867 ε
1533 3831 1566 3885 μι
1577 3812 1631 3868 τῶν
1643 3832 1698 3889 προ

149 3862 216 3921 sitite
226 3863 348 3942 persequi
361 3865 470 3924 curabo.
481 3867 593 3926 Ostentli
607 3870 677 3929 enim
688 3872 766 3931 vobis
779 3874 806 3933 in
821 3897 888 3956 prm·
937 3877 1021 3957 τίρυιν
1040 3879 1123 3958 λόγων
1148 3883 1290 3942 ἀποδοῦναι
1312 3883 1361 3955 rhu
1384 3884 1506 3953 σύνταξιν
1526 3886 1576 3960 τὴν
1596 3887 1622 3957 ἐξ
1643 3891 1697 3965 tuot

149 3941 252 4000 cedenti
272 3942 413 4001 Douiiniea
429 3943 566 4004 Christum
587 3969 648 4007 cum
668 3954 754 4010 servis
773 3954 830 4013 suis
851 3954 887 4014 ad
939 3956 1103 4035 βουλόμενος.
1118 3958 1259 4030 Ὑπέδειξα
1273 3961 1325 4041 γὰρ
1339 3967 1446 4044 ὑμῑντῇ
1460 3966 1582 4048 προτέρᾳ
1594 3970 1697 4067 κυριακῇ

149 4021 183 4080 ba
205 4021 314 4080 tismum
326 4023 476 4081 venientem
492 4049 498 4082 :
514 4023 611 4087 deinde
625 4028 772 4109 Baptistam
783 4034 829 4112 qui
840 4056 887 4093 ac·
936 4038 980 4096 τὸν
998 4038 1112 4116 Χριστὸν
1135 4041 1269 4117 μετὰτῶν
1286 4042 1385 4101 δοόλων
1403 4044 1483 4103 αὐτοῦ
1496 4068 1698 4127 προστρχομινοι

148 4043 285 4161 σείσασθαι
306 4103 452 4162 Dominum
473 4107 598 4181 agnovit,
619 4107 750 4188 baptisma
770 4113 887 4174 admini·
935 4119 973 4198 τῷ
993 4117 1173 4196 βαπτίσματι·
1187 4112 1244 4180 εἶτα
1265 4122 1309 4181 τὸν
1331 4122 1488 4195 Bouttos-hv
1503 4126 1643 4206 ἐπιγνόντα
1660 4127 1698 4187 tit

147 4193 232 4241 strare
245 4196 418 4254 renuentem,
438 4202 469 4241 ac
484 4184 592 4245 demum
611 4202 719 4268 propter
737 4192 886 4254 salvatoris
935 4198 1113 4275 προσελθόντα
1126 4201 1263 4274 Δεσπότην
1277 4201 1322 4260 καὶ
1340 4203 1555 4284 παραιτούμενον
1577 4204 1699 4266 δοῦναιιίι

147 4260 306 4320 mandatum
326 4261 485 4344 mysterium
508 4267 661 4326 oeconomiae
685 4272 883 4351 complentem:
936 4275 1092 4355 βάπτισμα,
1116 4278 1223 4360 ὕστερον
1250 4279 1299 4353 τὴν
1323 4281 1456 4342 διακονίαν
1485 4287 1532 4355 τῆς
1558 4285 1697 4364 οἰκονομίας

145 4340 247 4422 scripto
260 4355 351 4421 postea
363 4346 549 4423 repraesentavi
565 4348 652 4406 Deum
668 4361 694 4406 et
707 4352 813 4412 Patrem
829 4356 885 4412 Do·
934 4355 1125 4434 πληρώσαντα,
1141 4358 1183 4418 ht
1199 4360 1230 4420 τὸ
1252 4366 1297 4419 τοῦ
1321 4362 1446 4443 Σωτῆρος
1469 4362 1624 4443 ἐπίταγμα·
1638 4364 1696 4427 θπί·
1740 4382 1743 4387 “

147 4419 215 4478 mini
228 4422 310 4480 nostri
321 4424 384 4483 Jesu
398 4421 500 4482 Christi
513 4423 547 4484 de
560 4427 626 4486 caelo
636 4426 794 4491 clamantem
807 4456 814 4490 ι
826 4435 885 4492 Hie
935 4439 1025 4515 γραψα
1037 4436 1082 4495 τὸν
1096 4438 1165 4498 Θεὸν
1175 4439 1220 4498 καὶ
1234 4440 1345 4520 Πατέρα
1355 4447 1402 4501 τοῦ
1416 4442 1516 4523 Κυρίου
1527 4448 1608 4521 ἡμῶν
1618 4445 1697 4517 ’letoni

147 4512 190 4558 est
204 4500 300 4559 Filius
312 4522 391 4562 meus
405 4503 539 4576 dilectus,
554 4509 586 4563 iu
599 4528 657 4586 quo
669 4511 741 4568 milii
753 4513 885 4592 eompla-
935 4516 1052 4595 Χριστοῦ
1072 4517 1210 4597 οὐρανόθεν
1236 4520 1394 4580 ἐπιόοῶντα·
1415 4512 1503 4590 Οὗτός
1522 4526 1595 4583 ἐστιν
1610 4528 1625 4584 ό
1641 4522 1697 4593 Υἱός

148 4583 204 4635 cui.
217 4577 254 4636 Et
263 4578 299 4637 ad
310 4580 361 4639 hoc
370 4602 454 4659 usque
466 4583 646 4646 testimonium
658 4608 823 4668 progressus,
836 4591 884 4651 de·
902 4591 921 4639 Ε
937 4617 987 4671 μου
1000 4597 1014 4653 ὁ
1028 4597 1174 4674 ἀγαπητὸς,
1189 4600 1215 4658 ἐν
1224 4587 1246 4679 ᾧ
1255 4599 1402 4672 ηὐδόκησα·
1412 4600 1458 4659 καί
1473 4602 1557 4683 μέχρι
1573 4608 1621 4676 ι·ἠ”ς
1635 4626 1670 4684 μα

146 4655 241 4716 scendi
254 4678 308 4717 esu
329 4672 414 4737 gestu,
425 4674 542 4742 tempore
552 4686 660 4725 cursum
669 4669 884 4730 orationisinter·
934 4673 1136 4754 πυρίαςταόιης
1156 4677 1367 4779 παραγινόμενος
1382 4680 1499 4754 κατέόην
1518 4682 1575 4743 άπὸ
1588 4690 1634 4744 τοῦ

146 4734 274 4815 pallante.
300 4679 486 4815 llodieigitur
505 4763 638 4805 resumere
657 4746 719 4808 volo
736 4771 796 4828 quae
818 4764 884 4811 tuno
935 4755 1178 4837 ματος,ιῆςι“όρας
1197 4758 1346 4836 έγκομασης
1367 4762 1414 4818 τοῦ
1433 4760 1574 4841 λόγσυτὺν
1685 4804 1693 4820 .

146 4815 269 4876 omittere
283 4832 390 4876 coactus
405 4818 443 4877 lui
457 4835 567 4900 propter
578 4827 705 4905 temporis
718 4829 880 4909 angustiam,
933 4831 1069 4911 Βούλομαι
1091 4835 1177 4895 τοίνυν
1199 4835 1314 4918 σήμερον
1330 4837 1472 4898 άναλαόεῐν
1495 4840 1566 4922 άπερ
1614 4865 1640 4901 τι
1656 4839 1693 4902 hl

145 4908 172 4953 et
189 4894 338 4976 adjungere
360 4898 489 4958 sermonis
510 4901 685 4980 solutionem,
705 4920 735 4964 ut
754 4929 802 4988 per
821 4931 880 4969 enm
933 4912 980 4984 την
1004 4919 1180 4995 στενογωρίαν
1193 4917 1363 4994 ἠναγκάσθην
1377 4918 1565 4995 καταλείπειν,
1577 4922 1621 4982 καί
1633 4921 1692 4981 θέλει

145 4975 294 5035 ascendatis
307 4975 341 5036 ad
356 4991 491 5037 auctorem
505 4980 573 5059 ejus,
589 5003 682 5063 nempe
696 4987 808 5050 Filium.
822 4992 882 5049 Hie
932 4991 1048 5072 συνάψαι
1060 4984 1106 5054 τοῦ
1119 4994 1197 5072 λόγου
1215 4994 1263 5067 τὴν
1282 4997 1371 5068 λύσιν,
1382 4997 1425 5056 ἵνα
1439 4998 1540 5072 ταότης
1553 5001 1691 5081 κρατήσαι·

144 5067 187 5112 est
198 5057 295 5116 Filius
310 5078 389 5117 meus
403 5057 536 5132 dilectus,
550 5067 581 5119 in
591 5083 648 5142 quo
661 5066 734 5124 milti
749 5070 880 5147 compla-
931 5094 983 5144 τες,
998 5073 1123 5145 άνελθητε
1138 5075 1171 5133 δι’
1185 5076 1266 5144 αὐτῆς
1280 5077 1345 5157 πρὸς
1356 5075 1402 5135 τὸν
1418 5077 1502 5151 αὐτὴν
1515 5083 1689 5161 χαλκεόσαιια

144 5139 201 5191 cui.
216 5128 267 5195 llic
282 5150 332 5209 cst,
347 5137 394 5216 qui
409 5159 514 5198 mecum
528 5140 602 5200 misit
614 5164 694 5223 super
707 5166 735 5204 se
747 5148 880 5228 Spiritum
931 5152 1005 5212 Υίόν.
1018 5143 1103 5220 Οὗτός
1114 5157 1184 5213 ἐστιν
1200 5156 1214 5211 ὁ
1226 5155 1288 5220 Υἱός
1301 5180 1351 5234 μου
1362 5160 1406 5216 iel
1425 5158 1537 5231 απητὸς,
1548 5164 1576 5221 ἐν
1588 5153 1610 5242 ᾧ
1622 5156 1688 5233 „ott

144 5227 283 5289 sanctum,
307 5216 458 5296 iterumque
478 5240 559 5298 quem
586 5238 722 5302 receperat
745 5226 879 5307 Spiritum
931 5254 1011 5302 κησα.
1026 5223 1112 5300 Οὗτός
1131 5234 1231 5292 ίστινό
1249 5233 1296 5293 σὺν
1309 5235 1369 5313 ίμοί
1382 5181 1438 5314 πέμ
1479 5236 1548 5319 ς’ίρ’
1565 5236 1687 5299 lentisci

145 5289 217 5351 misit
229 5319 237 5353 ι
249 5294 293 5354 hic
306 5310 354 5372 est,
367 5298 487 5378 quiante
500 5299 589 5359 omnia
600 5302 695 5364 saecula
707 5325 741 5364 ex
752 5326 795 5365 me
808 5308 880 5387 geni·
932 5312 1041 5390 Πνεῦμα
1054 5312 1085 5372 τὸ
1100 5312 1187 5391 άγιον,
1203 5313 1249 5375 καί
1262 5313 1343 5375 πάλιν
1357 5313 1423 5396 άπερ
1450 5339 1513 5396 πιμ·
1529 5343 1556 5378 ιν
1569 5315 1684 5383 ὑποδεξί-

1425 5490 1432 5501 e
