3714 5970
618 488 706 537 NUNC
732 486 878 537 entttttst·
890 484 1089 538 unorum.

111 610 176 674 l5·.
190 612 272 686 Quod
284 614 418 675 mulieres
432 614 591 696 susciperet,
600 614 675 676 solus
693 637 756 676 cum
772 634 819 675 so·

68 699 123 781 lis,
135 705 200 766 aliis
212 708 342 767 omuibus
357 708 429 766 seras
441 707 555 768 emissis.

112 799 174 858 lluc
191 800 325 879 respicere
337 798 452 875 ¹videtur
467 799 539 879 quod
553 798 592 857 ait
609 799 819 879 chrysostomus

74 891 99 950 in
113 886 238 971 Epistola
252 892 288 951 ad
300 891 461 972 Cyriacum,
473 892 508 949 T.
522 893 559 967 5,
571 911 634 971 pag.
652 890 720 951 668.
735 892 816 951 699:

73 982 173 1053 «Quin
185 1003 230 1042 me
243 1004 353 1062 quoque
368 1004 431 1041 eum
449 982 562 1042 muliere
575 981 750 1041 concubuisse
766 982 820 1042 cri·

75 1076 225 1139 minantur.
245 1075 348 1134 Exuite
367 1095 465 1154 corpus
477 1095 584 1150 meum,
596 1087 621 1133 et
636 1073 818 1133 membrorum

72 1167 309 1226 mortificationem
317 1166 463 1247 reperietis
478 1188 493 1220 s

109 1265 172 1321 160.
181 1260 268 1332 Quod
285 1259 460 1319 hereditatem
477 1257 610 1318 aTbecla
631 1256 752 1316 relictam
768 1277 818 1337 per

73 1352 254 1411 Tbeedulum
267 1349 429 1410 vendiderit.

109 1447 173 1505 170.
186 1443 273 1517 Quod
292 1443 420 1503 Ecclesiae
434 1442 537 1503 reditus
552 1463 630 1503 nemo
646 1441 817 1521 noveritque

71 1537 175 1598 meant.

109 1632 175 1690 180.
193 1627 279 1700 Quod
296 1627 484 1708 Serapionem,
500 1626 529 1685 iu
551 1626 651 1686 crimen
675 1637 816 1700 vocatum,

72 1718 264 1800 presbyterum
278 1716 455 1778 ordinaverit.

112 1813 175 1870 190.
186 1808 273 1881 Quod
285 1831 343 1883 eos,
352 1810 399 1888 qui
410 1830 473 1867 cum
489 1821 544 1869 toto
558 1808 624 1867 orbe
638 1805 820 1867 communica·

72 1903 149 1979 baut,
166 1904 256 1984 ipsius
274 1903 403 1962 sententia
426 1903 542 1962 inclusos
560 1904 627 1961 etin
648 1920 752 1960 carcere
772 1897 820 1958 de·

73 1998 177 2056 lunetos
199 1997 388 2071 contemserit;
408 2000 445 2056 ita
471 2010 499 2055 ut
521 2016 555 2054 ue
575 2015 687 2075 corpora
710 1990 820 2071 quidem

74 2092 195 2167 ipsorum
206 2089 353 2170 sepulture
365 2089 493 2149 mandare
505 2089 632 2168 dignatus
644 2086 688 2145 sit.

110 2183 178 2241 200.
194 2181 278 2256 Quod
290 2180 486 2240 sanctissimum
500 2179 628 2239 Acacium
640 2177 739 2257 injuria
753 2176 821 2235 affe-

74 2277 222 2349 cerit,etue
230 2275 267 2334 ad
278 2275 440 2354 colloquium
452 2273 561 2353 quidem
572 2273 661 2354 ipsum
672 2269 819 2329 admiserit.

109 2374 162 2429 2ίο
186 2369 270 2441 Quod
290 2366 476 2447 Porphyrium
501 2365 690 2446 presbyterum
715 2361 819 2420 Eutre-

71 2463 177 2542 tmpio,
192 2476 224 2521 ut
244 2463 273 2520 in
287 2461 413 2521 exsilium
428 2461 580 2541 pelleretur,
593 2456 745 2520 tradiderit.

110 2559 174 2613 220.
192 2554 276 2626 Quod
295 2553 444 2614 Venerium
464 2551 528 2610 item
548 2547 737 2629 presbyterum
756 2568 819 2606 cum

73 2647 235 2707 contumelia
247 2647 333 2706 multa
347 2643 501 2704 tradiderit.

110 2742 173 2797 250.
191 2738 274 2810 Quod
294 2739 334 2799 illi
358 2738 410 2797 soli
432 2736 558 2796 balneum
581 2731 774 2806 succendatur,
791 2746 819 2793 et

73 2831 119 2889 ubi
140 2830 254 2907 laverit,
273 2830 404 2911 Serapiou
428 2828 533 2889 aditum
554 2826 676 2902 claudat,
697 2840 728 2885 ut
748 2826 819 2887 alius

72 2946 150 2983 neme
164 2924 246 2983 lauet.

109 3016 172 3077 Ab.
187 3016 272 3087 Quod
285 3016 343 3075 sine
359 3014 470 3074 testibus
482 3013 581 3073 multos
595 3011 736 3072 ordinarit.

108 3111 172 3171 250.
188 3107 272 3183 Quod
282 3109 356 3168 selus
365 3106 427 3167 edat
439 3107 654 3187 intemperanter,
666 3103 819 3186 Cyclopum

71 3204 155 3263 uitam
170 3222 265 3282 agens.

109 3300 176 3358 260.
193 3293 277 3368 Quod
289 3293 348 3375 ipse
363 3305 467 3352 accuset
473 3290 583 3368 ,sitque
597 3287 670 3348 testis
684 3303 710 3349 et
719 3287 817 3368 judex.

70 3391 242 3466 Plerumque
261 3385 291 3446 id
315 3405 371 3443 esse
390 3405 425 3443 ex
448 3383 499 3458 iis,
518 3402 578 3461 quae
598 3401 661 3440 cum
683 3380 817 3485 Martyris

70 3480 278 3563 protodiacono,
306 3490 333 3536 et
357 3476 537 3552 Prohaeresiu,
564 3473 658 3555 Lyciae
680 3474 819 3554 episcopo,

71 3588 144 3655 gesta
155 3573 324 3634 reseruntur.

108 3670 172 3727 2⁷⁰.
179 3662 267 3738 Quod
279 3660 470 3722 Memnonem
462 3682 489 3721 m
499 3659 609 3720 ecclesia
623 3659 817 3740 Apostolorum

71 3781 162 3842 pugno
172 3756 352 3863 percusserit,
365 3767 392 3813 et
412 3753 543 3835 sanguiue
563 3775 599 3814 ex
617 3775 664 3814 ere
677 3766 818 3828 manante,

72 3852 204 3934 mysteria
219 3865 309 3909 tamen
321 3846 458 3908 obtulerit.

108 3945 173 4006 280.
185 3941 290 4016 Quod
283 3962 311 4000 ιιι
328 3940 426 3999 throno
444 3952 588 3999 exueretur
600 3951 628 3998 et
646 3937 815 4017 indueretur,

70 4052 97 4095 et
109 4034 250 4117 pastillum
264 4032 365 4092 ederet.

110 4132 177 4190 29⁰.
191 4125 273 4200 Quod
285 4123 417 4206 episcopis
435 4123 470 4182 ab
491 4143 519 4182 se
539 4120 670 4182 ordinatis
690 4120 819 4203 pecunias

71 4222 229 4301 largiretur,
242 4231 274 4277 ut
286 4215 407 4298 perillus
420 4215 530 4274 Clerum
543 4214 715 4295 opprimeret.

112 4314 165 4373 llis
181 4311 281 4373 oblatis
300 4308 502 4370 accusationum
516 4307 665 4388 capitibus,
675 4307 817 4388 Theophi-

10 4422 64 4467 ¹¹r·
73 4405 117 4465 lus
135 4420 163 4465 et
182 4406 271 4464 ceteri
291 4403 411 4483 episcopi
435 4399 579 4481 Synodum
606 4399 818 4475 constituentes,

17 4486 60 4529 '³³'
72 4501 207 4561 loannem
228 4497 348 4556 eitartmt
371 4506 402 4552 ut
424 4491 459 4550 ad
480 4490 622 4573 Synedum
647 4505 821 4573 compareret.

10 4557 62 4617 l
74 4593 161 4652 Erant
181 4603 246 4649 tunc
266 4609 327 4647 cum
352 4587 454 4647 Juauue
480 4581 658 4690 quadraginta
686 4584 821 4665 episcopi,

72 4682 224 4746 seientes
216 4702 246 4740 ιιι
269 4678 389 4739 triclinio
415 4676 564 4759 episcopii,
587 4689 723 4757 stupentes
753 4696 821 4754 quo·

72 4775 156 4836 modo
171 4794 246 4847 reus,
267 4785 292 4831 et
317 4782 426 4851 propter
450 4768 564 4827 crimina
590 4768 664 4827 solus
678 4766 713 4826 ad
732 4765 821 4826 Comi-

71 4882 159 4928 tatum
186 4879 213 4924 et
235 4862 406 4944 imperialem
430 4861 566 4921 ciuitatem
594 4859 686 4920 venire
707 4861 821 4940 jussus,

71 4981 136 5019 cum
158 4971 199 5016 tot
216 4955 349 5036 episcopis
368 4952 518 5012 aduenisset
532 4975 539 5009 ι
555 4964 697 5033 quopacto
718 4952 822 5033 princi·

69 5076 140 5137 pum
154 5066 184 5113 et
198 5051 406 5130 magistratuum
428 5047 571 5108 sententias
593 5047 683 5106 subito
702 5069 821 5107 commu·

10 5168 58 5203 κιο
70 5160 174 5219 tasset,
191 5140 375 5247 plerisquede
388 5140 496 5200 Clero
488 5161 541 5220 tpsr
534 5139 748 5199 annuentibus
762 5142 822 5201 Vc

10 5222 61 5282 ³5*
22 5261 137 5328 ,vrum
150 5258 220 5298 auro
232 5234 323 5295 omnia
332 5254 419 5316 prona
428 5246 455 5293 et
465 5230 556 5292 facilia
569 5230 727 5294 redduntur.
736 5233 822 5293 luter·

1538 472 1619 569 '¹73

873 630 1029 693 comparere
1047 611 1169 690 jubetur.
1189 610 1343 695 Respondet
1361 611 1409 673 ille
1420 636 1429 671 ι
1441 614 1499 677 «Si
1513 627 1619 695 apertos
1652 628 1656 637 ’

873 703 963 763 hostes
985 723 1020 763 ex
1037 701 1161 783 judicum
1184 703 1279 765 uuliue
1300 706 1505 784 submoveritis,
1520 722 1667 790 praestum

873 816 948 872 sum,
960 816 1056 874 meque
1071 796 1179 873 sistam;
1193 810 1237 867 ut,
1251 798 1274 857 si
1288 799 1349 877 quis
1364 819 1408 858 me
1418 812 1542 875 accuret,
1553 820 1618 860 mu·

873 910 931 948 sam
944 888 1033 948 dicam
1048 912 1055 945 :
1069 890 1111 947 sin
1124 888 1153 946 id
1171 889 1257 949 lacere
1270 891 1497 967 detrectaveritis,
1511 894 1617 972 quoties

872 980 1000 1054 citabitis,
1015 980 1084 1040 nihil
1097 981 1251 1063 proficietis.
1264 1006 1279 1038 ιι
1290 983 1335 1042 llli
1355 1004 1418 1044 vero
1429 1006 1496 1062 quos
1506 986 1619 1047 excludi

874 1073 980 1134 volebat
1002 1087 1077 1133 eraut
1102 1074 1287 1155 Theophilus,
1312 1076 1490 1155 Severianus,
1504 1078 1617 1140 Aeacius

871 1179 898 1222 et
910 1165 1068 1226 Antiochus.

911 1258 1003 1318 Primo
1015 1258 1202 1320 examinarunt
1221 1274 1303 1341 caput
1324 1262 1446 1343 primum
1467 1278 1494 1323 et
1520 1286 1617 1325 secun·

871 1347 954 1423 dum,
970 1371 1030 1429 quae
1050 1353 1180 1412 Joanuetn
1195 1352 1339 1413 diaconum
1355 1369 1383 1414 et
1401 1358 1536 1418 loannem
1549 1361 1617 1419 Mo·

873 1442 992 1502 naehum
1005 1445 1170 1524 spectabant.
1184 1444 1254 1504 Hinc
1267 1462 1404 1526 coeperunt
1422 1465 1512 1510 eontra
1533 1450 1619 1511 Hera·

872 1535 960 1595 cliden
985 1535 1104 1617 Ephesi,
1119 1550 1146 1596 et
1168 1536 1323 1597 Palladium
1344 1540 1537 1622 Helenopoleos
1562 1542 1619 1624 epi·

873 1647 966 1708 scopos
981 1627 1124 1706 inquirere.
1139 1631 1253 1690 Joannes
1269 1651 1333 1690 vero
1348 1633 1515 1708 Monachus,
1529 1637 1576 1714 qui
1591 1636 1620 1697 iu

873 1717 991 1778 secundo
1003 1720 1093 1800 capite
1106 1741 1187 1800 supra
1205 1734 1378 1795 memoratur,
1397 1724 1521 1785 libellum
1539 1728 1620 1787 obtu-

873 1809 923 1887 lit,
939 1819 1070 1871 accusans'
1082 1812 1258 1884 Heracliden,
1274 1814 1349 1893 quod
1365 1816 1519 1895 Origenista
1534 1833 1619 1894 esset,

874 1916 899 1961 ct
913 1902 985 1982 quod
1000 1904 1128 1964 Caesareae
1143 1906 1291 1964 Palaestine
1306 1906 1334 1965 iu
1354 1908 1426 1967 furto
1438 1908 1620 1990 deprehensus

874 1994 979 2080 luisset,
992 1996 1114 2074 Aquiliui
1133 1997 1239 2056 diaconi
1257 1999 1415 2059 vestimenta
1430 2001 1549 2061 furatus:
1567 2016 1620 2062 eet

875 2087 1000 2164 quamuis
1023 2089 1085 2147 talis
1104 2103 1172 2148 esset
1191 2115 1226 2160 ι,
1250 2091 1355 2171 inquit,
1370 2096 1512 2155 «loannes
1536 2095 1617 2156 illum

878 2178 979 2259 Ephesi
1002 2184 1157 2263 episcopum
1178 2182 1350 2245 ordinarit.»
1375 2186 1524 2244 Accusabat
1545 2172 1618 2267 ¹prae-

875 2284 945 2330 terea
959 2272 1090 2331 Joannem
1095 2272 1191 2350 ,quud
1202 2273 1288 2333 multa
1303 2274 1619 2355 mala*0rigenistarum'
1653 2296 1772 2344 ‘them-

875 2385 954 2423 causa
980 2386 1073 2468 passus
1097 2379 1181 2442 esset,
1205 2387 1254 2447 per
1278 2367 1473 2448 Serapionem,
1491 2360 1774 2475 qupdquc¹¹⁸¹⁰¹l³²⁸

873 2455 950 2515 illum
966 2457 1090 2515 misisset.
1106 2457 1209 2516 Horum
1223 2458 1496 2538 praemissoexamine
1503 2461 1617 2539 ,iuqui-

874 2548 955 2607 situm
972 2562 1010 2607 est
1023 2547 1145 2608 deiude
1138 2569 1166 2608 ιιι
1179 2564 1262 2629 caput
1275 2570 1376 2609 nonum
1395 2552 1617 2654 accusatiqnum,

875 2641 948 2719 quod
962 2655 1015 2701 tres
1032 2642 1160 2701 diaconos
1180 2641 1214 2700 de
1233 2641 1306 2701 furto
1324 2641 1472 2702 humeralis
1486 2644 1528 2703 sui
1541 2665 1619 2704 accu-

873 2735 1004 2811 savissct3
1015 2747 1041 2794 et
1054 2735 1216 2814 vigesimum
1229 2737 1390 2816 septimum,
1402 2735 1476 2814 quod
1486 2739 1615 2797 Memno-

874 2847 935 2884 nem
953 2847 1044 2906 pugno
1060 2826 1249 2906 percussisset,
1266 2840 1319 2886 etc.

901 2920 995 2977 Postea
1004 2939 1112 2993 rursum
1120 2918 1237 2978 isaacius
1247 2918 1404 3000 episcopum
1411 2919 1570 2981 Heracliden
1577 2942 1621 2983 ac·

874 3010 980 3071 cesavit
991 3023 1021 3070 ut
1032 3009 1225 3090 Origenistam,
1235 3012 1305 3089 quia
1316 3013 1483 3072 sanctissimo
1497 3013 1619 3094 Epipha-

874 3104 920 3164 nio
941 3124 1027 3183 neque
1041 3104 1069 3161 in
1079 3104 1250 3184 precationis.
1264 3104 1393 3183 nequead
1410 3126 1505 3165 mense
1514 3127 1620 3166 consor·

875 3195 943 3254 tium
961 3196 1095 3255 admissus
1109 3195 1211 3255 luisset.
1229 3196 1347 3255 Protulit
1359 3196 1431 3256 idem
1447 3199 1564 3259 lsaecius
1582 3198 1619 3258 li·

876 3286 978 3347 bellum
996 3301 1088 3348 contra
1103 3287 1341 3366 chrysostomum,
1355 3289 1412 3347 hec
1429 3289 1616 3349 coutinentem.

915 3383 956 3442 10.
969 3381 1010 3438 De
1025 3381 1128 3440 Joanue
1144 3379 1345 3458 Monachojam
1360 3394 1526 3455 memoratu,
1541 3382 1616 3459 quod
1675 3409 1729 3457 pp„
1744 3413 1769 3457 tn

874 3486 983 3553 pmpter
999 3470 1164 3551 Origeuistas
1187 3470 1341 3550 vapulasset
1362 3483 1388 3529 et
1415 3472 1487 3531 serre
1510 3472 1722 3533 vinctuschuw·
1724 3484 1758 3519 ¹⁰·

873 3566 978 3624 luisset.
1628 3551 1689 3579 Μ
1724 3539 1771 3579 ω’

911 3661 956 3717 20.
966 3654 1089 3729 QuodB.
1107 3655 1278 3736 Epiphanius
1296 3670 1405 3736 propter
1423 3656 1473 3715 hos
1487 3656 1616 3736 Origeui-

872 3761 936 3820 stas,
948 3748 1133 3823 Ammonium,
1147 3746 1338 3829 Euthymium,
1353 3747 1514 3821 Eusebium,
1533 3749 1618 3811 Hera

872 3841 959 3901 cliden
974 3855 999 3900 et
1014 3838 1182 3915 Palladium,
1196 3859 1260 3899 eum
1281 3839 1329 3899 illo
1345 3839 1474 3899 uoluisset
1496 3862 1617 3903 eommu-

872 3935 974 3994 nicare.

911 4028 953 4085 50.
968 4025 1049 4102 Quod
1063 4024 1286 4107 hospitalitatem,
1302 4024 1375 4085 solus
1393 4026 1517 4104 quotidie
1530 4049 1620 4089 cume·

871 4119 955 4193 dens,
969 4118 1127 4200 despiceret.

910 4214 952 4273 50.
967 4209 1072 4284 Quod
1063 4231 1092 4269 ιιι
1113 4210 1222 4270 eeclesia
1244 4207 1359 4269 dixisset
1370 4211 1492 4270 Mensam
1506 4232 1562 4272 esse
1574 4212 1617 4272 lu·

873 4327 977 4366 rtarum
988 4304 1105 4386 plenam

913 4400 954 4458 50.
963 4396 1062 4469 Quod
1054 4417 1082 4454 ιιι
1093 4394 1202 4455 ecelesia
1221 4391 1361 4473 gloriando
1371 4392 1485 4455 dixisset
1503 4399 1617 4479 ἐρῶκαὶ

875 4491 1012 4569 μαίνομαι.

913 4582 965 4641 llic
978 4595 1071 4641 notare
1088 4577 1195 4638 ridetur
1207 4577 1316 4637 initium
1330 4579 1449 4642 laomiliae
1469 4583 1544 4643 illius
1558 4584 1614 4645 siu·

875 4674 977 4753 gularis
1000 4670 1077 4731 ant'ea
1100 4668 1318 4750 ineditae,quam
1342 4671 1453 4747 habuit,
1470 4690 1614 4756 postquam

876 4765 1001 4826 Eudoxia
1024 4762 1196 4844 Imperatrice
1219 4762 1362 4824 comitante
1382 4779 1408 4824 et
1429 4767 1545 4846 pedibus
1566 4769 1618 4829 iter

874 4874 968 4940 agente
981 4857 1118 4935 Reliquias
1139 4869 1289 4935 martyrum
1302 4859 1474 4918 transtulerat
1489 4861 1515 4919 in
1532 4862 1620 4920 eccle·

875 4955 943 5013 siam
963 4971 1061 5012 novem
1082 4948 1245 5008 milliaribus
1266 4950 1497 5030 Constantinopoli
1511 4951 1618 5012 distans·

875 5061 938 5106 tem.
952 5044 999 5105 Sic
1009 5043 1081 5102 enim
1097 5042 1124 5100 iu
1136 5040 1245 5101 ecclesia
1257 5040 1452 5101 illahomiliam
1468 5044 1619 5124 incipit,'l'l

876 5139 956 5211 εἴπω,
970 5137 1017 5197 καὶ
1031 5135 1057 5195 rl
1070 5133 1196 5207 λαλήσω
1213 5138 1313 5213 σκιρτῶ
1326 5133 1371 5192 καὶ
1386 5134 1524 5212 μαίνομαι.
1540 5138 1621 5215 Quid

877 5233 991 5304 dicam,
1004 5241 1033 5289 et
1048 5228 1121 5308 quid
1135 5227 1402 5305 loquar?Exsulto
1413 5240 1442 5285 et
1454 5232 1582 5290 insanio.

1627 3614 1649 3642 m
1652 3601 1734 3645 tration
1736 3616 1769 3648 es.

10 5346 45 5389 u.-
74 5354 109 5394 ee
121 5350 191 5393 uero
203 5331 322 5392 ,loannes
334 5348 349 5386 a
361 5324 472 5407 synodo
484 5322 521 5384 ad
535 5325 673 5399 Quereum
686 5324 786 5423 citatur
797 5339 824 5385 et
876 5331 886 5401 (
898 5322 931 5383 ld
943 5335 1111 5402 sequentem
1111 5318 1193 5379 etiam
1204 5317 1349 5378 articulum
1360 5319 1498 5399 respicit.)
