3714 5970
100 456 152 541 5
167 476 182 529 -’
724 482 885 531 rancenti
913 482 1084 533 unrocus

21 632 31 645 '
62 614 82 635 '¹
98 604 378 699 ¹,lnoooepiseopis
390 617 521 696 triginta,
539 616 699 699 etpiissimu
709 619 863 697 lmperato·
917 644 974 679 πων
998 621 1095 690 ἰδόντες
1117 625 1202 681 αὐτῶν
1225 620 1274 692 τὴν
1291 618 1460 699 παρανομίαν
1479 616 1516 684 είς
1533 616 1567 674 τὰ
1587 619 1687 675 ἑαυτῶν

93 712 151 779 :Jr'e
162 704 219 817 pol
227 708 372 773 diutarium
385 707 421 769 ed
435 708 465 768 id
478 709 587 769 miserat
598 733 606 766 r
618 707 788 790 Theophilus
800 729 865 767 vero
918 713 1111 792 ἀνεχώρησαν,
1125 711 1173 785 ι-ἡν
1188 712 1280 793 έροδον
1294 715 1381 770 αὐτῶν
1394 710 1485 788 ὥσπερ
1498 705 1585 786 πυράν
1599 707 1688 766 πάντα

6 848 13 859 .
36 804 84 893 ,²ss
104 803 335 882 (nnmemugit,
346 817 497 883 curetque
509 804 737 865 demessuimus.
749 804 864 883 Ingressi
918 805 1111 883 ἐπινεμομένην
1133 803 1287 885 φεύγοντες·
1314 809 1392 879 ἡμεῖς
1412 800 1459 880 μὲν
1481 799 1566 858 παλιν
1582 803 1619 868 εἰς
1640 798 1687 870 ele
1717 805 1736 854 Ρ

120 894 206 976 igitur
217 892 425 957 obseurabanrm
441 896 593 977 piissimum
604 898 814 977 Imperatorem,
836 909 865 955 ut
883 911 900 957 Β
918 898 995 957 πόλιν
1008 897 1206 976 άνεκαλούμεθα
1219 895 1265 955 καί
1280 901 1316 963 εἰς
1329 894 1377 964 τὴν
1392 892 1569 967 Ἐκκλησίαν,
1587 883 1621 962 ἧς
1634 890 1688 951 ddi·

119 986 256 1071 synodum
278 1002 384 1069 ungeret
402 988 439 1048 ud
453 988 605 1048 vindictam
617 1008 710 1047 eorum
730 1008 791 1066 quar
811 1009 864 1068 pa-
919 1012 971 1055 κως
987 987 1174 1064 ἐξεὸλὴθημεν,
1188 986 1339 1048 ἐπισκόπων
1351 1009 1382 1045 τε
1391 991 1463 1063 ἡμᾶς
1473 983 1617 1066 τριάκοντα
1631 986 1688 1042 elo·

119 1093 189 1140 trata
199 1094 284 1147 eraut.
294 1080 424 1142 Conscius
434 1100 498 1160 ergo
509 1081 642 1140 laetorum
652 1100 763 1139 suorum
776 1079 864 1139 Theo·
920 1081 1092 1162 αγαγόντων,
1113 1082 1159 1141 καὶ
1180 1086 1226 1141 τοῦ
1246 1078 1450 1139 θεοσεύεστάτου
1464 1075 1595 1154 βασιλέως
1609 1075 1690 1135 νοτά-

119 1172 214 1253 pbilus
222 1217 232 1248 ,
247 1185 274 1233 et
285 1168 518 1253 reprehensionem
532 1177 651 1248 veritus,
668 1194 730 1231 cunr
744 1175 867 1254 Impera·
920 1197 974 1254 ριον
988 1176 1024 1242 εἰς
1040 1181 1119 1234 τοῦτο
1130 1173 1334 1240 ἀποστείλαντος
1345 1164 1464 1245 ,ἐκεῖνος
1478 1168 1505 1228 δὲ
1524 1169 1689 1249 ἐδραπέτευ-

121 1264 189 1325 toris
203 1264 288 1325 litere
308 1264 337 1323 iu
358 1285 464 1326 omnem
480 1279 584 1347 partem
602 1265 692 1326 missar
712 1265 866 1325 uudeoum·
920 1289 963 1326 σιν
980 1265 1089 1340 εὐθέως,
1103 1265 1171 1335 τίνος
1184 1265 1328 1326 ένεκενκαθ
1341 1263 1385 1324 διδ
1397 1263 1439 1336 τί,
1456 1261 1493 1341 μὴ
1507 1260 1690 1340 γινώσκοντες.

122 1379 175 1438 que
188 1378 280 1418 omnes
293 1373 435 1437 cogerent,
456 1361 561 1420 occulte
573 1358 663 1418 media
680 1372 758 1418 nocte
775 1359 803 1417 in
820 1380 866 1418 na·
920 1357 1091 1426 Εἰσελθόντος
1116 1351 1159 1419 σύν
1188 1360 1388 1438 παρεκαλοῦμεν
1412 1355 1458 1414 τδν
1484 1352 1689 1414 θεοσεόάστατον

122 1450 179 1511 vim
194 1470 223 1509 se
235 1449 382 1531 conjiciens
395 1451 432 1511 ita
443 1452 570 1531 aufugit,
593 1473 685 1511 omues
699 1473 761 1511 suos
775 1472 866 1511 secum
922 1451 1052 1529 βασιλέα,
1072 1451 1177 1512 σύνοδον
1192 1458 1347 1529 συναγαγεῖν
1361 1452 1398 1516 εἰς
1412 1446 1528 1508 ἐκδικίαν
1542 1450 1596 1505 τῶν
1610 1467 1690 1525 γεγε-

119 1541 268 1607 abducens.
285 1543 369 1603 Porro
383 1563 437 1602 non
450 1544 612 1605 couscientia
625 1557 713 1603 nostra
728 1544 801 1621 treti,
818 1565 867 1603 ne-
921 1542 1050 1621 νημένων.
1065 1542 1197 1608 Συνειδθς
1207 1541 1292 1601 τοίνυν
1308 1541 1324 1571 *
1335 1540 1479 1619 ἀπέδρασε,
1490 1538 1536 1596 καὶ
1549 1537 1594 1596 τδν
1613 1535 1693 1616 ελεγ-

119 1654 173 1711 que
194 1633 233 1693 sio
247 1632 401 1695 destitimus
415 1634 509 1696 eadem
528 1636 626 1696 iterum
639 1656 735 1715 rogare
753 1635 866 1715 religio·
921 1658 969 1715 χον
988 1633 1127 1708 δεδοικὼς,
1140 1639 1193 1694 τῶν
1206 1632 1372 1713 γραμμάτων
1388 1635 1440 1689 τῶν
1457 1630 1603 1708 βασιλικῶν
1624 1651 1692 1686 παν-

120 1724 258 1785 sissimum
279 1729 473 1807 Imperatorem
487 1749 494 1783 z
507 1726 555 1804 qui
575 1747 624 1808 pro
645 1748 694 1785 sua
713 1725 811 1807 pietate
832 1729 865 1786 ad
921 1731 1005 1807 ταχοῦ
1017 1727 1251 1807 διαπεμφθέντων,
1267 1724 1313 1784 καί
1321 1722 1487 1803 πανταχόθεν
1498 1720 1600 1788 πάντας
1612 1743 1692 1779 συνα-

120 1838 182 1878 eum
205 1818 295 1879 denuo
308 1818 401 1893 misit,
422 1817 557 1878 utstatim
576 1839 611 1878 ex
630 1819 752 1898 AEgypto
768 1818 868 1876 veniret
885 1829 903 1874 c·
921 1818 1070 1898 γαγύντων,
1085 1819 1170 1896 λάθρα
1186 1817 1265 1896 μέσον
1287 1818 1388 1876 νυκτῶν
1410 1817 1446 1881 εἰς
1466 1813 1575 1892 ἀκάτιον
1598 1813 1694 1871 ἑαυτὸν

120 1930 182 1969 cum
205 1910 332 1971 omnibus
350 1910 408 1970 suis
428 1911 616 1985 consortibus,
639 1922 665 1969 et
680 1909 811 1969 rationem
825 1910 867 1969 sa·
921 1911 1062 1990 θμύαλὼν,
1084 1911 1167 1977 ούτως
1185 1910 1304 1988 ἀπέδρα,
1331 1910 1389 1986 μεθ’
1403 1911 1498 1966 ἑαυτοῦ
1511 1905 1613 1972 πάντας
1627 1908 1693 1964 ἐπα·

120 2016 226 2083 stonum
246 2003 385 2079 redderet,
403 2024 491 2083 neque
508 2003 631 2062 sufficere
645 2016 753 2083 putaret
766 2002 800 2062 ad
815 2001 866 2062 de·
920 2006 1038 2085 γόμενος.
1058 2002 1129 2064 Ἀλλ’
1150 2007 1228 2081 ἡμεῖς
1241 2000 1300 2061 οὐδὲ
1314 2000 1396 2067 ούτως
1409 1998 1563 2076 ἀπέστημεν
1579 2041 1585 2070 ,
1603 1998 1647 2057 διδ
1661 1997 1693 2056 τὸ

120 2097 269 2157 tensionem
281 2117 359 2157 suam
374 2118 404 2157 er
418 2118 479 2177 que
495 2111 551 2156 tam
566 2097 666 2176 injuste
679 2096 714 2156 ab
725 2118 778 2156 una
793 2110 868 2177 purte
921 2101 959 2179 τῷ
975 2096 1103 2157 συνειδότι
1119 2099 1157 2176 τῷ
1178 2093 1301 2173 ἡμετέρῳ
1323 2096 1448 2172 θαρρεῖν,
1469 2089 1503 2149 τά
1523 2091 1590 2149 αὐτὰ
1609 2089 1693 2148 πάλιν

119 2189 199 2250 nobis
209 2189 366 2251 absentibus
380 2202 485 2272 patrate
496 2189 614 2261 fuerant,
630 2188 711 2248 etiam
722 2202 813 2247 contra
827 2200 868 2247 tot
921 2192 1135 2269 παρακαλοῦντες
1155 2187 1200 2247 τδν
1222 2185 1408 2246 εὖσεύέστατον
1435 2184 1566 2264 βασιλέα·
1592 2181 1621 2250 te
1644 2183 1691 2242 stul

121 2301 243 2342 oenones.
264 2282 316 2343 llle
331 2304 395 2344 vero
407 2280 637 2363 nelmperatoriis
657 2280 767 2358 quidem
781 2280 868 2341 literis
921 2280 1056 2363 πρέποντα
1077 2285 1161 2340 ποιῶν
1185 2282 1264 2339 αύτοῦ
1281 2275 1469 2356 τῇεθσεόεία,
1490 2276 1594 2354 έπεμψε
1608 2274 1691 2334 πάλιν

122 2373 320 2455 obtemperavit
338 2420 346 2447 ,
370 2373 419 2435 sed
438 2373 514 2433 domi
527 2372 647 2445 mansit,
664 2386 814 2454 praetexens
828 2394 868 2433 se·
921 2374 987 2455 πρὸς
1006 2372 1083 2434 αὐτὸν
1105 2372 1132 2431 έν
1152 2371 1230 2452 τάχει
1243 2370 1271 2440 il
1282 2370 1416 2448 Αἰγύπτου
1437 2368 1553 2439 ἀνιέναι,
1571 2366 1618 2427 καὶ
1632 2359 1692 2435 τούς

123 2464 254 2525 ditionem
265 2465 377 2547 populi,
393 2479 420 2525 et
433 2465 652 2545 intempestivum
665 2462 787 2524 studium
801 2486 869 2545 quo-
923 2467 982 2545 μετ’
1002 2470 1080 2526 αὐτοῦ
1099 2466 1214 2539 πάντας,
1235 2463 1303 2521 ὥστε
1319 2464 1406 2521 δοῦναι
1424 2459 1501 2540 λόγον
1515 2463 1569 2519 τῶν
1582 2482 1693 2538 γεγενη-

123 2557 250 2617 rumdam
262 2557 419 2636 seilicetqul
433 2557 457 2615 ei
471 2558 610 2629 faverent;
626 2557 676 2616 etsi
689 2558 872 2637 antebaslm·
924 2559 1028 2638 μένων,
1047 2558 1093 2617 καὶ
1112 2557 1149 2635 μὴ
1163 2555 1198 2615 τδ
1211 2557 1307 2624 ἀδίκως
1320 2553 1402 2621 οὕτως
1421 2558 1451 2613 ἐκ
1465 2561 1527 2630 μιᾶς
1541 2551 1636 2632 μοίρας
1647 2553 1693 2610 καὶ

6 2708 9 2714 ,
121 2649 270 2730 peratorias
286 2649 378 2708 literas
394 2648 453 2707 baee
468 2649 525 2729 ipsa
545 2648 623 2730 plebs
639 2650 788 2709 innumeris
807 2673 869 2711 eum
924 2652 1044 2712 dederes
1055 2653 1132 2729 ἡμῶν
1145 2649 1310 2727 τολμηθέντα
1321 2693 1329 2722 ,
1342 2647 1389 2707 καὶ
1404 2646 1478 2726 παρὰ
1491 2644 1630 2714 τοσούτους
1640 2668 1695 2704 κα-

123 2741 253 2803 conviciis
265 2740 441 2820 adsperserat.
453 2742 557 2802 Verum
568 2740 619 2800 ista
631 2762 683 2800 non
696 2741 869 2820 inquirimus,
887 2757 907 2802 n
924 2745 1016 2819 νάνας,
1036 2743 1151 2823 νομίζειν
1174 2745 1267 2822 ἀρκεῖν
1282 2742 1319 2807 εἰς
1336 2738 1481 2816 ἀπολογίαν
1502 2739 1591 2796 αὐτοῦ.
1611 2736 1647 2799 Ὁ
1664 2738 1692 2797 δὲ
1721 2745 1736 2794 l

120 2832 168 2893 sed
182 2830 319 2893 ostendere
332 2832 451 2892 volentes
464 2832 538 2910 quod
552 2832 580 2891 in
594 2833 727 2892 maleficio
740 2855 869 2913 perman·
922 2837 981 2899 οὐδὲ
998 2838 1143 2916 βασιλικῶν
1164 2833 1291 2913 ἠνέσχετο
1310 2831 1492 2913 γραμμάτων,
1517 2830 1576 2887 ἀλλ’
1599 2827 1693 2906 ἔμενεν

120 2927 201 3002 serit,
219 2926 278 2985 naec
293 2925 424 2986 diximus.
439 2926 572 2985 Ceterum
589 2946 623 2985 ne
641 2925 804 3005 sicquidem
821 2949 868 2989 nos
921 2929 1005 3001 οίκοι,
1021 2926 1236 3009 προβαλλόμενος
1250 2924 1343 2985 στάσιν
1355 2930 1401 2982 τοῦ
1418 2922 1523 3000 δήμου,
1541 2920 1588 2979 καὶ
1605 2943 1692 2979 σπου-

121 3018 295 3097 ιμιίενίιντιτσ,
316 3017 364 3078 sed
386 3017 533 3076 institimus
547 3019 729 3098 postulantes,
744 3033 775 3078 ut
785 3019 865 3100 judi·
921 3021 967 3092 δὴν
989 3019 1099 3102 ἄκαιρόν
1118 3042 1194 3079 τινων
1217 3019 1292 3090 δῆθεν
1313 3013 1495 3094 ἀντεχομένων
1516 3015 1614 3072 αὐτοῦ·
1631 3013 1692 3072 καί·

121 3109 195 3169 cium
202 3108 503 3169 baberetursecuudum
513 3109 677 3188 interrogata
687 3125 713 3170 et
722 3133 863 3193 responsu:
920 3137 960 3175 τοι
974 3138 1003 3193 γε
1018 3113 1070 3194 πρδ
1082 3116 1135 3171 τῶν
1147 3108 1313 3190 γραμμάτων
1326 3110 1379 3166 τῶν
1396 3109 1540 3185 βασιλικῶν
1559 3104 1637 3172 etet<
1647 3096 1692 3165 ob·

119 3215 228 3287 paratos
241 3201 312 3262 enim
326 3222 382 3262 esse
399 3201 557 3261 dicebamus
568 3203 708 3263 ostendere
725 3225 772 3264 nos
786 3206 865 3287 culpa
920 3229 963 3273 τος
976 3206 1084 3284 θδὴμος
1098 3201 1204 3283 μυρίαις
1215 3200 1291 3260 αθτδν
1305 3193 1449 3274 ἦνπλύνας
1458 3196 1610 3279 λοιδορίαις.
1620 3197 1690 3257 Ἀλλ’

119 3316 232 3369 uacare,
257 3294 321 3357 illos
335 3308 425 3355 autem
438 3309 557 3355 extrema
575 3316 690 3376 quaeque
705 3319 783 3358 ausos
797 3320 864 3359 esse.
920 3303 949 3361 οδ
974 3306 1059 3360 ταῦτα
1085 3294 1311 3377 περιεργαζόμεθα
1333 3299 1396 3366 νῦν,
1419 3291 1479 3352 ἀλλ’
1499 3293 1583 3351 έκεῖνο
1607 3291 1690 3360 δεῖξαι

119 3387 172 3447 Hic
185 3387 258 3447 enim
271 3401 452 3449 remanserant
469 3389 604 3470 Syrorum
618 3388 730 3467 quidam
740 3391 786 3469 qui
802 3406 866 3452 tunc
922 3392 1091 3474 βουλόμενοι,
1112 3389 1154 3450 des
1171 3390 1324 3469 κακουργῶν
1342 3394 1354 3421 ·
1375 3385 1540 3464 ἀτελείρθη,
1557 3383 1635 3443 ταῦτ’
1649 3388 1690 3443 et·

119 3477 271 3555 adfuerant,
283 3493 309 3539 et
317 3499 369 3538 una
379 3501 441 3540 cum
449 3479 507 3561 ipso
515 3480 604 3540 omnia
617 3495 761 3561 patrarant.
774 3484 866 3544 Etiam
922 3485 1049 3566 ρὴκαμεν.
1074 3483 1151 3556 Πλὴν
1173 3482 1231 3543 οὐδὲ
1253 3478 1320 3560 μετά
1343 3485 1428 3538 ταῦτα
1449 3484 1527 3554 ἡμεῖς
1547 3476 1691 3558 ἡσυχάσε-

120 3568 250 3630 edversus
269 3570 333 3630 istos
344 3571 431 3652 parati
449 3592 555 3630 eramus
563 3571 699 3651 judicium
716 3575 827 3647 subire,
840 3590 866 3635 et
922 3601 990 3655 μεν,
1010 3579 1069 3638 ἀλλ’
1085 3575 1243 3652 έπεκείμεθα
1253 3618 1261 3647 ,
1282 3570 1410 3639 ἀξιοῦντες
1427 3567 1596 3649 δεεεεῒύρεεε
1616 3569 1691 3649 γενέ·

120 3665 220 3746 saepius
233 3686 313 3746 super
327 3664 374 3724 illo
386 3665 628 3745 interpellavimus,
641 3683 764 3748 rogantes
777 3684 866 3731 utaut
921 3675 982 3730 σθαι
999 3667 1066 3727 δκαί
1088 3666 1174 3747 κρίσιν
1192 3666 1238 3725 καὶ
1257 3664 1416 3743 ἀπόκρισιν·
1436 3659 1537 3737 ἕτοιμοι
1555 3659 1608 3741 γάρ
1621 3651 1690 3738 ἡμεν

121 3769 180 3814 acta
192 3755 270 3814 nobis
282 3753 427 3830 darentur,
443 3769 489 3813 aut
500 3755 587 3815 libelli
599 3771 799 3832 accusatorum,
819 3776 866 3821 aut
884 3780 903 3826 n
921 3762 1002 3832 δεῖξαι
1021 3761 1126 3828 ἑαυτούς
1144 3783 1173 3820 τε
1194 3756 1345 3824 ἀνευθύνως
1366 3755 1461 3826 ὄντας,
1482 3754 1594 3819 ἐκείνως
1614 3754 1642 3813 δὲ
1656 3755 1690 3813 ed

122 3845 268 3906 criminum
279 3866 362 3926 genus
373 3846 589 3918 examinaretur,
605 3861 652 3906 aut
662 3848 715 3929 ipsi
726 3866 867 3913 accusato·
920 3852 1022 3932 ἔσχατα
1043 3847 1292 3928 παρανομήσαντας.
1315 3835 1405 3904 Ἦσαν
1417 3841 1445 3903 δέ
1460 3842 1505 3901 κε(
1521 3865 1590 3910 τινες
1607 3842 1690 3923 Σύρεε

121 3959 181 4012 res;
202 3952 229 3998 et
250 3937 320 3997 nihil
339 3937 438 3997 borum
459 3938 682 4019 impetravimus,
703 3942 751 4002 sed
773 3966 866 4006 rursus
921 3948 973 4004 τῶν
986 3944 1046 4003 τότε
1061 3944 1120 4022 μετ’
1134 3943 1212 4000 αὐτοῦ
1233 3938 1371 4018 παρόντων
1386 3939 1499 3996 ἐνταῦθα
1514 3936 1689 4015 ἀπολειφθέν-

121 4135 185 4183 ευιντ
196 4121 323 4202 deinceps
335 4142 444 4181 uarrare
455 4144 570 4202 queam,
585 4144 648 4201 qua
660 4146 767 4188 omnem
783 4149 866 4211 supe·
922 4127 974 4190 liei
990 4127 1055 4208 πρὸς
1068 4125 1172 4194 τούτους
1184 4125 1285 4202 ἕτοιμοι
1296 4114 1364 4200 ἦμεν
1376 4121 1542 4192 δικάζεεθεε,
1561 4119 1607 4178 *sl
1618 4122 1692 4179 πλεε·

122 4226 183 4274 rant
198 4211 380 4294 tragoediam?
402 4213 463 4292 quis
475 4235 506 4273 ea
519 4235 606 4274 sermo
619 4216 786 4278 exhibebit?
807 4243 867 4299 quae
922 4220 1014 4287 στάκις
1030 4218 1218 4299 ένωχλὴσαμεν
1239 4214 1306 4294 ὑπὲρ
1327 4213 1419 4272 τούτου
1440 4211 1570 4279 dimittet
1591 4210 1691 4281 ἢθπο-

54 4311 63 4323 “
122 4304 197 4364 auris
216 4303 275 4364 sine
286 4304 397 4364 horrore
415 4304 553 4385 accipiet?
568 4306 638 4365 Gum
655 4308 727 4368 enim
741 4330 770 4369 ea
785 4311 865 4393 ipsa,
922 4315 1050 4394 μνήματα
1068 4319 1133 4390 ἡμῖν
1148 4311 1274 4382 δοθῆναι,
1294 4305 1463 4378 ἢλιδέλλους
1481 4303 1691 4384 καττ.γύριον,ῖΙ

121 4398 192 4458 sicut
202 4408 263 4455 ante
275 4394 346 4467 disi,
361 4395 568 4456 obtenderemus
581 4413 708 4479 :repente
718 4402 867 4463 multitudo
921 4404 1012 4486 φύσεις
1025 4402 1200 4484 ἐγκλημάτων
1215 4404 1392 4479 γνωρισθῆναι
1404 4396 1441 4472 ,ἢ
1462 4392 1556 4463 αὖτοὺς
1571 4395 1630 4462 τοὺς
1644 4419 1692 4454 κε·

120 4490 241 4551 militum
264 4489 322 4569 ipsu
335 4508 433 4567 magno
452 4489 583 4565 sabbato,
604 4490 640 4550 ad
658 4513 798 4574 vesperam
808 4497 867 4577 jam
919 4497 1064 4579 τηγόροος,
1083 4495 1129 4556 καὶ
1145 4493 1247 4559 οὐδενός
1262 4491 1361 4551 τούτων
1375 4490 1513 4570 ἐτύχομεν,
1528 4488 1691 4555 ἀλλά,πάλιν

120 4579 266 4643 inclinante
276 4578 331 4651 tlie,
344 4581 372 4638 in
382 4579 506 4639 ecclesias
517 4581 632 4650 irruens,
645 4585 748 4644 olerum
759 4607 867 4661 omnem
919 4589 1070 4668 ἀξώσθημεν
1096 4592 1143 4660 τῆς
1167 4585 1339 4658 Ἐκκλησίας.
1363 4585 1426 4649 Πῶς
1455 4580 1485 4640 ἂν
1514 4580 1548 4640 τὰ
1572 4583 1691 4641 ἐντεῦθεν

120 4674 168 4754 qui
184 4672 324 4733 nobiscum
338 4684 412 4745 erat,
429 4671 457 4731 vi
471 4673 624 4752 ejecerunt,
640 4689 665 4734 et
685 4678 767 4738 armis
783 4681 869 4741 altare
918 4683 1098 4762 οδιηγὴσαιμι
1110 4678 1202 4740 λοιπὸν
1217 4688 1307 4737 πᾶσαν
1317 4673 1512 4757 θπερόσίνοντα
1524 4674 1688 4756 τραγῳδίανς

119 4765 242 4846 undique
257 4764 462 4825 circumsessum
478 4780 517 4823 est
529 4788 535 4821 ε
547 4779 574 4825 et
587 4765 713 4827 mulieres
726 4770 754 4829 in
773 4794 865 4832 sacra·
885 4791 902 4837 F
918 4774 958 4848 τίς
971 4780 1056 4834 ταῦτα
1070 4769 1237 4852 παραστήσει
1249 4768 1346 4848 λόγος;
1366 4764 1430 4826 ποία
1444 4764 1526 4847 χωρὶς
1539 4765 1635 4844 ρρίκης
1646 4766 1689 4826 δέ·
1717 4790 1736 4841 p

119 4881 182 4920 rum
195 4856 295 4918 edium
307 4901 316 4934 ,
341 4877 402 4934 quae
416 4855 445 4915 id
462 4858 589 4936 temporis
605 4857 639 4918 ad
659 4860 825 4942 baptismum
837 4888 866 4927 se
919 4867 990 4937 ξεται
1012 4863 1099 4938 άκοὴ;
1117 4861 1212 4941 ‘tipus
1232 4860 1284 4942 γδρ
1299 4859 1365 4920 εὖτὲ
1384 4865 1485 4928 ταῦτα,
1501 4859 1568 4937 ἅπερ
1584 4858 1688 4938 ἔμπνε-

120 4963 266 5022 exuerent,
292 4962 365 5008 metu
386 4949 489 5007 acerbe
505 4949 580 5010 illius
603 4951 761 5033 irruptionis
782 4959 863 5019 nudae
918 4966 978 5021 σθεν
994 4950 1084 5032 είπον,
1098 4955 1307 5038 προτεινόντων,
1323 4953 1415 5036 ἀθρόον
1432 4954 1601 5035 στρατιωτῶν
1613 4954 1687 5025 πλῆ-

152 5166 165 5193 *
184 5162 236 5212 Ed.
248 5167 307 5228 ἅπερ
318 5165 398 5226 ἔδρασε
407 5162 488 5229 bigot.
501 5159 510 5228 [
522 5162 652 5226 Quaerere
664 5176 702 5216 est
714 5165 809 5237 lectio]
915 5179 964 5224 κιῖ
983 5170 1121 5239 απόκρισιν]

152 5259 162 5284 ι
179 5241 232 5292 Ed.
243 5246 371 5308 άπεληρθη.
384 5239 466 5304 nigor.
480 5240 490 5304 [
502 5242 602 5308 Recto]
928 5252 931 5256 ’
958 5265 968 5288 ε
984 5244 1088 5314 [scrib.
1102 5241 1274 5313 διηγησάμην]

152 5320 233 5375 bErl.
246 5327 306 5372 κατὰ
324 5323 398 5372 πτύειν
409 5318 462 5385 sig.
476 5320 485 5384 [
498 5319 555 5372 Mos
576 5322 622 5374 lis
642 5332 680 5378 καὶ
700 5335 807 5396 ἀκρόασιν
830 5343 875 5393 pro
