3750 6052
695 535 739 581 no
765 533 795 579 s.
823 530 956 580 totoue
981 527 1168 576 cunrsosr.
1634 507 1713 598 '527

150 661 193 721 καί
204 660 325 721 λίόελλον
339 659 409 720 κατὰ
422 663 468 719 τοῦ
480 656 667 736 Χρυσοατόμω
682 655 839 736 περιέχοντα
854 661 918 714 ταῦ-
927 701 963 739 ,ω
972 650 1107 709 sationum
1121 648 1306 708 examinatum
1323 647 1391 721 tntu
1404 648 1504 711 deinde
1525 671 1591 710 vero
1609 649 1714 731 vigesi-

148 777 191 812 τα·
203 757 307 833 πρῶτον
320 752 439 830 περὶτοῦ
453 749 581 816 πολλάκις
595 747 815 826 μνημονιυθέντος
827 747 919 807 Ἰωάν·
936 757 956 803 Δ
973 763 1049 801 mum
1063 741 1217 821 septimum.
1244 740 1339 800 Postea
1353 747 1462 802 rursiam
1478 743 1593 803 lmacius
1606 743 1716 824 episco-

151 870 195 905 νου
214 855 259 907 τοῦ
273 851 405 925 μοναχοῦ,
416 843 457 902 δτι
471 843 553 924 ἐδάρη
569 842 612 901 διὰ
633 840 693 908 τοὺς
705 837 918 918 Ὠριγενειαστθς
973 854 1024 913 pus
1039 831 1210 892 Heraclidem
1221 832 1359 891 accusarit
1372 846 1401 890 ut
1414 833 1597 913 Origcnistam
1608 877 1619 906 ,¹
1628 827 1715 894 mini-

151 939 197 999 καὶ
217 939 258 998 ότι
282 937 503 1018 ἐσιδηροφόρησε·
526 936 664 1016 δεύτερον,
684 933 725 993 ὅτι
748 937 763 992 θ
789 932 919 1014 μακάριος
973 948 1069 1006 meque
1092 925 1242 991 admistum
1263 946 1280 996 tt
1304 926 1472 987 sanctissimo
1500 929 1655 1010 Epiphanio
1682 929 1710 987 in
1759 947 1762 952 ·

153 1029 309 1109 Ἔπιφάνιος
339 1030 382 1088 διὰ
413 1027 472 1096 τοθς
493 1025 726 1106 Ὦριγενειαστθς,
751 1024 919 1102 Ἀμμώνιον,
973 1016 1131 1093 orationein,
1142 1039 1191 1077 nec
1203 1017 1240 1077 ad
1253 1017 1328 1078 cibos
1336 1020 1420 1079 simul
1433 1021 1587 1081 sumendos.
1598 1019 1715 1081 Protulit

153 1122 299 1201 Εῦθόμιον,
315 1121 442 1181 Εὐσέθιον
457 1119 502 1181 καὶ
515 1118 691 1200 Ἡρακλείδην
706 1118 752 1178 καὶ
766 1117 919 1177 Παλλάδιον
974 1125 1065 1171 antem
1079 1108 1152 1169 idem
1163 1109 1281 1169 isaacius
1291 1123 1383 1168 oontm
1396 1112 1621 1192 Chrysostomum
1633 1112 1715 1171 lihcl-

154 1217 201 1273 οὐκ
219 1205 332 1285 ἠθελησε
351 1218 523 1285 κοινωνῆσαι·
535 1210 639 1292 τρίτον,
652 1212 694 1272 ότι
713 1209 762 1282 τὴν
775 1208 920 1290 φιλοξενίαν
973 1205 1033 1264 lum
1045 1203 1103 1262 haec
1112 1201 1293 1262 continentem
1305 1201 1417 1282 :primo,
1426 1202 1460 1263 de
1473 1216 1715 1285 supramemorato

153 1310 240 1366 ἀθετεῖ
258 1306 408 1385 μονοσιτίαν
425 1305 600 1376 ἐπιτηδεύων·
613 1304 752 1386 τέταρτον,
767 1303 808 1363 ὅτι
822 1304 864 1363 ἐπ’
879 1305 922 1362 ἐκ·
975 1316 1046 1376 δίθρθ
1059 1297 1162 1356 «10111116
1173 1293 1326 1367 M0¹1³⁰l¹⁰‚
1338 1294 1411 1372 quod
1423 1309 1533 1376 Pfflpler
1547 1295 1716 1375 Orlgffllslas

155 1398 265 1471 ,λησης
285 1398 355 1478 λέγε,
374 1397 507 1479 τράπεζαν
525 1396 669 1478 Ἐρνννύννν
693 1395 920 1476 πεπληρωμένην·
974 1387 1146 1468 vapulasset,
1158 1407 1190 1446 ac
1205 1386 1304 1448 cetenis
1316 1387 1410 1447 ferreis
1424 1386 1532 1447 vinctus
1543 1388 1637 1446 luisset
1653 1408 1660 1445 :
1677 1408 1716 1446 se

148 1489 291 1569 Ιπέμπτον,
305 1490 346 1550 δτι
364 1499 497 1570 καυχῦται
520 1490 563 1549 ἐπ’
574 1488 733 1561 ἐκκλησίας,
749 1489 833 1568 λέγων
850 1490 921 1568 ,ἐρῶ,
976 1478 1077 1556 cundo,
1092 1478 1168 1557 quod
1180 1479 1276 1539 beatus
1289 1477 1460 1559 Epiphanius
1471 1488 1580 1563 propter
1592 1478 1719 1559 Origeni·

155 1581 296 1659 μαίνομαι·
319 1581 364 1641 καί
390 1582 433 1642 ότι
457 1579 556 1662 ὀφείλει
581 1585 743 1662 ἑρμηνεῦσαι
766 1581 835 1648 τίνες
856 1580 921 1639 εἰσίν
976 1570 1226 1642 stashmmonlum‚
1239 1569 1438 1651 Euthymium,
1455 1570 1616 1647 Eusebium,
1632 1571 1719 1629 llere·

149 1669 301 1754 Ἔρῑννύες,
318 1673 363 1732 χαλ
385 1673 413 1731 τί
428 1677 485 1733 ἐστι
499 1674 530 1733 τὸ
544 1672 645 1752 λέγειν,
658 1675 728 1752 ὶρῶ,
742 1671 921 1752 μαίμομας·ἡ
942 1700 959 1748 Β
976 1663 1076 1724 δίίίλθίλλ
1085 1677 1111 1721 el
1126 1662 1279 1722 Palladium
1291 1683 1383 1722 secum
1399 1662 1598 1725 communicare
1612 1662 1718 1722 noluis-

152 1763 203 1843 γὰρ
219 1762 369 1838 Ἐκκλησία
390 1769 436 1824 οὐκ
456 1756 508 1824 οἶδε
529 1769 624 1824 ταῦτα.
643 1764 760 1838 Ἕκτον,
773 1765 814 1825 ὅτι
833 1764 923 1823 ἄδειαν
977 1770 1017 1816 set
1031 1779 1038 1815 ι
1051 1754 1150 1828 tertio,
1166 1754 1239 1833 quod
1259 1754 1488 1835 hospitalitatem,
1502 1756 1575 1815 solus
1596 1753 1718 1833 quotidie

152 1857 264 1937 παρέχει
295 1866 349 1925 τοῖς
376 1858 572 1938 ἁμαρτάνουσι,
597 1856 740 1916 διδάσκων·
767 1856 813 1917 ide
841 1856 921 1917 πάλιν
978 1846 1721 1927 θῦῐῦθθθθδι1185818ῑὲθθθηθνθθθθίθθῦῡίθθίθθί·

151 1948 370 2028 θμάρτης,ττάλιν
386 1948 557 2026 μετανόησον,
571 1948 618 2006 καί
636 1947 726 2016 ὁσάκις
743 1949 774 2008 διν
790 1948 922 2028 ἁμάρτῃς,
977 1956 1030 2017 cat,
1047 1961 1166 2001 mensam
1180 1956 1237 2000 esse
1250 1939 1384 1999 furiarum
1395 1939 1631 2021 plenamaqointo,
1643 1938 1721 2018 quod

152 2041 210 2100 ἐλθὲ
230 2040 296 2121 πρός
314 2065 359 2119 με,
374 2043 420 2101 χαλ
440 2040 491 2120 ἐγώ
512 2064 542 2100 σε
561 2041 728 2122 θεραπεύσω·
743 2041 864 2120 ἕὸδομον,
882 2041 922 2100 ὅτι
976 2035 1006 2094 ln
1018 2033 1128 2094 ecclesia
1139 2034 1177 2093 lla
1187 2053 1215 2092 θθ
1225 2033 1308 2112 jactel
1316 2078 1325 2104 ,
1335 2030 1441 2103 (licens,
1454 2033 1534 2111 Quid
1546 2034 1643 2092 dicam
1653 2039 1667 2092 P
1679 2039 1721 2091 t'n·

152 2135 306 2212 βλασφημεῖ
320 2137 361 2193 ἐπ’
373 2131 515 2205 ἐκκλησίας
526 2133 621 2210 λέγων,
631 2131 673 2191 ὅτι
687 2137 701 2191 θ
715 2132 829 2212 Χριστὸς
841 2157 923 2213 προσ·
977 2130 1062 2187 sanie
1077 2150 1087 2190 .·
1101 2140 1138 2199 et,
1149 2125 1298 2204 oportuisse
1308 2124 1387 2183 illum
1398 2125 1582 2205 interpretari,
1597 2144 1722 2202 quaeuam

151 2223 291 2301 ταξάμενος
304 2228 352 2284 οὐκ
366 2223 540 2295 εἰσηκούσθη,
552 2223 611 2282 irtel
626 2223 663 2302 μὴ
676 2223 787 2290 δεόντως
803 2223 924 2304 προσηύ·
977 2233 1063 2289 essem
1075 2219 1131 2278 illae
1145 2217 1222 2278 lorice
1235 2261 1244 2289 ,
1258 2231 1284 2283 et
1297 2215 1366 2295 quid
1379 2215 1431 2276 sibi
1453 2216 1519 2277 velit
1535 2216 1627 2292 illud,
1644 2216 1723 2296 Quid

152 2314 221 2383 ξατο·
231 2315 330 2393 ὄγδοον,
339 2315 443 2383 ότιτοῑς
453 2317 526 2382 λαοῖς
538 2315 683 2374 tucceta
694 2317 843 2384 στασιάζειν
854 2314 925 2376 κατθ
977 2314 1076 2377 dicam
1087 2317 1100 2370 Ρ
1112 2314 1238 2372 insanio.
1249 2309 1306 2368 llas
1319 2308 1391 2396 enim
1408 2328 1488 2371 voces
1504 2307 1624 2368 Ecclesia
1642 2307 1723 2387 igno·

153 2410 201 2476 τῆς
212 2405 331 2465 συνόδοο
344 2405 465 2477 ἔννατον,
479 2404 520 2464 ὅτι
531 2406 667 2478 Ἕλληνας
680 2406 768 2467 πολλά
782 2407 852 2468 κακθ
870 2416 930 2475 ’τοῖς
978 2418 1029 2462 rat.
1039 2396 1132 2473 Sexto,
1139 2400 1213 2480 quod
1221 2399 1357 2460 licentiam
1367 2399 1539 2480 peccantibus
1546 2396 1722 2483 sicprebeat,

154 2499 323 2577 Χριστιανοῖς
343 2498 509 2575 διαθεμένους
528 2498 690 2571 ὑπεδέξατο,
709 2501 755 2559 καλ
772 2501 828 2580 ἔχει
848 2503 923 2578 ἐντῇ
942 2524 961 2572 (γ
979 2493 1071 2554 dicens
1088 2495 1138 2555 :Si
1158 2498 1262 2552 iterum
1273 2494 1458 2569 peccaveris,
1473 2500 1578 2552 iterum
1592 2505 1621 2552 te
1631 2498 1724 2572 μετιεῖ·

155 2588 298 2668 ίκκλησίορ,
316 2589 361 2648 καλ
375 2587 534 2669 προΐσταται
553 2590 656 2648 αὐτῶν·
670 2589 795 2662 δέκατον,
810 2591 851 2650 δτι
864 2594 925 2651 lert-
981 2599 1052 2658 teat,
1065 2600 1092 2644 et
1107 2589 1220 2667 quoties
1229 2585 1410 2664 peccaveris,
1424 2592 1496 2646 verti
1509 2587 1616 2659 adme,
1630 2598 1659 2644 et
1671 2606 1723 2666 ego

156 2678 239 2739 θαίνει
255 2680 404 2761 ἀλλοτρίαις
419 2680 573 2762 ἐπαρχίαις,
586 2680 632 2740 καλ
649 2692 794 2762 χειροτονεῖ
812 2680 924 2742 ίπισκύ-
982 2692 1009 2740 te
1021 2681 1135 2739 sanabo
1152 2703 1160 2736 t
1173 2667 1297 2758 septimo,
1310 2675 1384 2756 quod
1395 2679 1423 2736 iu
1433 2677 1544 2738 ecclesia
1555 2677 1724 2762 blasphemet

154 2795 226 2839 τους·
239 2772 387 2845 ἑνδέκατον,
400 2770 441 2831 δτι
456 2772 556 2853 θθρίζει
568 2772 628 2842 τοὺς
641 2773 809 2848 ἐπισκόπους,
821 2773 867 2833 καί
881 2777 925 2834 ἐκ·
979 2776 1083 2847 dicens,
1101 2773 1240 2833 Christum
1254 2785 1394 2844 orantem,
1410 2771 1474 2833 ideo
1496 2771 1658 2833 exauditum
1669 2793 1724 2832 non

154 2864 297 2944 πιγγάτους
312 2865 414 2925 κελεύει
432 2864 594 2938 ἐκθληθῆναι
607 2869 655 2936 τῆς
673 2865 757 2934 οἰκίας
772 2869 859 2927 αὐτοῦ·
874 2867 925 2925 διν·
980 2867 1079 2944 luisse,
1093 2864 1166 2946 quod
1185 2886 1239 2925 nott
1263 2879 1294 2925 ut
1314 2865 1455 2945 oportebat
1477 2878 1577 2926 orasset
1589 2889 1596 2923 t
1607 2877 1723 2943 octavo,

155 2956 281 3030 δέκατον,
295 2958 336 3018 ὅτι
353 2955 413 3025 τοθς
437 2958 578 3038 κληρικοθς
593 2957 677 3026 ξέναις
691 2957 798 3036 θῦρισιν
815 2957 925 3038 ύθρίζει·
978 2958 1052 3040 quod
1075 2958 1112 3018 ad
1135 2957 1295 3018 seditionem
1309 2958 1442 3039 populum
1463 2957 1627 3031 concitaret,
1643 2959 1725 3020 etiam

154 3051 386 3130 τρισκαιδέκατον,
407 3050 449 3110 ὅτι
471 3051 629 3130 παραθήκας
655 3052 795 3126 ἀλλοτρίας
820 3052 925 3132 ἥρπασε
981 3052 1115 3112 adversus
1144 3050 1280 3131 synodum
1298 3071 1305 3107 ι
1322 3070 1392 3109 nono
1404 3095 1413 3126 ,
1437 3049 1511 3128 quod
1538 3070 1573 3110 ex
1600 3050 1725 3129 gentibus

156 3141 210 3221 βίφ·
225 3141 522 3224 τεσσαρεσκαιδέκατον,
536 3143 577 3201 ότι
590 3143 652 3202 ἄνευ
667 3144 798 3224 συνεδρίου
811 3145 857 3204 καὶ
873 3165 924 3204 πα·
980 3145 1123 3226 quosdam,
1136 3145 1183 3223 qui
1200 3142 1361 3203 Christianis
1375 3143 1446 3201 mala
1460 3143 1544 3201 multa
1556 3143 1700 3202 intulerant
1715 3143 1724 3220 ,’

156 3232 189 3311 ph
199 3232 307 3311 γνώμην
321 3240 367 3293 τοῦ
383 3232 481 3311 κλήρου
500 3242 570 3292 ποιεῖ
585 3233 631 3300 τθς
649 3236 820 3316 χειροτονίας·
834 3251 926 3296 πεντιὲ
980 3237 1182 3319 suscepisset,et
1194 3236 1221 3293 in
1233 3233 1342 3293 ecclesia
1352 3233 1550 3312 liaberetatque
1556 3232 1724 3294 defenderet:

155 3324 368 3397 καιδέιιατον,ὅτι
378 3323 440 3390 τοὺς
454 3322 502 3402 μὲν
511 3323 727 3404 Ὠριγινιιαοτθς
740 3325 854 3399 έδίξατο,
865 3325 926 3394 τοθς
980 3327 1098 3402 decimo,
1112 3325 1185 3405 quod
1200 3324 1317 3384 aliorum
1331 3324 1484 3404 provincias
1499 3323 1620 3401 invadat,
1633 3325 1726 3404 ibique

155 3417 183 3474 δέ
199 3414 365 3482 κοινωνικούς
383 3418 431 3486 τῆς
445 3416 589 3486 ἐκκλησίας
604 3416 672 3494 μετὰ
691 3423 855 3478 συστατικῶν
880 3421 926 3479 έλ-
943 3446 964 3495 ῃ
980 3419 1089 3479 ordinet
1115 3417 1256 3500 episcopos
1283 3440 1290 3472 τ
1313 3415 1475 3488 undecimo,
1492 3417 1566 3495 quod
1587 3419 1725 3498 episcopos

155 3505 247 3574 θέντας
257 3505 433 3587 γραμμάτων,
446 3506 493 3567 καλ
506 3511 533 3567 ἐν
551 3511 585 3587 τῇ
601 3510 707 3589 φυλακῇ
722 3508 866 3589 βληθέντες
880 3512 927 3572 οῦκ
981 3511 1082 3591 injuria
1094 3508 1213 3585 alliciat,
1226 3521 1254 3568 et
1267 3512 1439 3590 expingctos
1451 3506 1532 3568 domo
1543 3531 1591 3569 sua
1602 3509 1668 3591 pelli
1674 3511 1725 3590 ju·

155 3595 284 3671 ἐξείλετο,
299 3597 368 3656 άλλθ
387 3598 433 3657 καί
452 3598 630 3666 ἀποθανόντας
651 3602 679 3659 έν
704 3604 771 3676 αὐτῇ
793 3603 847 3662 οὐδ’
859 3602 927 3671 ὅλως
980 3603 1041 3663 beat
1057 3599 1251 3677 :duodecimo,
1266 3598 1342 3679 quod
1356 3600 1467 3660 elericos
1477 3601 1612 3662 inusitatis
1625 3584 1725 3672 corito·

154 3690 337 3770 ἐπεσκέψατο·
359 3688 558 3766 ἐξκαιδέκατον,
579 3692 620 3751 ότι
645 3691 751 3760 δούλους
773 3695 927 3777 ἀλλοτρίους
981 3693 1180 3754 meliisafficiat
1195 3691 1502 3774 :decimotertio,quod
1515 3692 1632 3766 aliorum
1641 3694 1725 3777 depo-

155 3780 239 3860 μήπω
264 3781 502 3862 ἐλευθερωθέντας,
520 3781 590 3842 etit
614 3783 660 3843 καὶ
684 3784 926 3863 διαθεθλημίναις,
980 3789 1032 3848 sita
1045 3789 1075 3847 vi
1088 3785 1211 3867 rapuerit
1225 3775 1350 3846 :decimo
1366 3799 1482 3866 quarto,
1497 3787 1570 3866 quod
1583 3789 1642 3848 sine
1656 3810 1724 3849 con·

155 3873 351 3954 ἐχειροτόνησεν
365 3874 533 3943 ἐπισκόπους·
548 3875 782 3952 ἑπτακαιδέκατον,
793 3878 836 3938 ότι
848 3879 925 3938 αὐτὸν
982 3888 1063 3939 ¹uentu
1086 3891 1113 3938 et
1137 3891 1234 3958 praeter
1263 3877 1328 3937 cleri
1360 3879 1518 3938 sententiam
1543 3880 1725 3942 ordinationes

154 3972 246 4027 τοῦτον
256 3966 390 4027 Ἰσαύκιον
410 3967 497 4027 πολλθ
511 3970 574 4048 παρ’
587 3970 666 4028 aiecii
684 3969 781 4043 συνέθη
800 3975 927 4042 κακωθῆ-
981 3971 1077 4032 faciat:
1088 3970 1193 4031 decimo
1205 3969 1309 4049 quinto,
1319 3969 1395 4049 quod
1405 3972 1573 4052 Origenistas
1581 3975 1723 4056 receperit,

155 4083 209 4118 ναι.
224 4058 333 4119 Τούτων
347 4051 391 4120 οὖν
403 4063 455 4119 τῶν
469 4064 636 4139 κατηγοριῶν
647 4061 738 4140 τὸμὲν
749 4067 870 4142 πρῶτον,
881 4063 928 4124 dra
983 4085 1027 4122 eos
1040 4077 1140 4137 autem,
1153 4063 1200 4140 qui
1213 4084 1276 4122 eum
1288 4063 1409 4123 Ecclesia
1415 4067 1652 4142 communicarent,
1660 4089 1723 4127 curn
1748 4069 1752 4078 '

156 4151 188 4223 δὴ
201 4150 404 4229 προεξετασθίν,
415 4154 451 4219 ὡς
462 4149 590 4230 ἐνόμιζον,
600 4153 685 4214 οὐκέτι
700 4152 840 4226 ἐξητάσθη·
854 4154 886 4214 eh
899 4155 927 4216 δέ
983 4148 1210 4215 commendatitiis
1231 4155 1367 4215 venientes
1390 4155 1474 4215 literis
1497 4173 1523 4216 er
1545 4158 1572 4216 in
1592 4181 1724 4220 carcerem

156 4242 274 4323 δεύτερον
290 4241 438 4314 ἐξητάσθη,
451 4242 496 4301 καὶ
517 4242 546 4301 τδ
564 4243 684 4322 ἕθδομον.
698 4235 767 4305 Εἶτα
781 4245 926 4322 ἐξητάσθη,
943 4256 963 4306 θ
982 4250 1123 4329 conjectos,
1138 4267 1191 4306 non
1208 4246 1381 4317 liberaverit,
1397 4247 1452 4307 imo
1465 4269 1514 4308 nec
1527 4248 1566 4307 ibi
1582 4238 1725 4311 moiientes
1823 4292 1827 4297 -

154 4334 236 4396 πάλιν
246 4335 277 4395 τδ
285 4333 373 4416 τρίτον
387 4334 510 4413 ἔγκλημα
521 4338 572 4394 τῶν
583 4336 635 4395 harh
647 4341 693 4397 τοῦ
704 4338 823 4398 διακόνου
835 4338 926 4399 Ἰωάν·
981 4340 1104 4402 inriserit
1116 4365 1122 4399 :
1133 4337 1239 4398 decimo
1253 4353 1338 4415 sexto,
1348 4338 1421 4418 quod
1434 4360 1526 4398 servos
1536 4340 1648 4416 alienos,
1658 4365 1726 4402 non·

156 4451 200 4487 νου
226 4427 411 4488 ἐπιδοθέντων.
427 4427 474 4486 Ἐν
496 4425 582 4509 τούτῳ
605 4427 632 4487 δέ
656 4433 695 4507 τῷ
716 4430 853 4512 κεφαλαίῳ
879 4433 925 4492 καί
981 4433 1049 4493 duni
1064 4430 1252 4501 manumissos,
1272 4429 1327 4488 imo
1337 4431 1418 4489 etiam
1432 4445 1581 4504 accusatos,
1593 4433 1726 4496 ordinarit

154 4521 293 4600 Ἀρσόκιος
305 4525 320 4581 θ
331 4518 613 4601 πρωτοπρισόύτερος,
629 4523 643 4579 θ
658 4520 735 4580 αθτθν
753 4522 798 4582 τδν
823 4526 926 4604 Χρυαό·
980 4524 1119 4606 episcopos
1133 4546 1140 4579 ε
1153 4521 1398 4601 decimoseptimo
1411 4566 1420 4600 ,
1443 4522 1518 4600 quod
1540 4524 1614 4584 hunc
1635 4526 1724 4608 ipsum

156 4637 252 4692 στομον
278 4613 476 4692 διαδεξάμενος,
499 4613 545 4672 καί
567 4612 716 4681 Ἀττικδςὸ
737 4615 924 4699 πρεσόύτερος,
983 4616 1114 4676 isaacium
1123 4614 1267 4693 malesaepe
1279 4612 1424 4672 mulctarit.
1436 4613 1540 4674 llarom
1552 4617 1643 4697 itaque
1651 4640 1725 4680 accu·
1778 4689 1781 4694 Ι
1868 4668 1871 4677 .

157 4707 205 4764 οὐκ
219 4697 266 4764 οἶδ’
282 4702 353 4772 ὅπως
372 4707 504 4786 μάρτυρες
526 4705 651 4782 ἔστησαν,
667 4706 713 4766 καί
731 4713 777 4767 τοῦ
791 4708 865 4789 ἁγίου
879 4732 927 4769 κα·
981 4709 1113 4769 sationum
1125 4708 1251 4786 primam,
1265 4718 1358 4786 utpote
1372 4708 1440 4787 jam,
1450 4720 1481 4766 ut
1491 4710 1642 4790 putabant,
1656 4734 1725 4774 exa-

156 4796 373 4880 τεμαρτύρησαν·
391 4800 437 4858 καλ
450 4799 588 4866 Ἐλπίδιος
611 4797 640 4858 δέ
657 4799 872 4882 θπρεαθύτερος.
889 4807 926 4864 ot
981 4801 1131 4870 minatam,
1146 4797 1301 4878 perquirere
1311 4799 1461 4859 'noluerunt
1474 4824 1481 4859 ε
1495 4802 1609 4863 secunda
1625 4826 1688 4866 vero
1699 4821 1726 4866 et

157 4890 230 4952 αὐτοὶ
244 4889 272 4950 δέ
288 4889 536 4972 κατεμαρτύρησαν,
549 4891 595 4951 καί
609 4889 655 4952 σὺν
670 4895 757 4961 αὐτοῖς
772 4894 816 4953 καὶ
830 4899 844 4954 δ
857 4919 926 4976 πρε·
982 4894 1098 4975 septima
1113 4911 1232 4950 excusse
1246 4892 1362 4951 suenrus.
1380 4893 1485 4952 Deinde
1496 4896 1649 4955 examinata
1663 4920 1726 4957 rur·

156 4980 282 5062 σθύτερος
292 4981 413 5050 Ἀκόκιος
436 4982 481 5042 ἐπὶ
503 4987 542 5063 τῷ
561 4983 681 5067 τετάρτιρ
694 4987 839 5069 κεφαλαίῳ.
855 4988 927 5050 Τού-
983 5008 1029 5048 sus
1049 4986 1099 5044 luit
1114 4983 1247 5050 accusatio
1261 5006 1275 5043 a
1290 4986 1521 5046 JoanneDiacono
1534 4988 1601 5047 lacta
1611 5034 1617 5048 .
1629 4991 1659 5048 lo
1675 4990 1726 5050 hoc

157 5101 210 5136 των
223 5067 266 5134 ούν
280 5074 568 5150 ἐξετασθέντων,αὒτοί
581 5101 610 5137 τε
623 5081 647 5137 oi
660 5081 847 5162 προειρημένοι
862 5104 929 5163 πρε·
984 5101 1049 5142 vero
1070 5078 1158 5160 capite
1179 5079 1307 5138 Arsacius
1335 5078 1571 5159 archipresbyter,
1596 5080 1644 5158 qui
1673 5081 1725 5162 ipsi

160 5169 298 5248 σόότεροι,
312 5167 358 5227 καί
373 5166 514 5246 Εὐδαίμων
530 5168 570 5228 έτι
584 5170 630 5229 καί
646 5171 806 5252 Ὀνήσιμος,
820 5177 930 5254 ᾐτοῦντο
958 5197 964 5204 ·
985 5177 1178 5259 Chrysostomo
1191 5173 1333 5245 suecessit,
1348 5189 1374 5234 et
1388 5173 1492 5233 Atticus
1505 5174 1665 5256 presbyter,
1680 5198 1728 5237 ne-

162 5265 319 5342 ἐπιταχῦναι
337 5263 371 5340 τῇ
392 5260 534 5341 ἀποφάσει.
551 5261 605 5320 Καί
628 5268 731 5345 πρῶτος
752 5271 800 5340 τῆς
823 5268 930 5328 συνόδου
986 5269 1042 5329 scio
1055 5266 1191 5348 quomodo
1210 5280 1289 5327 testes
1308 5267 1430 5339 fuerunt,
1443 5280 1470 5325 et
1490 5280 1581 5326 contra
1602 5282 1726 5330 sanctuni

162 5355 270 5421 Παῦλος
284 5358 298 5414 ὁ
311 5351 473 5435 Ἡρακλείας
481 5353 592 5431 ἠξίωσεν
607 5351 730 5426 ἅπαντας
738 5359 931 5441 ἀποφήνασθαι.
953 5376 970 5424 1²
988 5359 1124 5422 testificati
1134 5373 1207 5436 sunt,
1219 5372 1250 5419 ut
1261 5372 1287 5420 et
1296 5358 1426 5440 Elpidius
1436 5359 1588 5440 presbyter.
1604 5359 1689 5420 Iidem
1700 5362 1726 5420 et
