3714 5970
566 426 612 477 nr
636 426 870 481 summussos
894 410 1009 481 ιιιιιιιῖιι
1037 431 1285 483 cnnssosrosrt.
1653 436 1713 485 xxr

143 546 360 627 ἰωσαιιι,
373 546 490 629 qa'tan
502 548 586 633 μὺ
603 564 664 635 post
675 552 845 637 «aspirarent
856 577 864 613 ε
874 574 960 635 neqrrs
973 568 1061 617 tamen
1081 555 1169 617 ullum
1183 557 1242 637 ejus
1263 554 1392 617 facinoris
1405 567 1574 636 compertum
1587 556 1624 617 sit
1635 559 1711 640 apud

144 639 276 704 tomnitas
289 641 475 723 vestigium.»

171 734 267 812 adam,
283 734 311 795 si
324 734 429 817 placet,
439 734 480 797 ad
494 736 650 818 Georgium
660 736 877 801 Alexandrinum
888 738 1048 803 accedamus
1062 765 1069 799 ι
1085 742 1130 802 cui
1144 742 1266 817 Photius,
1283 741 1375 821 magni
1386 737 1486 823 judicii
1500 739 1557 813 vir,
1570 753 1596 801 et
1609 743 1712 805 auerri-

142 848 190 891 ans
199 841 332 889 veterum
343 828 515 915 κήριιιιιιιιι
530 850 640 907 censor,
658 830 716 893 duo
727 834 856 915 impingit
866 833 997 909 minine,
1010 835 1170 895 Hellenismi
1181 856 1235 897 non
1254 834 1404 914 observati,
1416 847 1444 896 et
1456 835 1652 915 ἀνιστορησίας.
1665 837 1711 899 Dc

144 919 216 1003 pr'ori
237 921 334 981 multa
347 924 509 985 monuimus
524 925 626 1005 passim
642 923 671 985 in
686 926 779 1003 Notis,
793 940 820 987 et
834 948 878 987 res
893 940 933 989 est
946 928 1035 987 cuivis
1053 928 1135 988 obvia
1150 952 1157 986 ι
1173 928 1208 988 de
1222 927 1378 1009 posteriori,
1389 948 1473 1006 quam
1485 926 1606 989 historiar
1620 930 1711 993 Geor·

144 1016 215 1097 ganz
224 1028 342 1097 partem
352 1031 448 1079 notare
457 1018 587 1091 voluerit,
600 1040 664 1081 cum
674 1020 747 1081 nihil
765 1020 867 1081 diserte
879 1021 1065 1103 exprimatur,
1076 1021 1192 1083 ditlicile
1203 1036 1244 1083 est
1254 1036 1382 1083 statuere.
1397 1023 1454 1082 Nos
1467 1034 1557 1085 tanen
1569 1042 1603 1083 ue
1614 1023 1668 1087 hac
1679 1024 1711 1087 itt

144 1108 355 1194 partestudiosis
367 1112 516 1175 lectoribus
529 1112 647 1175 defuisse
659 1114 818 1192 videamur,
838 1117 1004 1197 conjecturas
1018 1131 1123 1177 nostras
1136 1117 1303 1178 adducemus
1314 1117 1342 1177 in
1355 1116 1489 1197 medium,
1501 1118 1663 1195 rationibus,
1679 1132 1712 1180 ut

145 1217 214 1286 pota,
235 1223 295 1267 non
315 1206 481 1289 sperneradis
492 1207 625 1269 firmatas.
641 1213 680 1269 Ac
692 1208 799 1291 primo,
811 1210 955 1291 scriptores
973 1231 1066 1273 rerum
1079 1211 1267 1294 Chrysostomi
1279 1211 1308 1271 in
1322 1209 1392 1271 duas
1403 1209 1540 1273 distribuo
1551 1213 1660 1275 classes.
1676 1216 1708 1275 ln

146 1299 221 1381 piore
231 1314 346 1361 meres
355 1323 441 1384 pono,
454 1303 621 1378 Palladium,
635 1303 855 1380 Theodoretum‚
868 1306 1007 1366 Socratem
1017 1319 1044 1365 et
1055 1306 1243 1380 sozomenum,
1255 1307 1302 1386 qui
1315 1320 1363 1366 aut
1374 1307 1486 1370 loannis
1497 1328 1571 1385 avo,
1587 1322 1633 1369 ant
1646 1331 1710 1391 pro·

147 1395 207 1457 rim
218 1410 288 1478 post
300 1396 482 1479 scripserunt,
496 1411 524 1459 et
537 1420 553 1460 e
571 1398 689 1461 diversis
708 1400 828 1463 lontibus
840 1402 998 1462 hauserunt.
1011 1403 1105 1481 Neque
1116 1401 1188 1463 enim
1202 1401 1343 1484 probabile
1354 1415 1413 1478 est,
1429 1423 1523 1463 eorum
1546 1424 1711 1484 quemquam

146 1486 242 1550 dtas'as
251 1488 404 1551 bismriam
416 1491 528 1553 vidisse.
543 1491 595 1555 llis
605 1513 731 1555 amenseo
747 1494 916 1575 antiquitatis
933 1494 1020 1575 gratia
1034 1507 1149 1568 nostros,
1158 1497 1322 1576 Prosperum
1334 1495 1541 1574 Aquitanicum,
1555 1511 1582 1558 et
1593 1498 1712 1561 blancel-

147 1582 219 1646 lm
237 1584 384 1645 Comitem
396 1585 445 1646 rin
457 1585 629 1647 alteralanee
643 1587 753 1649 unicum
773 1609 846 1669 pono
865 1588 1026 1667 Georgium.
1039 1590 1111 1650 Nam
1125 1609 1211 1667 quum
1231 1588 1371 1670 exipsius
1392 1610 1440 1649 ore
1452 1589 1598 1670 loquantur
1618 1594 1712 1655 ceteri

146 1694 235 1752 mnu,
248 1674 313 1735 Leo
322 1675 487 1759 Imperator,
499 1678 671 1759 Anonymus,
684 1678 895 1761 ldetapbrastcs,
908 1679 1036 1755 Zonaras,
1049 1679 1165 1761 Glycas,
1173 1680 1353 1760 Nicephorus,
1367 1680 1515 1758 (ledrenus,
1527 1680 1586 1758 alii,
1603 1684 1711 1746 nonnisi

147 1790 182 1851 pn
199 1790 258 1831 uno
277 1782 352 1831 teste
370 1770 535 1833 numerandi
547 1786 620 1833 stmt.
629 1774 663 1834 ln
676 1773 777 1853 quibus
794 1775 880 1855 igitur
899 1775 1063 1855 Georgiusa
1077 1774 1213 1836 veteribus
1225 1774 1357 1850 discedit,
1371 1790 1418 1838 aut
1431 1775 1569 1839 veteribtu
1579 1796 1653 1840 nova
1674 1779 1711 1841 do

149 1882 184 1922 ιιι
198 1861 304 1941 assuit,
319 1884 354 1923 ea
368 1863 426 1925 iere
437 1864 527 1925 omnia
541 1866 587 1927 vel
600 1865 629 1925 in
641 1866 719 1927 lalsis
729 1867 871 1947 relinquo,
882 1868 926 1928 sel
937 1867 966 1928 in
976 1867 1133 1949 suspectis·

173 1983 187 2015 ι
199 1962 243 2019 Ae
255 1958 387 2040 primum
398 1959 451 2021 hac
464 1981 545 2043 aoopa
555 1960 626 2021 mihi
638 1962 781 2043 purganda
791 1964 904 2023 veniunt
917 1963 1047 2024 miracula
1058 1963 1107 2023 illa
1119 1962 1301 2035 sanationum,
1309 1962 1445 2024 visionum
1454 1976 1481 2024 et
1488 1963 1591 2040 omnia,
1601 1963 1637 2025 de
1644 1966 1710 2044 qui·

145 2052 183 2113 lrs
189 2052 269 2137 apud
280 2066 393 2117 veteres
400 2056 567 2117 obstinatum
576 2057 725 2133 silentium,
736 2079 799 2119 cum
808 2059 943 2141 Georgius
954 2058 989 2119 iis
997 2057 1240 2120 commemorandis
1251 2079 1300 2120 neo
1307 2060 1419 2121 modum
1429 2060 1511 2121 iaciat
1519 2080 1605 2141 neque
1614 2062 1709 2125 linem.

146 2146 212 2207 late
223 2146 256 2207 in
269 2147 329 2210 boc
341 2162 456 2231 peccant
473 2170 527 2209 non
541 2149 677 2231 Georgius
689 2165 807 2229 tantum,
827 2152 877 2211 sed
889 2165 915 2212 et
928 2151 978 2213 alii
989 2151 1141 2232 Georgium
1154 2152 1239 2211 secuti
1253 2173 1261 2209 z
1274 2150 1323 2229 qui
1332 2171 1395 2210 curn
1407 2149 1509 2211 nudam
1521 2162 1548 2211 et
1561 2150 1710 2213 solitariam

145 2240 276 2303 mitatem
289 2262 349 2303 non
363 2256 493 2324 putarent
503 2243 570 2305 satis
583 2266 642 2305 esse
650 2246 841 2325 magnificam,
854 2260 903 2307 aut
914 2246 986 2307 illud
997 2244 1173 2328 Thucydidis
1184 2259 1349 2314 vererentur,
1362 2264 1396 2305 ne
1406 2244 1439 2306 eh
1449 2245 1488 2326 μὴ
1502 2248 1621 2324 μυθῶδες
1630 2249 1709 2330 drep-

146 2332 262 2417 rlrrapw
279 2334 425 2418 φαίνηται,
439 2337 598 2397 immensam
615 2353 806 2419 congesserunt
823 2338 1017 2400 miraculorum
1033 2338 1105 2415 vim;
1127 2352 1154 2398 et
1170 2358 1225 2416 qno
1237 2336 1372 2417 lingendis
1391 2337 1531 2399 miraculis
1548 2339 1625 2399 locus
1644 2355 1712 2402 esset

145 2427 254 2505 lberior,
263 2431 362 2512 ipsam
371 2430 496 2492 historia
508 2445 682 2493 contestatam
693 2433 833 2495 veritatem
844 2455 893 2495 nec
903 2456 965 2495 raro
978 2455 1027 2496 nec
1036 2433 1133 2495 leviter
1143 2434 1331 2494 immutarunt.
1341 2432 1459 2494 Proinde
1467 2454 1530 2513 que
1540 2432 1615 2515 apud
1624 2434 1712 2497 Geor·

145 2522 209 2603 giam
221 2536 294 2585 sunt
306 2522 345 2585 de
360 2523 524 2599 Anthemio,
534 2523 572 2585 de
588 2524 721 2607 Hesychii
738 2527 859 2602 risione,
870 2527 906 2589 de
918 2527 1005 2589 nobili
1016 2526 1196 2605 Antiocheno,
1211 2525 1246 2586 de
1257 2525 1423 2588 hemicranio
1440 2525 1590 2604 laborante,
1606 2526 1643 2591 de
1652 2532 1712 2591 Ae·

145 2614 227 2677 aldae
236 2617 363 2699 leproso,
378 2618 534 2681 Christiana
545 2621 737 2703 αἱμοῤῥωύσῃ,
754 2622 858 2685 Euclao
866 2622 1101 2705 monophthalmo,
1113 2622 1190 2681 leone
1202 2635 1350 2703 prostrato,
1365 2621 1476 2682 dealba
1489 2619 1614 2682 columba
1628 2624 1714 2706 capiti

145 2710 335 2789 laurigerum
346 2712 982 2796 presbyterordinaretur,insidente,tlelluclie
990 2717 1058 2792 filio,
1067 2715 1102 2778 de
1110 2738 1195 2777 uxore
1203 2715 1320 2798 prefecti
1330 2715 1494 2793 Antiochiae,
1502 2715 1712 2779 dedaemoniaco

145 2804 250 2869 lberam
272 2806 325 2869 die
346 2809 577 2887 museorationis,
590 2808 626 2871 de
645 2810 742 2892 angelo
761 2810 887 2873 districto
899 2812 993 2893 gladio
1006 2810 1167 2894 probibente
1180 2811 1349 2872 centuriones
1366 2825 1393 2871 et
1410 2810 1511 2871 milites
1528 2811 1663 2873 Eudoxias
1675 2813 1712 2874 ab

145 2897 258 2980 ingressa
272 2899 375 2983 palatii
386 2899 560 2983 episcopalis,
573 2899 609 2962 de
618 2922 652 2963 eo
661 2901 707 2963 cui
717 2902 814 2965 manus
826 2902 959 2965 miraculo
968 2916 996 2964 et
1007 2903 1123 2963 arelacta
1134 2915 1161 2962 et
1172 2917 1263 2963 sanata
1276 2915 1328 2976 ert,
1339 2900 1374 2961 de
1383 2901 1532 2984 paralytico
1544 2902 1573 2963 in
1584 2905 1712 2964 Armenia

146 2992 244 3053 minu
256 2993 407 3067 restituto,
421 2990 459 3053 de
468 2992 596 3075 Adelphii
609 2993 727 3072 vis‘urne,
736 3009 764 3055 et
776 2996 800 3057 si
813 3016 874 3074 que
888 2993 941 3055 alia
954 2992 1076 3075 ejusdem
1089 2993 1212 3073 generis;
1227 3015 1291 3054 oum
1302 3006 1422 3053 veterum
1435 2992 1545 3052 illorum
1559 3014 1615 3055 uno
1626 2994 1711 3057 verbo

146 3088 272 3161 mium,
297 3100 327 3147 et
340 3106 378 3147 ex
389 3086 601 3163 recentioribus,
620 3089 796 3162 Damasceni,
816 3088 947 3163 Zonarae,
967 3086 1130 3169 Nicephori,
1150 3084 1282 3158 Cedreni,
1300 3086 1459 3147 auctoritate
1469 3083 1664 3164 destituantur,
1682 3088 1711 3148 in

147 3180 388 3262 lpqrdaliopisore
397 3180 533 3260 relinquo.
546 3182 584 3243 Et
597 3180 709 3260 quidem
725 3182 855 3264 pleraque
867 3203 979 3256 eorum,
1000 3182 1098 3261 siquis
1111 3181 1223 3263 propius
1237 3180 1416 3263 introspiciat,
1431 3180 1579 3263 ωοζηλίᾳ
1592 3182 1711 3263 quadam

146 3274 401 3335 alsimilitudinem
413 3273 607 3335 miraculorum
621 3274 649 3335 iu
663 3276 694 3337 S.
707 3276 851 3358 Scriptura
862 3276 979 3337 conficta
988 3275 1141 3336 rideantur.
1156 3276 1261 3335 Totum
1273 3272 1345 3334 illud
1355 3274 1451 3335 dranm
1464 3274 1602 3335 Anthemii
1613 3276 1712 3358 philo·-

146 3368 230 3451 nphi,
242 3367 442 3431 Demosthenis
456 3368 593 3451 praelecti,
603 3382 630 3429 et
639 3370 753 3432 Joannis
764 3372 854 3431 doctis
862 3369 1044 3452 judicandum
1064 3369 1204 3452 permitto,
1219 3390 1308 3429 annon
1318 3368 1356 3429 ad
1367 3368 1523 3449 exemplum
1535 3368 1610 3430 illius
1622 3369 1652 3430 in
1664 3392 1713 3432 sa·

145 3463 288 3525 sialiteris
300 3462 340 3525 de
353 3462 469 3545 Elyma,
480 3464 577 3544 Sergio
589 3464 676 3525 Paulo
688 3478 715 3525 et
729 3467 762 3527 B.
777 3466 921 3548 Apostolo,
935 3466 970 3525 ab
983 3464 1069 3525 otioso
1091 3464 1201 3525 cerebro
1211 3484 1370 3545 expressum
1379 3461 1515 3524 videatur.
1530 3462 1606 3525 ldem
1617 3463 1654 3526 de
1662 3468 1712 3525 Ar·

144 3554 229 3619 delae
237 3556 279 3618 ad
291 3555 444 3637 imaginem
456 3556 578 3619 Naaman
588 3558 672 3639 Syri,
684 3557 720 3619 de
732 3558 901 3619 Antiocheno
914 3558 1080 3619 hemicranio
1103 3557 1261 3632 laborante,
1274 3568 1301 3615 et
1318 3552 1473 3617 Christianus
1487 3555 1662 3638 αἱμορῥοοῦσῃ
1676 3557 1713 3619 ad

144 3650 281 3711 alierum
290 3652 487 3733 aipodpoo'iroea
497 3650 527 3711 in
536 3651 688 3731 evangelio,
696 3651 733 3713 de
741 3651 909 3713 daemoniaco
920 3651 957 3712 sd
970 3651 1167 3713 demoniacum
1177 3649 1324 3711 liberatum
1333 3648 1421 3711 Marci
1431 3669 1502 3709 nouo
1511 3672 1522 3726 ς
1530 3664 1557 3711 et
1567 3650 1642 3730 quod
1655 3651 1713 3712 sine

144 3741 329 3825 ndignatione
341 3764 397 3805 non
409 3744 481 3825 lego,
496 3743 534 3807 (le
545 3746 672 3807 oolnmba
684 3745 818 3807 insidente
829 3747 912 3828 capiti
922 3745 1038 3807 loannis
1049 3745 1078 3805 in
1091 3743 1273 3818 ordinatione,
1290 3740 1328 3803 ad
1339 3742 1486 3822 imaginem
1500 3743 1632 3824 unigeniti
1645 3746 1712 3808 Filii

144 3840 189 3901 tta·
200 3840 231 3901 ia
244 3838 396 3922 baptimo.
411 3839 483 3899 Nam
495 3840 537 3901 illi
550 3840 640 3901 Procli
655 3840 767 3915 visioni,
783 3861 844 3920 qua
858 3842 894 3900 D.
907 3839 1023 3901 Paulum
1035 3838 1134 3902 loanni
1144 3838 1204 3918 jam
1214 3837 1343 3918 episcopo
1355 3836 1555 3917 expositionem
1567 3837 1597 3898 in
1609 3839 1713 3922 episto-

143 3932 179 3996 Β
186 3935 275 4017 ipsius
284 3934 429 3995 meditanti
442 3934 622 4016 perforamen
633 3935 706 3996 vidit
719 3936 747 3995 in
760 3956 855 3997 aurem
867 3933 1015 3995 dictantem
1025 3955 1087 4013 quae
1100 3932 1241 4005 scriberet,
1255 3929 1338 3990 iidem
1349 3929 1462 4012 derogat
1476 3954 1482 3987 ι
1497 3930 1571 4010 quod
1584 3933 1713 4014 pleraque

144 4030 196 4111 eju
206 4044 235 4091 et
248 4030 403 4091 lectissima
412 4030 442 4091 in
454 4030 613 4111 Apostolum
625 4030 655 4092 in
667 4031 724 4091 otio
735 4031 784 4092 illo
794 4030 963 4092 Antiocheno
976 4031 1077 4111 scripta
1089 4028 1171 4088 lusisse
1185 4040 1297 4101 constet,
1312 4025 1444 4086 deteriora
1456 4041 1482 4087 et
1495 4030 1534 4095 εἰς
1544 4028 1575 4089 τὸ
1585 4030 1712 4093 remisri-

144 4144 212 4203 sapor
225 4122 433 4201 derum-(pise
446 4123 689 4206 Constantinopoli,
704 4124 755 4184 nix
767 4125 974 4207 Chrysostomo,
988 4123 1089 4184 nedum
1102 4121 1199 4183 divino
1208 4121 1239 4183 S.
1254 4120 1334 4203 Pauli
1347 4119 1453 4200 Spiritu
1466 4118 1560 4201 digna.
1574 4122 1606 4182 lu
1619 4135 1712 4183 trans·

144 4211 236 4274 latione
243 4212 432 4293 reliquiarum
442 4214 555 4277 Joannis
567 4216 761 4298 Imperatorem
774 4215 962 4277 Theodnsium
980 4215 1074 4276 oculos
1089 4237 1123 4275 ac
1139 4215 1256 4274 frontem
1266 4212 1445 4291 reliquiarum
1464 4234 1539 4273 urna
1550 4213 1714 4289 affricuisse,

144 4304 220 4369 idem
231 4308 302 4369 lacit
322 4306 513 4369 Theodoretns
522 4356 531 4385 ‚
540 4312 616 4371 testis
630 4312 796 4388 ᾶξιόιιιστοςς
810 4311 857 4373 sed
870 4312 908 4373 dc
919 4313 1070 4394 dptoirlsnp
1082 4323 1110 4371 et
1127 4309 1256 4392 podalgo,
1278 4307 1427 4386 eodemque
1443 4306 1577 4388 chiralgo,
1593 4310 1622 4369 in
1637 4330 1711 4390 prae·
1772 4384 1779 4401 ι

143 4402 221 4463 ntia
242 4401 375 4464 omnium
395 4400 436 4463 ibi
455 4403 571 4480 sanatis,
590 4420 774 4467 assumentum
794 4419 836 4466 est
850 4405 977 4486 Georgii,
999 4426 1034 4467 ne
1048 4406 1153 4465 Gosmae
1165 4403 1276 4483 quidem
1298 4401 1446 4476 Vestitori,
1466 4400 1572 4463 homini
1585 4402 1712 4464 omnium

144 4496 425 4579 mammem,
438 4512 628 4561 memoratum.
641 4499 699 4563 Sed
714 4499 750 4561 ad
765 4501 856 4582 priora
867 4514 998 4563 revertor.
1012 4502 1143 4563 loannem
1157 4498 1279 4581 primum
1289 4519 1306 4558 a
1315 4496 1426 4557 Meletio
1438 4496 1608 4578 baptizatum
1618 4498 1711 4573 tradit,

142 4604 166 4653 tt
174 4590 277 4653 ddmle
288 4606 417 4675 parentes
428 4592 527 4674 ipsius,
541 4616 604 4656 cum
617 4597 734 4658 Joannes
744 4596 814 4678 ipse,
826 4612 857 4658 ut
865 4619 902 4659 ex
914 4596 1038 4657 Palladio
1049 4609 1171 4668 constat,
1186 4614 1239 4654 non
1252 4605 1315 4654 ante
1327 4613 1428 4653 annum
1440 4593 1527 4655 atatis
1548 4593 1710 4655 vicesimum

142 4682 291 4767 lnptiaam
301 4686 404 4762 luerit,
415 4701 500 4769 prout
511 4709 571 4751 mos
587 4690 694 4753 lambat
706 4690 782 4754 illius
794 4693 897 4766 aetatis,
910 4692 1060 4775 presertim
1072 4691 1102 4751 in
1114 4688 1170 4750 illis
1183 4688 1230 4769 qni
1244 4708 1298 4749 non
1310 4702 1396 4749 essent
1410 4688 1572 4749 Christianis
1584 4689 1640 4749 nati
1654 4709 1708 4769 pa·

142 4782 271 4855 renubns,
292 4796 403 4843 mortun
423 4797 488 4843 ante
504 4784 617 4845 totidem
629 4807 716 4847 annos
733 4802 810 4869 patre
822 4786 961 4864 Secundo,
984 4787 1056 4847 sient
1068 4806 1150 4866 supra
1164 4798 1300 4845 ostensum
1318 4797 1368 4843 est.
1391 4785 1481 4844 Matre
1493 4783 1604 4862 quidem
1625 4783 1713 4845 fuisse

142 4874 310 4955 Gbnsuana,
327 4878 426 4939 saltem
448 4880 508 4961 ipso
520 4902 623 4942 annum
642 4897 738 4963 agente
756 4884 935 4959 vicesimum,
955 4904 990 4945 ex
1003 4882 1090 4965 ipsius
1104 4880 1293 4964 Chrysnstomi
1307 4879 1399 4941 verbis
1411 4892 1523 4961 apparet
1535 4878 1564 4939 iu
1579 4878 1711 4941 Oratione

142 4969 177 5033 ad
188 4972 311 5035 Viduam
326 4972 479 5056 juniorem.
502 4977 545 5036 De
558 4992 635 5058 patre
650 4979 720 5039 nihil
741 4993 840 5041 temere
859 4978 1073 5053 affirmverim3
1086 4991 1134 5037 aut
1153 4977 1177 5037 si
1191 4975 1273 5035 ambo
1286 4974 1388 5035 suerint
1401 4973 1548 5036 Christiani
1561 4973 1598 5033 ab
1611 4973 1708 5048 initio,

143 5066 210 5143 qaod
219 5068 334 5129 metasse
346 5068 445 5130 serius
457 5082 508 5144 est,
522 5070 613 5132 lilium
626 5094 711 5153 usque
721 5074 758 5134 ad
768 5096 828 5135 cam
839 5089 946 5135 aetatem
958 5073 1125 5155 baptismum
1137 5069 1287 5143 distulisse,
1302 5089 1356 5129 non
1366 5067 1418 5128 erit
1431 5067 1456 5128 ei
1467 5066 1580 5146 mirum,
1595 5067 1644 5148 qui
1655 5070 1709 5131 Na·

144 5159 265 5235 nami,
279 5176 400 5243 utrotpre
411 5177 526 5245 parente
537 5165 693 5228 Christiano
706 5168 774 5244 nati,
788 5184 866 5252 patre
877 5168 957 5230 etiam
969 5169 1103 5250 episcopo,
1114 5166 1209 5229 Vitam
1218 5163 1371 5247 perlegerit.
1381 5161 1510 5223 Proximo
1521 5163 1581 5224 looo
1591 5165 1712 5244 peregri-

146 5255 273 5318 nationem
283 5257 360 5320 illam
375 5256 498 5317 Atticam
508 5257 661 5338 struborum
669 5282 732 5343 ergo
742 5284 820 5344 pono.
835 5263 923 5345 llujns
934 5259 1156 5344 peregrinationis
1166 5256 1266 5319 montio
1276 5255 1349 5338 apud
1358 5269 1469 5333 veteres,
1483 5255 1644 5335 Palladium,
1659 5259 1712 5320 Su-
