3750 6052
1563 536 1567 545 ¹
1641 569 1704 644 26.

967 716 1020 795 ipsi
1038 715 1177 775 Servatnri
1201 720 1259 775 enm
1271 729 1360 777 letare.
1377 717 1426 778 Est
1448 715 1518 776 enim
1543 715 1591 777 ille
1609 737 1711 798 parvus

967 807 1119 874 conspectu,
1130 795 1219 856 brevis
1230 737 1319 855 initae
1327 795 1429 856 mundo
1442 796 1503 855 etin
1512 799 1711 876 carlomagnus.

968 874 1020 932 llic
1029 888 1068 933 est
1091 873 1179 933 Filius
1197 874 1314 934 hominis
1332 891 1359 936 et
1377 878 1450 935 Deus
1464 922 1472 950 ‚
1484 881 1546 934 cuni
1565 878 1600 936 sit
1624 877 1712 936 Filius
1780 890 1783 895 '

968 953 1018 1011 Dei
1038 976 1044 1009 :
1064 952 1109 1012 laic
1128 975 1254 1014 numeros
1275 975 1367 1015 omnes
1388 969 1513 1034 superat,
1525 972 1638 1016 aeternus
1655 968 1710 1028 est,

781 595 896 645 sauma
926 594 1087 658 numnam.

149 716 202 800 γάρ
223 721 293 780 ἐστιν
308 719 322 776 6
335 716 427 798 μικρὸς
447 718 494 798 μέν
514 721 548 796 τῇ
571 719 641 802 lter·
657 713 761 787 οὐτοςδ
792 718 913 800 ραχύςθν

150 800 259 880 κόσμῳ,
272 797 318 858 καί
330 800 356 860 ίν
370 801 472 879 οὐρανῷ
492 799 583 877 μέγας·
598 791 671 868 οὐτος
685 799 731 860 καί
745 804 769 859 ul
811 797 914 878 ἀνθριύ-

150 901 201 938 που
212 878 257 936 καὶ
267 876 351 950 Θεὸς,
363 876 400 937 ὢν
412 877 439 936 δέ
453 878 507 944 υίδς
517 881 603 939 Θεοῦ·
616 870 690 948 οὐτος
701 884 715 939 6
727 878 913 960 ἀναρίθμητος,

150 961 166 1015 6
180 957 276 1024 ἀίδιος·
289 949 363 1024 οὗτος
376 962 390 1016 6
404 957 530 1037 ἀόρατος,
543 962 558 1017 6
577 959 744 1038 ἐπουράνιος,
758 963 772 1017 6
792 958 843 1017 ὑπὸ
866 956 914 1033 μό·

150 1059 201 1094 νων
213 1039 315 1095 πιστῶν
328 1035 472 1138 ἀνθρώπων
483 1037 644 1116 ἐσθιόμενος·
654 1030 726 1106 οὗτος
736 1041 750 1095 6
760 1036 915 1118 συντριύείς,
968 1032 1114 1091 invisiliilis
1123 1077 1132 1108 ,
1147 1034 1284 1105 eoelestis,
1308 1035 1355 1112 qui
1370 1035 1411 1094 ab'
1430 1035 1584 1094 hominibus
1607 1049 1711 1093 tantum

151 1114 197 1172 καί
218 1115 285 1192 μετά
303 1114 333 1173 τδ
347 1121 428 1182 παθος
440 1115 576 1196 γενόμενος
586 1117 678 1186 λευκὸς
689 1121 725 1185 ως
757 1118 808 1177 ἀλα
816 1132 826 1154 ’·
841 1107 915 1183 αὐτος
968 1111 1097 1171 fidelibus
1110 1113 1305 1173 manducatura
1322 1114 1367 1172 hic
1380 1114 1593 1191 contritussnit,
1609 1120 1711 1194 et'pnst

151 1199 166 1252 6
181 1193 276 1272 μείζων
287 1194 394 1253 πάντων
406 1194 529 1274 λαγάνων
539 1199 592 1255 τῶν
606 1197 693 1257 ἀλλων
704 1221 710 1235 ·
723 1141 795 1263 οὐτος
806 1201 820 1255 6
831 1194 915 1255 ἀδιαί·
969 1193 1119 1271 passionem
1135 1193 1219 1252 iactus
1239 1207 1278 1252 est
1296 1193 1374 1252 albus
1396 1194 1466 1252 sicut
1489 1193 1549 1251 lac:
1565 1195 1611 1252 hic
1626 1194 1713 1271 major

154 1296 225 1353 ρετος
238 1279 283 1333 τοῦ
297 1273 404 1352 Πατρδς
417 1261 509 1352 Λύγος·
521 1266 594 1343 οὗτος
612 1281 648 1341 είς
662 1275 690 1334 δν
702 1277 737 1337 τά
750 1274 858 1336 πετεινδι
869 1279 914 1334 τοῦ
936 1291 953 1338 F
969 1285 1008 1329 est
1019 1272 1080 1330 aliis
1091 1272 1218 1330 omnibus
1228 1273 1363 1332 oleribus:
1377 1272 1422 1331 hic
1432 1286 1472 1330 est
1481 1272 1648 1332 indivisibile
1657 1275 1712 1330 Pa·

151 1354 259 1433 οὐρανοῦ
271 1363 445 1427 καταοκηνοῖ,
456 1353 575 1415 τουτέστι
588 1360 722 1435 προοῆται
739 1355 785 1415 καί
804 1353 916 1415 ἀπθστο·
970 1350 1019 1409 tris
1034 1350 1171 1412 Verbum:
1182 1352 1228 1410 hie
1244 1353 1322 1411 estin
1339 1372 1394 1430 qun
1413 1352 1536 1411 volatilia
1553 1353 1612 1411 coeli
1635 1352 1711 1410 iulia-

151 1433 193 1490 λοι
213 1433 259 1491 καὶ
281 1432 376 1499 πάντες
396 1433 504 1506 κλητοί·
519 1425 593 1504 αὐτος
608 1419 667 1495 iel
680 1440 728 1508 τῆς
742 1438 829 1516 ψυχῆς
843 1435 916 1505 πάθη
969 1429 1068 1501 bimur,
1092 1431 1230 1511 prophetae
1251 1431 1397 1504 nimirum,
1418 1432 1550 1511 apostoli,
1571 1445 1598 1490 et
1622 1451 1714 1490 omnes
1738 1432 1741 1439 '

151 1511 196 1571 nt
211 1516 258 1582 τῆς
271 1511 338 1577 ἰδίας
352 1515 431 1571 αὐτοῦ
446 1514 604 1595 θερμότητος
616 1516 817 1613 ἀνακαθαίρειν,
831 1516 873 1593 ὑφ’
888 1514 916 1575 δν
969 1511 1018 1587 qui
1032 1511 1120 1569 vocati
1131 1517 1209 1570 suntz'
1220 1510 1265 1571 hic
1276 1511 1372 1589 estqui
1386 1512 1482 1569 animae
1494 1523 1590 1570 nostrae
1604 1512 1714 1569 morbos

151 1590 334 1669 δροσιζόμεθα,
346 1593 389 1670 ὐφ’
404 1591 432 1652 tv
450 1595 481 1651 ἐκ
498 1600 544 1652 τοῦ
561 1599 688 1672 κοσμικοῦ
708 1617 842 1661 καυσωνος
856 1615 917 1652 σκε-
927 1590 1059 1671 ²¹⁹calore
1076 1590 1129 1649 sibi
1145 1591 1255 1672 proprio
1270 1603 1405 1671 repurgat,
1416 1591 1468 1649 sub
1483 1611 1536 1668 quo
1550 1611 1611 1648 rnre
1622 1610 1714 1670 asper·

150 1669 272 1746 πόμεθα·
285 1662 386 1738 οὐτοςὸ
403 1670 447 1730 διὰ
465 1673 577 1732 θανάτου
598 1677 634 1740 εἰς
666 1677 699 1731 “v
711 1674 831 1755 σπαρείς,
842 1677 918 1732 κάκεῖ
936 1688 955 1734 ι
971 1671 1071 1748 gimur,
1083 1669 1134 1728 sub
1149 1691 1204 1747 quo
1223 1670 1257 1728 ab
1272 1670 1354 1750 hujus
1369 1670 1464 1729 mundi
1482 1671 1585 1728 fervore
1599 1670 1716 1747 contegi.

150 1750 372 1831 καρπορορήσας,
383 1750 524 1832 τριήμερος
537 1752 596 1818 τοὺς
616 1755 704 1832 ἀγιους
723 1752 874 1824 ἀναστήσας
888 1755 918 1811 ἐκ
971 1771 1049 1807 mur:
1063 1749 1108 1808 hic
1122 1763 1161 1808 est
1181 1749 1228 1827 qui
1262 1770 1299 1808 ter
1312 1762 1425 1808 mortem
1440 1751 1467 1808 in
1483 1763 1552 1808 terra
1566 1762 1640 1807 satus
1654 1763 1713 1823 est,

150 1832 197 1899 τῆς
214 1831 267 1886 τῶν
281 1831 380 1909 νεκρῶν
400 1836 500 1911 ταρῆς·
520 1822 665 1901 alietate
680 1832 848 1898 ἀναστάσεως
861 1831 919 1909 μεί-
971 1842 998 1887 et
1022 1828 1059 1886 ibi
1083 1829 1200 1887 fructum
1222 1843 1249 1888 ιιι
1264 1829 1300 1903 it,
1327 1841 1387 1908 post
1409 1828 1532 1888 triduum
1555 1842 1661 1887 sanctos
1680 1848 1715 1887 ex

150 1909 201 1975 ζων
214 1907 314 1973 παντθς
326 1910 461 1989 προφήτου
478 1912 581 1990 ρανείς·
596 1902 694 1979 οὐτοςὸ
707 1916 741 1992 τῇ
754 1919 800 1972 τοῦ
813 1911 919 1994 Πατρδς

151 1987 279 2068 ἀπορροίρ
293 1986 383 2056 σώζων
398 1988 432 2047 τδι
446 1989 548 2048 πάντα·
564 1983 637 2058 οὐτος
649 1997 663 2050 6
673 1991 726 2051 ἀπὸ
737 1994 785 2070 γῆς
801 1992 918 2064 ἀνθήσας

152 2067 187 2132 εἷς
201 2064 366 2144 οὐρανοὺς,θ
385 2070 411 2126 έν
431 2072 470 2150 τῷ
491 2070 548 2166 ίδίιρ
570 2072 643 2170 ἀγρρῖν
666 2070 816 2152 σπαρείς,θ
838 2074 865 2131 ἀν
879 2073 918 2151 τῷ

972 1921 1141 1966 mortuorum
1160 1907 1292 1989 sepulcris
1312 1907 1469 1967 suscitarit:
1485 1909 1531 1966 hie
1547 1921 1587 1966 est
1604 1909 1651 1985 qui
1668 1929 1716 1988 ρει

971 1988 1193 2047 resurrectionem
1213 1987 1339 2046 omnibus
1362 1986 1501 2067 prophetis
1527 1988 1613 2068 major
1633 2008 1716 2067 appa·

971 2066 1042 2126 ruit:
1058 2067 1103 2125 hie
1116 2081 1155 2126 est
1172 2067 1222 2158 qui
1234 2088 1282 2147 per
1301 2067 1442 2126 effluvinm
1457 2068 1546 2126 Patris
1559 2065 1648 2124 omnia
1662 2087 1718 2126 ser·

150 2144 243 2225 κόσμῳ
256 2146 302 2204 καί
317 2145 375 2214 τοὺς
388 2150 430 2207 ἐπ’
445 2150 517 2228 αὐτῳ
535 2173 705 2218 πιστευοντας
725 2150 866 2231 προσάγων
878 2154 917 2210 τῶ
971 2159 1034 2205 vat:
1050 2145 1095 2205 hic
1117 2161 1157 2206 est
1176 2167 1251 2224 qma
1274 2159 1345 2204 terra
1368 2146 1402 2205 ad
1416 2146 1498 2205 coelns
1519 2146 1653 2215 effloruit,
1669 2146 1717 2223 qui

151 2226 251 2306 Πατρί.
266 2214 303 2284 Ὠ
324 2229 392 2297 ζωῆς
412 2226 518 2309 σπέρμα
538 2230 590 2290 ὑπὸ
610 2232 680 2289 θεοῦ
700 2230 805 2310 Πατρὸς
819 2233 856 2298 εἰς
868 2209 918 2309 fii
970 2225 998 2284 in
1014 2225 1124 2307 proprio
1140 2245 1204 2304 agro
1218 2226 1365 2284 seminatus
1380 2239 1431 2301 est,
1444 2226 1470 2284 in
1486 2226 1589 2285 mundo
1602 2224 1717 2299 seilicet,
1733 2285 1735 2289 ,

151 2304 264 2383 σπαρέν·
278 2293 305 2361 ὦ
320 2305 462 2373 ἀθανασίας
481 2307 560 2386 φυτὸν
579 2306 638 2375 τούς
656 2309 708 2368 ὑπὸ
723 2317 770 2369 σοῦ
787 2309 920 2390 τρερομί·
969 2319 995 2364 et
1007 2327 1051 2364 ens
1064 2305 1111 2383 qui
1125 2306 1152 2363 in
1170 2325 1199 2362 se
1214 2303 1360 2383 credebant
1373 2306 1446 2363 Patri
1464 2305 1572 2365 obtulit.
1587 2306 1717 2364 Osemen

151 2406 208 2447 νους
223 2385 259 2448 εἰς
273 2384 341 2442 Θεὸν
354 2377 595 2447 καταλλάσσεται·ιύ
612 2387 716 2468 δένδρον
737 2391 853 2468 ὑψηλὸν,
868 2388 919 2450 tat
968 2388 1033 2444 vitae
1048 2407 1062 2443 a
1078 2387 1135 2444 Dee
1148 2385 1228 2444 Patre
1250 2385 1278 2444 in
1293 2398 1363 2443 terra
1383 2384 1560 2446 seminatum!
1578 2405 1594 2443 ο
1609 2385 1720 2443 immor·

151 2460 558 2544 μόνουΠατρὸςγεωργοιίμενον.
568 2468 655 2527 Τοῦτο
666 2468 696 2527 τὸ
709 2467 812 2548 δένδρον
825 2469 855 2527 ἐκ
865 2492 919 2528 ποι·
935 2486 954 2533 n
970 2464 1081 2523 talitatis
1095 2485 1202 2544 germen
1223 2485 1239 2522 a
1259 2477 1285 2522 te
1306 2464 1423 2523 nutritos
1441 2485 1502 2522 euru
1530 2466 1588 2523 Deo
1603 2466 1720 2523 reconci-
1758 2525 1764 2536 ,

151 2545 244 2618 τρικής
258 2542 374 2604 ἀνέτειλε
396 2545 520 2625 καρδίας·
531 2551 608 2606 τοῦτο
622 2546 653 2605 τὸ
684 2547 744 2606 υτδν
756 2549 783 2607 ἀν
798 2551 918 2628 οὐρανοῖς
969 2543 1057 2606 lians!
1075 2545 1184 2603 narbnr
1200 2545 1324 2611 excelsa,
1340 2565 1400 2621 qnae
1414 2565 1428 2602 a
1442 2543 1499 2602 selo
1511 2544 1591 2602 Patre
1601 2540 1719 2602 colitur!

152 2617 200 2697 utu
219 2618 265 2687 τὰς
287 2621 358 2702 ῥίζας
376 2621 448 2702 ίχει,
460 2625 538 2704 ρανὲν
560 2625 587 2684 δδ
602 2629 628 2685 ἐν
643 2571 736 2704 κάομαι
749 2627 801 2686 ὐπὸ
814 2627 918 2708 ἀνθρώ·
969 2623 1033 2682 Haec
1056 2625 1137 2684 arbor
1159 2645 1194 2683 ex
1215 2623 1296 2682 corde
1317 2624 1404 2683 Patris
1418 2637 1476 2681 nrta
1497 2636 1553 2693 est,
1567 2624 1625 2682 haec
1638 2623 1721 2681 arbnr

150 2723 207 2757 πων
221 2711 357 2779 τρυγᾶται.
369 2691 407 2761 ὙΩ
420 2704 512 2783 ρυτεία
526 2709 656 2785 ’ἀρθεῖσα
677 2686 802 2787 εἶς’γῆν,
813 2707 859 2766 καί
881 2709 918 2775 είς
969 2725 1004 2763 ex
1015 2704 1147 2762 thesauris
1161 2703 1362 2784 Orunipntentis
1372 2703 1490 2762 ellloruit
1503 2724 1510 2761 :
1523 2701 1582 2760 haee
1598 2702 1679 2777 arbor
1692 2703 1720 2762 in

150 2777 273 2857 οὐρανοὺς
293 2772 488 2852 ἀνθήσασα·ὐ
510 2788 618 2863 σπέρμα
635 2809 683 2862 μικ
701 2787 729 2846 δν
744 2787 792 2863 μὲν
808 2784 917 2866 ὁραθὲν,
968 2783 1036 2842 coeln
1052 2783 1155 2842 radices
1169 2783 1266 2854 lrabet,
1281 2782 1309 2842 in
1330 2783 1433 2841 mundo
1457 2796 1547 2841 autem
1570 2802 1719 2862 apparens,

117 2899 120 2906 f
149 2859 222 2937 παρὰ
237 2859 264 2916 δὲ
286 2864 323 2941 τῷ
344 2862 434 2940 Πατρί
455 2862 536 2940 μείζω
557 2867 610 2923 τῶν
635 2867 769 2925 ἁπάντων.
783 2869 869 2926 Τοῦτο
888 2867 919 2927 ελ
968 2863 1004 2921 ab
1019 2862 1177 2921 hominibus
1198 2862 1361 2942 decerpitur.
1371 2864 1401 2929 ,0
1414 2862 1507 2941 planta
1521 2883 1581 2940 qnae
1597 2862 1625 2920 in
1649 2874 1726 2920 terra

150 2938 227 3015 φυτὸν
242 2938 288 2997 καὶ
306 2949 359 3006 τοῖς
381 2944 417 3009 εἰς
437 2943 500 3023 ᾅδου
520 2943 637 3003 ἀνέτειλε
654 2949 774 3024 νεκροῖς·
791 2944 882 3005 τούτου
904 2949 918 3005 6
968 2944 1027 3002 visa
1041 2957 1090 3015 est,
1105 2957 1133 3002 et
1155 2942 1182 3001 in
1211 2942 1285 3002 coelis
1309 2940 1472 3002 elllnruitlo
1494 2962 1581 3000 semen
1603 2962 1729 3022 parvum

149 3017 250 3096 καρπὸς
261 3019 403 3087 ἀνάστασις
415 3020 665 3104 ἀνθρώπωνγέγονε·
676 3029 799 3105 τοῦτοτῷ
813 3025 918 3106 θανάτῳ
970 3021 1082 3101 quidem
1111 3044 1258 3102 apparens,
1283 3021 1355 3102 aptrd
1381 3024 1488 3080 Patrem
1520 3033 1609 3078 autem
1633 3022 1721 3100 majus

150 3097 329 3179 θανατοφόρον
341 3100 485 3180 κατήνεγκε
498 3102 581 3179 βέλος·
592 3102 678 3182 τούτῳ
691 3104 823 3186 ταρτάρου
833 3113 918 3185 τοῖχοι
937 3092 955 3140 ⁰
971 3101 1113 3162 omnihus!
1138 3101 1196 3160 Hoc
1210 3122 1317 3179 germen
1333 3100 1412 3161 etiam
1437 3100 1464 3158 iu
1486 3100 1592 3158 inferne
1607 3101 1725 3167 mortuis

150 3174 285 3244 κλίναντες
303 3178 457 3255 δυσκαμπὲς
477 3179 538 3260 γόνυ
562 3181 772 3260 προσεκύνησαν·
787 3182 879 3243 τούτου
894 3186 919 3244 οί
970 3195 1095 3240 exortum
1119 3195 1177 3240 est:
1192 3180 1275 3271 hujus
1288 3181 1393 3239 fructus
1410 3179 1462 3237 snit
1476 3179 1616 3237 hominnm
1631 3185 1734 3239 resur*

151 3253 243 3313 κλάδοι
263 3257 351 3315 πάντα
379 3259 422 3316 τὸν
452 3260 550 3337 κόσμον
577 3260 746 3320 ἐσκέπασαν·
769 3269 846 3322 τοῦτο
867 3262 919 3323 tut
971 3261 1072 3319 rectio:
1088 3259 1139 3318 lane
1160 3274 1239 3319 ntortr
1254 3260 1346 3338 injecit
1369 3258 1453 3318 telum
1468 3259 1654 3319 mortiferum:
1669 3259 1721 3318 hnc

151 3332 226 3411 ἁγίου
241 3334 398 3412 Πνειίματος
409 3339 641 3398 κινεῖται·τούτου
660 3341 711 3420 οὐχ
729 3340 843 3401 ἅπτεται
854 3341 918 3400 καύ·
972 3341 1117 3399 adorarunt
1131 3340 1223 3398 tartari
1243 3339 1376 3418 parietes,
1397 3338 1532 3415 geuu'vix
1556 3337 1720 3398 flectendum

151 3433 206 3469 σων
216 3436 222 3448 ·
234 3414 285 3472 ὑπὸ
301 3415 386 3494 τούτῳ
400 3419 439 3497 τῷ
452 3421 525 3496 ρυτῶ
545 3418 683 3498 εὐφραίνου
696 3420 741 3477 καί
753 3418 847 3498 γόρευε
881 3423 918 3480 ιε’
971 3419 1146 3482 inclinantes:
1171 3419 1254 3498 hujus
1272 3418 1348 3476 rami·
1363 3413 1455 3475 totum
1469 3415 1602 3475 mundum
1626 3410 1721 3477 adum-

151 3490 408 3570 ἀγγελων,δοξάζων
431 3496 475 3556 τδν
490 3476 600 3576 Ιίατέρα
617 3497 663 3557 καί
682 3498 726 3556 τὸν
737 3487 802 3558 Υίὸν
822 3445 920 3560 ualet
970 3498 1103 3558 brarunt:
1121 3497 1172 3556 hoc
1185 3518 1200 3554 a
1213 3496 1311 3577 spiritu
1326 3510 1417 3555 sancte
1431 3509 1557 3554 movetur
1581 3495 1651 3555 :hoc
1666 3517 1719 3556 nnn

150 3568 225 3648 ἅγιον
240 3573 360 3650 Πνεῦμα,
374 3583 417 3636 νῦν
436 3575 482 3636 καί
496 3576 538 3636 ἀεὶ
546 3576 614 3652 ,καί
628 3579 665 3644 είς
683 3577 743 3647 τοὺς
755 3580 853 3647 αἰῶνας
864 3583 918 3639 τῶν
971 3591 1016 3636 tan
1039 3579 1059 3634 it
1072 3590 1151 3635 aestus
1179 3576 1298 3638 nimius:
1313 3576 1366 3634 snb
1389 3576 1441 3634 hac
1463 3575 1555 3654 planta
1578 3574 1720 3636 oblecteris

150 3648 262 3711 αἰώνων,
275 3651 369 3730 Ἀμήν.
971 3672 997 3716 et
1011 3598 1121 3716 clareas
1130 3656 1215 3716 ducas
1234 3676 1296 3713 cum
1309 3654 1412 3734 angelis
1421 3700 1429 3727 ,
1439 3655 1596 3733 glurifieans
1611 3658 1719 3715 Patrem

915 3812 918 3820 Ι
971 3751 998 3796 et
1007 3736 1107 3795 Filium
1120 3735 1290 3816 etSpiritum
1303 3735 1435 3812 sanetum,
1445 3755 1516 3794 nunc
1529 3747 1556 3794 et
1567 3755 1681 3818 semper,
1693 3748 1720 3796 et

971 3818 1000 3877 in
1013 3817 1110 3877 secula
1122 3815 1294 3879 saeculorum.
1311 3820 1409 3876 Amen.

180 3926 192 3949 ¹
211 3909 304 3980 [Fert.
317 3920 448 3987 ῥιζωθεισα,
457 3929 502 3970 aut
510 3918 592 3972 simile
602 3920 689 3992 quid-l

145 4112 1711 4158 *W

150 4291 227 4353 Vlll.
238 4294 316 4354 *ton
333 4298 413 4358 αὐτοῦ
436 4301 474 4366 εἷς
488 4302 531 4374 vt,
542 4301 579 4362 Et
595 4327 635 4371 τις
654 4307 681 4365 έν
701 4307 821 4389 Χριστῷ,
836 4308 914 4381 καινή
970 4309 1048 4386 Vlll.
1057 4310 1084 4367 E
1086 4309 1198 4393 jusdem
1212 4313 1242 4367 in
1259 4308 1338 4366 illud
1346 4354 1354 4381 ,
1365 4307 1395 4366 Si
1408 4328 1461 4383 qua
1474 4307 1502 4365 in
1514 4292 1631 4381 christe
1645 4328 1716 4368 nova
1728 4249 1829 4372 iicon
1847 4246 1871 4293 ⁵·

192 4385 333 4500 κτίσρς·τδ
344 4392 444 4470 ἀρχαῖα
456 4397 601 4475 παρῆλθον,
611 4396 667 4456 taut
677 4397 768 4481 γέγονε
780 4400 814 4460 τὰ
826 4401 917 4460 πάντα
1011 4416 1132 4460 creatura
1149 4426 1154 4457 :
1172 4414 1260 4461 vetera
1283 4399 1446 4458 transierunt
1452 4421 1463 4475 ς
1486 4419 1548 4457 eece
1564 4399 1717 4460 συνοίσειν

189 4502 276 4541 καινα.
1011 4508 1073 4554 sunt
1088 4491 1190 4551 omnia.
1216 4526 1218 4531 ·
1391 4495 1398 4508 '

189 4622 282 4720 ῌολλὴ
308 4625 356 4704 μὲν
386 4627 495 4708 γηπύνῳ
522 4631 658 4710 προθυμία
682 4635 861 4698 καταύάλλειν
884 4639 918 4701 τὰ
975 4613 980 4626 .
1011 4644 1110 4719 lllagna
1126 4635 1235 4716 quidem
1249 4633 1388 4712 diligentia
1402 4631 1522 4713 agricola
1533 4633 1633 4694 semina
1644 4655 1717 4716 spar-

149 4725 311 4779 σσερματα,
335 4707 441 4767 ἐπειδάν
468 4704 516 4782 τήν
544 4710 659 4792 άρουραν
687 4716 918 4797 ἐκκεκαθαρμίνην
935 4750 955 4796 0
971 4720 1290 4813 git,pustquamarvum
1306 4726 1485 4793 expurgatum
1499 4713 1614 4790 viderit;
1630 4729 1656 4775 et
1670 4735 1718 4777 nec

150 4781 205 4861 liis
215 4782 262 4840 ml
276 4784 342 4860 μήτε
358 4788 478 4847 ἀκανθῶν
494 4790 594 4861 πλῆθος
604 4793 839 4877 λυμαινόμενοντῇ
853 4799 917 4877 βλά·
971 4819 1110 4938 {strumum
1126 4816 1231 4879 coptam
1244 4793 1355 4864 adesse,
1370 4813 1430 4930 τρια
1448 4794 1614 4852 nascentium
1625 4795 1718 4875 impe·

993 4902 998 4937 ι

151 4885 202 4939 στῃ
216 4866 268 4919 τῶν
282 4859 427 4964 ρυομένων,
436 4867 509 4946 ,μήτε
519 4869 592 4929 λίθον
605 4873 791 4954 ἀντικρούοντα
803 4879 842 4956 τῷ
856 4878 917 4960 ἀρά-

150 4964 215 5020 τρῳ·
229 4942 327 5007 πλειων
351 4943 377 5002 δδ
402 4946 507 5009 εὐκολία
530 4953 569 5007 τῶ
593 4951 718 5028 μελλοντι
740 4955 917 5017 καταύάλλειν
971 4956 1090 5017 nllendat
1106 4980 1112 5012 :
1129 4956 1214 5034 major
1227 4967 1316 5012 autem
1333 4951 1448 5011 facilitas
1458 4966 1498 5011 est
1513 4973 1538 5009 et
1554 4972 1601 5029 qut
1614 4972 1718 5022 serm·

150 5021 201 5080 τὸν
215 5019 309 5101 λόγον,
324 5024 429 5083 ἐπειδὰν
450 5029 485 5086 άκ
518 5009 583 5101 arla
598 5035 845 5112 παρεσκευασμένον
859 5035 919 5113 θεά·
972 5059 1032 5097 netn
1063 5036 1335 5106 tolalfflffilscllffl
1349 5029 1719 5110 llaf³¹⁰¹¹¹³⁰dll⁰semlld“

151 5124 240 5170 σηται.
255 5100 329 5183 ‘Opti
346 5102 398 5182 γάρ
411 5104 460 5175 τήν
478 5049 591 5189 έροουραν
610 5114 856 5194 έκκεκαθαρμίνην,
871 5117 917 5175 καὶ
973 5117 1018 5176 rit.
1035 5059 1125 5178 l'ideo
1142 5112 1213 5172 enim
1227 5133 1322 5170 arvttm
1338 5125 1495 5200 purgalum,
1514 5128 1600 5186 neque
1614 5109 1718 5199 ¹¹?Pl2m

149 5182 266 5258 οὐδαμοῦ
291 5181 391 5242 ἀκανθα
413 5185 614 5263 βλαστάνουσα·
629 5191 731 5252 άκανθσ
756 5193 785 5253 δέ
806 5198 879 5263 ἐστιν
899 5199 917 5268 ή
950 5257 952 5260 ,
973 5211 1013 5257 est
1026 5195 1103 5276 spina
1120 5193 1293 5275 germinans:
1311 5210 1388 5270 spana
1403 5203 1492 5248 autem
1506 5201 1545 5246 est
1560 5186 1720 5248 divinarum

1002 4893 1028 4938 at
1041 4879 1251 4944 incrementum,
1274 4893 1360 4951 neque
1390 4871 1496 4953 apidem
1510 4917 1518 4947 ,
1530 4875 1718 4964 ‘quiaratrum

183 5337 198 5414 J
212 5335 221 5405 [
233 5339 278 5389 Eat
289 5340 341 5390 haee
353 5340 437 5392 oratio
456 5344 535 5411 inepti
556 5344 674 5414 Graeculi,
688 5347 792 5403 lacinias
809 5353 912 5419 genuini
960 5355 994 5405 tis
1004 5369 1063 5403 cum
1075 5352 1125 5402 suis
1136 5327 1287 5417 longissimis
1299 5346 1381 5412 nugis.
1399 5341 1522 5406 Quaedam
1534 5342 1611 5392 etium
1621 5358 1652 5394 ex
1666 5341 1723 5397 altu

153 5414 328 5485 etnywsromt
341 5421 465 5475 sermonis
476 5425 503 5476 in
520 5421 588 5477 idem
599 5441 775 5495 argumentum
790 5447 914 5485 conmen-
961 5432 1053 5500 spuriis
1064 5430 1222 5483 sermonibus
1230 5424 1364 5494 depromta
1375 5419 1514 5490 videntur}
