3750 6052
691 576 782 625 nunc
807 574 941 626 narnus
966 576 1164 630 amentur.
1635 562 1703 660 illp

168 701 441 765 cenvesimesaneti
452 700 576 767 Hrtthei
590 701 743 762 concionem
756 701 904 761 habuerat:
957 702 1042 776 ditat,
1061 705 1130 784 quid
1148 707 1286 769 mirumsi
1306 708 1509 789 nonnumquam
1521 720 1613 769 contra
1628 728 1702 793 pra*

167 819 251 878 quam
264 795 419 856 concionem
428 808 547 875 sequutae
560 807 622 855 sunt
633 795 689 869 55,
701 797 754 872 56,
767 798 805 856 5⁷
817 807 844 853 et
855 795 906 856 58.
957 784 1092 877 ceptiohes
1102 800 1291 878 grammatices
1302 815 1438 883 peccetur,
1452 802 1512 862 etsi
1523 803 1614 863 minor
1626 802 1704 885 diepl-

167 891 270 951 Seriem
281 888 421 969 intercepit
430 887 522 947 roncio
534 886 569 946 de
582 887 823 946 Observationibus
835 885 908 965 lega·
960 888 1020 948 Gora
1034 889 1061 948 in
1075 892 1185 972 syntaxi
1200 907 1333 953 occurrat.

167 983 259 1058 libus,
281 995 438 1062 postquam
458 978 504 1038 die
516 978 637 1057 sequenti
656 977 908 1058 quinquagesimam
999 982 1130 1043 Diximus
1142 985 1367 1066 Chrysostomum
1377 986 1558 1048 Homiliarum
1570 987 1598 1045 in
1613 988 1855 1056 (tenementis.

167 1096 266 1135 nonam
278 1074 360 1134 dixit.
378 1072 524 1152 Paulopost
537 1085 626 1131 autem
641 1072 692 1145 60,
709 1072 760 1141 61,
776 1073 828 1145 aa,
842 1090 909 1150 pro-
960 1071 1012 1131 sim
1029 1094 1137 1134 cursum
1151 1076 1333 1156 intercepisse,
1349 1091 1379 1136 ut
1392 1077 1457 1136 seria
1469 1077 1564 1156 quinta
1580 1078 1607 1137 in
1622 1080 1706 1138 (loena

168 1168 319 1242 nuntiavit,
336 1187 416 1246 quam
428 1177 592 1246 postremam
602 1161 648 1222 die
659 1163 778 1241 sequenti
794 1183 908 1241 sesage·
961 1165 1072 1224 Domini
1083 1166 1143 1229 ch
1147 1168 1200 1228 uda
1214 1169 1354 1249 proditore
1365 1184 1465 1249 ageret.
1479 1169 1627 1229 llomiliam
1641 1191 1707 1230 rero

168 1259 236 1318 sima
248 1259 342 1330 tertia,
357 1270 469 1336 sequuta
483 1256 553 1331 iuit,
576 1269 603 1314 et
616 1256 758 1337 paulopost
771 1255 909 1334 sexagesi·
960 1256 997 1315 de
1011 1257 1082 1319 Juda
1097 1260 1236 1340 proditore
1248 1262 1351 1340 aliquot
1362 1275 1424 1322 aute
1434 1283 1535 1338 annos,
1555 1277 1586 1322 ut
1600 1262 1707 1324 credere

167 1373 212 1410 ma
226 1365 337 1430 quarta,
351 1364 378 1410 et
390 1349 521 1431 postridie
533 1347 699 1428 sexagesima
712 1349 823 1429 quinta,
843 1369 910 1428 pau·
961 1362 1011 1421 est,
1023 1350 1082 1431 jam
1095 1351 1237 1425 habuerat,
1253 1353 1300 1413 sed
1313 1354 1389 1421 illam
1402 1355 1575 1430 retractavit,
1588 1355 1707 1415 initium·

167 1441 256 1524 lopost
268 1442 433 1523 sexagesima
448 1455 535 1517 sexta,
551 1440 622 1501 inter
635 1462 715 1519 quam
734 1456 761 1501 et
774 1442 909 1521 sexagesi-
963 1463 1016 1521 que
1030 1445 1166 1517 mutavit,
1189 1459 1215 1505 et
1227 1445 1350 1524 quaedam
1370 1444 1499 1524 addidit,
1523 1461 1626 1506 ut-eam
1640 1447 1707 1506 feria

167 1556 239 1595 mam
256 1536 397 1616 septimam
413 1532 518 1613 aliquid
537 1534 618 1614 spatii
635 1533 815 1593 intercessisse
835 1533 910 1593 vide·
963 1533 1058 1611 quinta
1077 1536 1105 1595 in
1119 1538 1201 1602 Coena
1220 1538 1332 1597 Domini
1354 1537 1470 1605 diceret,
1491 1538 1564 1617 quod
1583 1539 1663 1599 etiam
1677 1539 1705 1599 in

167 1639 220 1687 tur.
233 1628 331 1707 Sicque
340 1648 432 1688 omues
443 1627 470 1687 in
480 1626 608 1689 Genesim
619 1626 759 1687 conciones
770 1627 909 1708 completa}
962 1624 1024 1685 aliis
1047 1627 1167 1688 homiliis
1195 1629 1288 1690 iecisse
1312 1629 1534 1711 deprehenditur.
1560 1615 1708 1692 Occasione

165 1720 284 1780 suerunt,
964 1717 1128 1797 proditionis
1140 1721 1219 1783 iudae
1233 1722 1310 1795 dicit,
1332 1744 1385 1783 non
1400 1725 1553 1784 necessitate
1570 1725 1707 1787 hominem

206 1814 303 1897 Stylus
316 1814 503 1896 chrysostomi
515 1814 544 1874 in
555 1813 599 1872 his
610 1812 730 1873 homiliis
743 1811 832 1873 nescio
841 1811 911 1892 quid
963 1809 998 1868 ad
1011 1811 1114 1872 mnam
1127 1815 1264 1893 pertrahi,
1286 1816 1430 1897 ipsumque
1441 1838 1477 1877 ex
1488 1818 1575 1877 libero
1593 1818 1707 1883 arbitrio

165 1906 230 1966 nori
245 1907 475 1987 praesefert-De
488 1905 532 1964 his
543 1903 662 1965 homiliis
676 1905 786 1985 loquens
797 1904 910 1965 Photius
963 1903 1008 1964 rel
1023 1904 1126 1965 bonum
1141 1907 1184 1966 rel
1198 1906 1299 1978 malum
1320 1908 1439 1987 deligere
1459 1924 1485 1969 ct
1499 1924 1664 1991 perpetrare.
1717 1902 1723 1913 ⁶

164 1997 203 2056 ait
217 1997 262 2057 hie
272 1997 412 2057 observari
430 2010 582 2057 consuetam
596 1997 786 2076 Chrysostomi
801 1997 908 2056 clarita·
1004 1998 1087 2072 Quod
1104 1999 1131 2057 in
1154 1999 1266 2061 bomilia
1286 2001 1321 2060 de
1336 2002 1408 2063 luda
1431 2003 1569 2083 proditore
1583 2004 1706 2065 animad-

163 2103 236 2166 tem,
253 2093 414 2172 puritatem,
432 2091 602 2173 splendorem
616 2103 642 2148 et
660 2090 766 2170 copiam
786 2088 909 2162 dicendi,
963 2093 1105 2169 vertimus,
1118 2095 1238 2175 idipsum
1251 2096 1478 2177 deprehendimus
1490 2097 1517 2156 in
1531 2098 1659 2157 concione
1671 2099 1708 2169 de

163 2184 356 2243 sententiarum
369 2183 544 2262 frequentiam
558 2196 584 2241 et
594 2182 795 2264 aptissimasum
806 2181 908 2242 simili·
964 2181 1051 2241 Gruce
1067 2195 1094 2242 et
1108 2185 1240 2258 Latrone,
1261 2206 1321 2265 quae
1334 2185 1362 2243 in
1381 2183 1426 2244 die
1440 2185 1602 2244 Parasceves
1615 2184 1708 2244 habita

164 2278 291 2338 tudinum
305 2278 515 2349 abundantiarn;
529 2277 635 2338 sedeas
648 2276 798 2337 remissiore
811 2291 837 2336 et
856 2277 909 2337 hu·
963 2273 1030 2350 iuit3
1052 2294 1148 2355 nempe
1161 2275 1409 2357 Chrysotwmttm‚
1430 2298 1512 2354 quam
1525 2277 1629 2355 aliquoi
1646 2291 1709 2337 ⁸⁰10

164 2370 271 2430 miliore
287 2371 394 2431 dicendi
415 2391 509 2450 genere
528 2370 659 2450 scriptas,
680 2383 838 2449 tantumque
852 2369 909 2428 Ho-
962 2366 1195 2431 annoshabuisse
1214 2369 1338 2440 videtur,
1359 2368 1481 2429 eamdem
1499 2369 1624 2429 secundis
1637 2370 1708 2431 curis

163 2461 248 2522 millis
267 2454 313 2523 seir
330 2462 534 2523 Commentariis
552 2463 579 2523 in
595 2467 662 2523 Acta
682 2462 755 2544 stylo
771 2462 909 2523 inferiores
962 2459 1146 2537 recognitam,
1166 2475 1192 2520 et
1205 2461 1371 2539 quibusdam
1384 2463 1413 2521 in
1426 2461 1509 2535 locis,
1531 2461 1560 2521 in
1573 2463 1716 2544 principio·

162 2576 229 2631 esse,
245 2571 375 2634 quantum
387 2556 435 2615 illa
444 2555 472 2614 in
487 2560 552 2614 Acta
566 2554 765 2616 Commentario
780 2554 908 2615 inferiora
962 2552 1081 2612 maxime
1106 2567 1254 2629 mutatam,
1277 2552 1371 2615 eodem
1384 2566 1538 2615 recurrente
1557 2554 1603 2614 die
1623 2556 1708 2614 Para·
1793 2576 1800 2589 ·

161 2662 225 2707 sunt
238 2648 446 2709 Commentariis
460 2649 486 2708 in
503 2648 638 2729 Epistolas
653 2649 732 2708 Pauli
745 2662 772 2708 et
790 2647 817 2709 in
832 2649 908 2709 Psal·
962 2666 1051 2705 scetes
1065 2647 1164 2705 iterum
1183 2647 1378 2728 pronuntiasse.
1394 2649 1454 2708 Non
1468 2646 1549 2706 series
1563 2646 1643 2707 modo
1658 2669 1706 2707 ea-

160 2739 270 2800 terium.
295 2745 336 2800 Ac
356 2763 448 2802 revera
462 2742 504 2801 hae
518 2742 680 2813 conciones,
703 2740 766 2801 licet
779 2763 908 2822 magnam
960 2736 1024 2798 dem
1037 2752 1088 2819 est,
1104 2739 1151 2799 sed
1165 2741 1248 2801 etiam
1258 2741 1341 2800 rerba
1353 2741 1527 2822 plerumqoc;
1541 2754 1622 2819 atque
1632 2743 1708 2804 Scri·

160 2832 311 2893 ubertatem
323 2848 403 2914 atque
416 2833 524 2895 solitam
537 2835 728 2916 Chrysostomi
743 2836 907 2897 inventionis
961 2832 1048 2910 'plutio²
1058 2834 1116 2892 luca
1128 2832 1221 2893 eodem
1233 2834 1292 2914 ipso
1303 2834 1330 2892 in
1342 2847 1456 2913 utraque
1466 2833 1562 2893 ordine
1573 2834 1706 2896 locantur.

159 2924 316 2986 felicitatem
329 2948 386 3009 pra
405 2927 550 3004 scierant,
574 2948 627 2987 non
643 2941 731 2986 tamen
743 2929 803 3009 pari
817 2930 908 2992 studio
960 2924 1029 2995 Quae
1054 2925 1147 3006 prior,
1163 2947 1225 3004 que
1241 2926 1374 3006 posterior
1391 2925 1464 2985 dieta
1478 2925 1576 2999 luerit,
1597 2947 1651 2986 non
1669 2927 1707 2988 ita

161 3017 206 3075 vel
225 3021 396 3081 accuratione
415 3020 580 3079 concinnate
603 3018 743 3080 videntne.
766 3020 819 3082 llic
837 3045 907 3105 ,πρε
961 3016 1041 3077 facile
1052 3033 1091 3078 est
1100 3016 1310 3099 deprehendere.
1320 3021 1426 3080 Verum
1435 3040 1469 3078 ex
1479 3018 1522 3093 iis,
1533 3040 1594 3098 quae
1605 3022 1705 3081 num.5

160 3111 359 3173 animadvertas
370 3114 541 3193 longissimas
553 3112 609 3173 texi
624 3112 766 3193 periodos,
785 3137 846 3194 (μω
859 3139 907 3199 μ.
961 3107 990 3167 in
1005 3124 1120 3190 utraque
1133 3111 1277 3184 dicuntur,
1297 3111 1403 3190 aliquid
1421 3111 1490 3171 lucis
1501 3111 1538 3171 ad
1551 3133 1607 3170 rcm
1623 3133 1706 3174 excu-

160 3203 296 3264 reutheses
314 3207 382 3264 alias
401 3228 482 3286 super
499 3206 567 3265 alias
582 3219 637 3264 tam
658 3206 812 3284 frequenter
827 3209 907 3269 exhi·
962 3201 1079 3262 tiendum
1095 3204 1208 3262 allertur
1219 3226 1227 3261 ε
1239 3224 1302 3263 nam
1321 3204 1350 3263 in
1370 3204 1475 3285 priore,
1498 3205 1576 3284 cujus
1596 3204 1705 3267 initium

160 3294 253 3372 beant,
267 3311 299 3355 ut
310 3297 440 3377 principii
453 3296 555 3356 oblitus
567 3308 670 3373 orator,
685 3298 844 3359 sententiam
858 3300 908 3359 im·
961 3309 1017 3368 est,
1033 3296 1150 3377 σήμερον
1169 3303 1184 3358 ὁ
1197 3296 1312 3378 Κύριος,
1330 3295 1368 3355 sic
1388 3296 1488 3377 legitur
1509 3321 1516 3356 a
1539 3296 1707 3360 «Imitemur

160 3389 306 3469 perfectam
328 3389 485 3467 relinquat,
514 3403 540 3448 et
561 3387 709 3467 aliquando
733 3391 849 3451 verbnm
872 3392 908 3452 ad
961 3385 1052 3465 itaque
1062 3402 1088 3447 et
1099 3409 1148 3448 nos
1157 3390 1315 3462 Dominum,
1326 3402 1353 3448 et
1364 3389 1539 3468 proinimicis
1549 3410 1704 3469 precemur:

161 3480 283 3548 σύνταξιν
293 3481 471 3542 necessarium
482 3482 680 3564 pretermittit.
693 3482 788 3560 Neque
802 3483 908 3543 veroid
961 3477 1083 3538 eamdem
1095 3481 1166 3540 enim
1179 3481 1390 3540 cohortationem
1404 3502 1520 3541 resumo.
1534 3483 1596 3543 Jam
1610 3483 1706 3562 quinto

160 3572 261 3634 mirum
276 3574 326 3632 tibi
339 3574 477 3651 videatur,
492 3575 516 3634 si
531 3572 693 3655 perpendas,
709 3573 837 3654 periodos
846 3576 908 3636 illas
960 3568 1005 3630 die
1017 3572 1096 3632 vobis
1107 3571 1142 3633 de
1152 3571 1246 3633 eodem
1256 3586 1415 3651 argumento
1427 3572 1633 3646 disseremus
1643 3596 1705 3636 vero

158 3665 306 3745 aliquando
325 3666 363 3726 ita
382 3666 510 3744 extendi,
526 3667 575 3727 vix
590 3679 619 3725 ut
633 3665 661 3725 in
675 3666 773 3747 pagina
789 3688 842 3728 una
856 3669 907 3729 ah-
960 3664 1092 3743 posterior
1104 3664 1208 3725 locatur
1219 3664 1258 3724 sie
1273 3663 1354 3724 habet
1364 3689 1371 3723 t
1381 3665 1540 3724 «imitemur
1550 3680 1578 3725 et·
1589 3687 1638 3727 nos
1647 3668 1705 3728 Do·

157 3760 309 3820 solvantur.
333 3760 404 3820 llinc
427 3761 529 3821 inieras
552 3772 685 3819 oratorem
707 3773 829 3820 nostrum
850 3761 907 3822 haee
959 3755 1081 3832 minum,
1095 3771 1121 3817 et
1135 3779 1183 3839 pro
1198 3758 1320 3827 inimicis
1327 3778 1475 3839 precemur.
1490 3760 1560 3831 Quae
1576 3758 1633 3819 heri
1647 3780 1705 3821 mo·

156 3854 374 3928 concionantem,
392 3852 497 3912 nonita
516 3872 623 3933 semper
643 3864 768 3933 paratum
786 3851 906 3914 medita·
959 3849 1018 3922 nni,
1028 3850 1186 3911 eorumdem
1193 3863 1219 3910 et
1229 3871 1301 3910 nunc
1310 3850 1529 3924 commonefacio,
1540 3849 1626 3910 sciens
1635 3872 1705 3932 prae·

158 3958 268 4024 tumque
280 3944 317 4005 ad
330 3945 485 4005 concionem
495 3944 610 4012 venisse,
625 3941 673 4003 sed
683 3942 771 4003 multa
783 3964 817 4004 ex
831 3958 904 4006 tem·
959 3939 1026 4001 clari
1045 3941 1110 4002 iacti
1132 3941 1358 4022 magnitudinem.
1370 3966 1385 3999 a
1399 3940 1465 4002 lnde
1484 3962 1549 4002 vero
1566 3941 1704 4021 liquidum

156 4059 224 4118 pore
236 4051 267 4097 ut
278 4038 362 4097 menti
376 4058 432 4098 sese
446 4034 597 4098 offerebant
610 4035 722 4097 dixisse.
958 4054 1015 4093 esse
1028 4033 1151 4107 ridetur,
1165 4035 1340 4115 posteriorem
1353 4055 1412 4094 eam
1425 4054 1490 4106 esse,
1506 4055 1566 4114 quae
1580 4049 1640 4115 post
1651 4035 1704 4096 Ho

195 4131 226 4191 si
252 4152 361 4191 causam
383 4152 464 4212 porro
485 4151 608 4210 quaeras,
639 4130 791 4211 perpendas
818 4132 902 4194 velim
958 4125 1089 4186 miliasin
1111 4127 1239 4188 Genesim
1253 4127 1281 4186 in
1304 4126 1517 4206 Quadragesima
1537 4126 1643 4187 habitas
1656 4128 1702 4190 die

155 4223 247 4304 ipsum
261 4223 288 4282 in
303 4223 355 4283 hac
368 4222 582 4303 Quadragssima
595 4220 633 4283 ad
646 4244 732 4301 usqne
752 4222 901 4287 hebdom.
956 4217 1117 4279 Parasceves
1128 4217 1201 4279 dicta
1217 4220 1269 4279 furt
1281 4243 1289 4277 a
1301 4241 1363 4279 nam
1379 4219 1407 4278 in
1424 4219 1551 4280 Homiliis
1564 4220 1592 4279 in
1611 4222 1700 4281 Gene-

153 4314 198 4374 dis
221 4329 318 4375 sanctae
340 4314 503 4389 dimidium,
527 4335 581 4374 non
597 4310 686 4374 'modo
707 4314 768 4376 illas
789 4316 900 4396 triginta
953 4310 1005 4370 aim
1018 4314 1135 4388 comt,
1150 4312 1206 4385 ὅθ,
1229 4333 1263 4371 ne
1276 4318 1325 4394 γρῦ
1337 4310 1448 4390 quidem
1461 4312 1496 4370 tie
1508 4312 1635 4391 precibus
1649 4326 1698 4393 pto

153 4406 223 4468 duas
245 4408 347 4488 priores
361 4406 487 4467 homilias
506 4406 649 4478 babuisse,
668 4407 715 4467 sed
732 4408 814 4468 etiam
831 4411 899 4472 alias
952 4402 1186 4463 inimicisdictum
1204 4404 1274 4481 luit,
1288 4404 1400 4483 ideoque
1416 4402 1444 4462 in
1460 4416 1592 4482 postrema
1605 4404 1696 4464 locum

153 4501 302 4562 identidem
325 4513 506 4573 memoratas,
538 4520 598 4578 quae
621 4498 748 4561 suadente
769 4502 897 4583 quapiam
951 4497 1068 4558 mutarit
1082 4497 1301 4578 chrysostomus,
1317 4494 1388 4554 etde
1400 4495 1526 4576 precibus
1539 4516 1589 4575 pro
1604 4495 1696 4556 inimi-

154 4595 283 4675 temperis
295 4594 434 4653 occasione
446 4591 627 4652 Homiliarum
647 4591 676 4652 in
688 4593 816 4654 Genesim
833 4617 896 4657 cur.
952 4587 990 4647 cis
1005 4590 1033 4648 in
1049 4589 1162 4648 homilia
1176 4587 1338 4668 precedenti
1350 4586 1386 4646 dc
1396 4585 1467 4648 iuda
1481 4586 1618 4667 pmditore
1631 4602 1695 4655 tan·

153 4707 216 4745 sum
238 4687 461 4768 interpellabant,
480 4701 507 4746 et
521 4686 634 4746 fortasse
648 4684 716 4745 alias
732 4708 839 4766 quoque
853 4688 897 4749 di.
951 4693 1011 4740 tum
1024 4680 1153 4760 loquitur.
1174 4680 1248 4741 Vide
1261 4679 1289 4738 in
1302 4679 1408 4739 Monito
1420 4677 1456 4738 ad
1469 4679 1539 4740 hanc
1552 4680 1693 4742 homiliam

153 4777 227 4837 sisse
247 4778 282 4836 ab
298 4799 326 4837 se
340 4800 393 4840 non
413 4792 648 4851 commemoratas,
671 4776 710 4836 ita
728 4792 759 4839 ut
775 4780 897 4859 quotidie
950 4773 986 4837 Τ.
997 4778 1026 4852 il,
1039 4797 1068 4856 p.
1083 4776 1155 4837 409·
1501 4836 1507 4845 .

151 4871 253 4946 ferme,
269 4881 295 4928 et
309 4869 419 4948 quidem
430 4871 588 4951 longissime
609 4868 781 4931 concionatus
801 4873 846 4932 sit.
862 4874 897 4936 ld
991 4869 1022 4928 ln
1037 4867 1083 4929 dle
1096 4866 1308 4928 Resurroellffltlt
1320 4867 1433 4928 'D0mlnl
1452 4868 1545 4930 eodem
1559 4891 1630 4930 anno
1642 4869 1691 4930 ¹di·

151 4975 243 5021 autem
265 4962 358 5020 avire
379 4963 528 5041 presertim
547 4963 596 5042 qui
615 4984 663 5043 per
685 4976 772 5024 totum
794 4986 896 5026 annum
949 4976 990 5025 cta
1004 4963 1057 5023 luit
1078 4961 1196 5021 llomilia
1212 4974 1304 5020 contra
1320 4960 1450 5022 Ebriosus
1471 4977 1496 5023 et
1513 4963 1548 5023 de
1561 4967 1842 5057 liemare-MP&

151 5053 330 5116 concionandi
354 5053 475 5112 officium
496 5056 712 5135 exsequebatur,
743 5076 795 5117 non
817 5079 896 5139 posse
948 5056 1046 5115 ctione.
1062 5054 1138 5114 Hanc
1151 5074 1217 5113 nero
1231 5054 1383 5115 concionem
1400 5055 1439 5114 sic
1450 5069 1579 5115 memorat
1595 5056 1690 5137 Chry·
1701 5079 1723 5125 6.
1732 5080 1844 5130 ruffi,

151 5148 209 5208 sine
226 5144 404 5227 extemporali
422 5144 616 5207 declamatione
633 5148 783 5211 identidem
801 5151 895 5211 saltem
947 5163 1080 5209 sostomus
1093 5146 1305 5228 homiliapriroa
1318 5147 1346 5206 in
1367 5146 1534 5228 Principium
1546 5152 1688 5224 Actorum,

149 5241 263 5322 repetita
277 5238 410 5321 prestari,
423 5239 556 5298 fateamur
566 5255 729 5302 neeesseest.
746 5245 778 5303 ln
792 5257 895 5304 extem-
946 5265 1006 5323 quae
1027 5240 1120 5302 eodem
1141 5241 1201 5322 ipso
1219 5236 1289 5301 anno
1309 5241 1391 5329 paulo
1405 5255 1467 5322 post
1479 5240 1583 5300 Pascha
1597 5241 1689 5301 habita

148 5333 237 5414 porali
251 5346 342 5392 autem
356 5330 562 5404 declamatione,
588 5331 637 5392 ubi
659 5332 799 5413 ingenium
819 5350 894 5397 tenta
946 5336 1016 5411 suit,
1029 5338 1156 5397 numi:
1171 5358 1188 5393 e
1202 5337 1264 5396 Non
1277 5348 1341 5394 sunt
1353 5335 1439 5414 igitur
1450 5335 1554 5394 malum
1570 5335 1685 5409 divitia,
1700 5363 1720 5406 r
1737 5366 1793 5426 Μ,
1801 5364 1841 5414 ⁵2.

148 5425 253 5506 pollens
268 5424 444 5510 ‚inventionej
463 5445 534 5486 nova
553 5444 660 5507 semper
671 5429 772 5489 oratori
791 5451 894 5513 suppe-
946 5428 993 5491 sed
1015 5427 1174 5510 illegitimus
1192 5440 1286 5489 earum
1299 5447 1364 5490 usus
1384 5440 1424 5488 est
1441 5426 1545 5489 malum
1556 5451 1563 5486 ε
1576 5442 1603 5489 et
1616 5428 1688 5490 sicut
1699 5428 1724 5472 ¹³·
