3714 5970
641 456 671 504 S·
700 455 841 505 tonltttts
866 450 1101 503 cuutsosrottt
1125 450 1225 513 vt'rt,

172 460 237 536 ¹9⁰

158 599 220 646 tum
234 605 268 645 ex
284 584 439 645 Isaurorum
453 593 537 653 metu,
554 592 612 641 tum
626 601 662 642 ex
676 579 851 642 intolerandis
863 580 907 641 ie·
958 576 1149 659 Enpsychium
1169 574 1206 635 ad
1220 575 1442 659 Chrysostomum
1463 578 1589 660 miserat,
1608 580 1703 664 quide

160 676 266 736 brihus.
283 674 393 736 Obnixs
405 686 482 754 rogat
495 686 595 746 autem,
612 686 642 733 nt
655 672 707 734 sibi
718 672 825 734 assidue
834 671 907 732 sori·
958 670 1039 730 rebus
1051 669 1177 750 plurimis
1189 668 1267 730 illum
1278 671 1376 731 laceret
1386 672 1536 734 certiorem.
1545 678 1583 734 Δι
1597 675 1704 760 Eupsy·

160 769 207 828 hat
215 814 223 842 ,
236 767 310 828 haud
319 767 378 828 leve
387 765 513 826 solatium
524 786 559 825 ex
569 766 628 846 ejus
639 764 725 825 literis
735 779 904 846 perceptum.
958 761 1036 822 chius
1045 761 1093 822 ille
1102 760 1384 825 nondumadvenerat.
1399 764 1601 828 Hortaturrero
1614 769 1704 830 Trau·

161 861 234 936 Quia
245 881 309 921 vero
321 881 356 920 ex
366 880 479 920 numero
488 880 582 919 eorum
592 873 649 918 erat
659 857 747 932 Briso,
761 858 809 939 qui
822 859 906 919 aliurn
957 854 1104 934 quillinum
1118 869 1148 914 ut
1158 876 1200 930 ea,
1213 876 1274 933 qua
1285 855 1339 915 sibi
1353 857 1530 940 Eupsychius
1542 875 1703 922 narraturus

158 952 250 1011 exsilii
263 952 354 1012 locum
365 951 549 1034 postulabant,
562 964 592 1010 ut
606 971 640 1010 ne
651 951 680 1009 id
690 950 809 1031 amplius
821 965 907 1023 curet,
959 961 1026 1018 erat,
1043 969 1090 1029 per
1104 947 1196 1008 literas
1205 947 1321 1009 nuntiet.

161 1044 287 1105 admonet
308 1066 316 1104 z
338 1066 401 1105 nam
422 1065 450 1104 se
468 1064 497 1104 re
515 1042 636 1104 omnium
656 1041 830 1121 gravissima,
853 1043 906 1103 vire
1001 1040 1087 1100 Paulo
1100 1054 1161 1122 post
1177 1060 1257 1100 suurn
1273 1040 1303 1100 in
1319 1039 1410 1101 exsilii
1427 1040 1519 1103 heum
1532 1042 1705 1119 adrentum,

160 1155 258 1218 nempe
271 1137 414 1212 molestiis,
425 1137 482 1217 jam
498 1134 669 1218 perfunctum
684 1153 750 1192 esse.
768 1135 828 1195 Nun
842 1135 907 1195 scri·
959 1131 1051 1191 literas
1061 1131 1135 1192 misit
1145 1130 1259 1192 adalios
1268 1153 1441 1213 nonpausus,
1451 1135 1500 1213 qui
1510 1135 1566 1195 subi
1576 1135 1706 1198 &serere

160 1226 268 1289 bentem
282 1222 372 1290 autem
383 1229 437 1289 sibi
450 1228 590 1289 Brisonem
601 1225 629 1285 in
642 1224 695 1285 alia
708 1223 820 1305 epistola
833 1225 907 1287 haud
959 1223 1003 1282 vel
1023 1222 1153 1283 boeticis
1170 1223 1364 1304 prestiterant,
1381 1225 1426 1285 sel
1444 1226 1572 1287 amicitiae
1591 1217 1704 1314 munera

163 1319 414 1403 leviterohjurgat.
958 1315 1036 1396 signa
1048 1313 1241 1390 dederant,ad
1251 1315 1403 1376 Firminum
1412 1337 1518 1399 nempe,
1532 1319 1706 1401 cytherium,

200 1413 277 1473 ntiae
284 1432 392 1490 quoque
399 1423 458 1492 post
465 1408 613 1470 adrentum
620 1411 757 1470 cucusum
762 1409 854 1469 literas
860 1409 908 1470 mi·
959 1406 1113 1483 leontium,
1129 1407 1307 1480 Faustinum,
1319 1408 1474 1470 llelladium
1488 1425 1515 1471 et
1527 1410 1700 1491 Euthicu,

158 1503 205 1578 sir,
215 1503 322 1564 Paeanio
335 1523 433 1584 nempe
445 1500 497 1561 sibi
505 1501 679 1575 amicissimo,
688 1501 812 1562 Gemello
825 1504 850 1576 (1
856 1502 908 1576 ut)
959 1519 1037 1577 quos,
1054 1513 1083 1558 ut
1096 1499 1177 1558 etiam
1191 1519 1259 1580 pens
1268 1497 1337 1560 alios
1347 1522 1440 1561 omnes
1449 1503 1551 1564 srnioos
1562 1519 1590 1565 et
1602 1519 1700 1581 notos,

159 1608 189 1655 et
203 1597 279 1655 Aetio
293 1594 376 1670 (196)
388 1618 395 1652 :
410 1592 566 1654 Gemellum
584 1613 648 1655 vero
661 1592 755 1653 laudat
766 1615 783 1652 a
796 1593 907 1652 loeutu-
959 1587 1094 1665 hortatur,
1107 1604 1136 1650 ut
1147 1591 1336 1671 seirequenter
1345 1593 1432 1655 literis
1441 1594 1570 1658 solentur.
1581 1599 1704 1660 crrterio

159 1686 235 1757 dine,
249 1709 265 1746 a
278 1684 407 1766 loquendi
420 1685 556 1759 libertate,
569 1685 698 1745 asinoera
709 1684 906 1747 benevolentia.
959 1701 1082 1760 quoque,
1096 1683 1275 1765 Cappadocia
1289 1684 1413 1766 presidi,
1429 1686 1521 1748 literas
1533 1692 1616 1766 (256)
1631 1692 1706 1753 misit

160 1780 192 1838 ln
206 1779 337 1840 alir‘hero
347 1778 472 1860 epistola,
487 1799 550 1838 cum
562 1778 702 1839 Gemellus
714 1799 730 1837 a
744 1777 907 1859 quibusdam
960 1775 1180 1857 chrysostomus,
1194 1777 1347 1859 gratiasque
1354 1778 1396 1840 illi
1406 1779 1473 1860 egit,
1484 1781 1559 1860 quod
1570 1784 1705 1844 tumultus

159 1868 219 1931 dira
229 1891 371 1953 perpessus
382 1891 457 1930 sacro
467 1891 495 1930 se
506 1870 613 1930 lavacro
625 1870 729 1950 tingere
738 1870 835 1944 vellet,
847 1869 909 1929 lau·
961 1867 1105 1946 aedarerit,
1120 1883 1149 1928 et
1161 1891 1268 1932 omnem
1280 1870 1400 1953 lapidem
1412 1871 1542 1946 moverit,
1556 1887 1588 1934 ut
1600 1875 1659 1958 ipse
1675 1877 1704 1937 in

160 1959 244 2022 dibus
256 1963 362 2023 extollit
374 1962 452 2022 illum
472 1961 729 2043 Chrysostomusab
741 1961 826 2021 animi
842 1982 909 2021 oon·
961 1960 1105 2022 securitate
1121 1976 1281 2023 versarem.
1300 1963 1345 2023 tis
1357 1983 1422 2026 sero
1433 1985 1477 2043 se,
1495 1965 1559 2027 lieet
1571 1968 1601 2029 in
1615 1967 1705 2031 derer-

160 2055 270 2131 stantia,
287 2067 314 2113 et
327 2068 358 2114 ut
369 2053 570 2134 quamprimum
583 2073 640 2113 sese
652 2073 728 2113 sacra
739 2053 909 2136 baptismatis
962 2050 1067 2113 tissimo
1081 2053 1149 2129 loco,
1165 2054 1266 2116 Cucusi
1276 2076 1380 2138 nempe,
1392 2055 1549 2138 degentem,
1563 2060 1592 2120 in
1603 2060 1651 2120 illa
1661 2083 1706 2123 so-

159 2144 233 2206 unda
252 2145 347 2206 abluat
361 2145 492 2205 hortatur.
517 2144 588 2203 cnm
607 2143 727 2204 audisset
743 2158 835 2205 autem
848 2145 909 2206 Ge·

158 2241 275 2301 mellum
294 2240 331 2301 ad
344 2240 462 2320 aliquem
476 2237 665 2318 magistratum
677 2253 801 2299 evectum
815 2239 906 2315 fuisse,

159 2354 190 2393 ea
209 2331 245 2393 de
263 2354 297 2411 re.
307 2332 360 2414 ipsi
372 2331 524 2412 gratulatur
540 2330 568 2389 in
587 2331 640 2391 alin
654 2331 767 2413 epistola
787 2333 905 2412 (111),

64 2461 67 2466 ,
159 2425 286 2505 queritur
299 2445 363 2484 vero
379 2437 470 2505 postet
484 2430 537 2504 (ep.
552 2424 618 2497 79),
638 2423 713 2502 quod
726 2423 761 2484 sd
774 2425 828 2484 tale
845 2446 906 2485 mu·

7 2539 148 2603 tapsar,
158 2538 211 2577 nus
224 2531 378 2591 assumtus,
395 2515 448 2577 sibi
463 2535 516 2575 non
529 2516 703 2597 rescripserit.
718 2519 846 2578 Nescitur
857 2541 906 2579 au·

5 2602 147 2665 οιΒ11113·
159 2623 214 2669 tem
228 2624 321 2669 utrum
335 2610 473 2669 cucusum
481 2609 539 2689 jam
550 2608 712 2688 pemenerit,
727 2610 835 2689 quando
847 2613 906 2693 epi·

159 2702 242 2762 stolas
262 2702 332 2762 duas
352 2700 462 2783 scripsit
479 2700 516 2760 ad
535 2704 676 2782 episcopos
693 2716 720 2761 et
738 2703 908 2784 presbyteros

160 2792 270 2876 pietatis
284 2814 364 2853 causa
375 2793 403 2853 in
415 2813 520 2853 carcere
530 2792 661 2866 inclusos,
675 2814 744 2873 quos
757 2795 793 2854 ad
805 2795 909 2876 patien-

159 2887 227 2947 tiam
246 2887 386 2964 hortatur,
408 2884 553 2966 repositam
568 2889 696 2945 aerumnis
711 2886 810 2947 talibus
826 2908 909 2948 coro·

159 2999 223 3039 nam
234 2998 465 3049 commemorans,
480 2976 563 3057 idque
575 2977 682 3058 egregie
692 2977 720 3037 in
733 2976 821 3059 prima
835 3001 907 3062 prc-

159 3071 252 3130 sertim
270 3070 391 3152 epistola.
413 3069 530 3151 Polybio
544 3073 609 3130 item
630 3070 739 3152 scripsit
752 3086 817 3132 tunc
837 3074 908 3133 cun·

158 3164 334 3245 stantinopoli
354 3161 488 3237 versanti,
507 3182 539 3221 ac
550 3162 586 3222 de
603 3164 759 3222 Isaurorum
779 3165 908 3226 incursio·

159 3256 240 3315 nibus
261 3255 344 3314 verba
362 3255 424 3314 iacit
437 3259 493 3336 (ep.
518 3255 604 3330 115),
626 3254 673 3334 qui
687 3255 824 3316 cucusum
842 3279 909 3339 pene

159 3348 306 3407 obsessum·
314 3347 454 3422 tenebant,
475 3361 501 3407 et
519 3348 618 3406 hmem
636 3347 663 3407 in
680 3349 815 3427 regionem
832 3348 907 3409 illem

134 3472 143 3494 2
161 3437 333 3499 induxerant.
355 3439 443 3498 Aliam
454 3460 561 3518 quoque
575 3438 694 3521 Polybio
703 3440 843 3520 epistolam
857 3443 908 3502 mi·

158 3531 194 3590 sit
213 3534 310 3610 (1117),
327 3530 476 3611 etquidem
491 3531 597 3613 hyemis
608 3546 737 3614 tempore,
750 3532 847 3614 deque
861 3536 906 3596 in-

159 3623 243 3682 ferius
256 3637 364 3704 agetur.

43 3739 81 3782 a,
112 3752 132 3783 r.
199 3715 237 3774 lis
252 3715 345 3792 etiam,
361 3715 408 3792 qui
423 3735 451 3773 se
466 3716 593 3774 casareae
605 3715 724 3775 officiose
735 3731 904 3798 exceperant,

158 3806 251 3865 literas
262 3806 346 3864 misit.
359 3809 483 3865 intereos
494 3806 656 3886 Hymnetius
666 3807 811 3879 eminebat,
824 3830 905 3888 quern

159 3896 314 3978 ἀρχιατρόν,
324 3917 371 3955 seu
382 3897 547 3956 medicorum
558 3897 718 3977 principem,
731 3912 823 3976 roms,
832 3921 904 3960 eum-

157 4001 253 4067 quent
267 3987 319 4047 sibi
332 3987 465 4058 amicum,
483 3989 561 4069 cujus
574 4002 599 4046 et
613 3989 738 4048 amicitias
757 4003 783 4049 et
801 3992 904 4072 peritia

158 4101 270 4139 summae
286 4080 435 4160 periculum
450 4080 558 4151 lecerat,
573 4080 665 4139 videre
676 4079 824 4145 admodum
838 4105 903 4143 exo·

158 4185 215 4251 ptut
227 4195 241 4247 's
252 4171 299 4248 ¹sed
312 4172 376 4252 quia
389 4172 544 4232 isaurorum
556 4173 720 4233 incursiones
734 4176 834 4235 cucusi
845 4176 905 4236 adi·

156 4278 215 4324 tum
237 4265 467 4336 intercludebant,
482 4264 511 4323 id
529 4263 621 4323 damni
642 4279 671 4323 ut
691 4265 833 4327 literarum
847 4270 903 4328 sre-

156 4359 265 4437 quentia
277 4359 384 4433 sarciat,
395 4371 527 4439 precatur.
538 4359 570 4416 ln
580 4359 632 4416 alia
646 4380 708 4418 vero
719 4361 831 4441 epistola
842 4364 904 4438 (38)

157 4450 298 4510 Seleucum
309 4453 465 4532 episcopum
478 4452 529 4532 ipsi
544 4451 725 4530 commendat,
742 4455 903 4534 gravissima

158 4544 222 4600 tussi
237 4542 404 4601 laborantem
417 4567 423 4600 ε
436 4544 483 4622 qui
498 4543 642 4615 Seleucus,
657 4546 844 4627 Chrysostomi
858 4549 904 4609 vi-

156 4631 239 4692 dendi
254 4633 387 4691 desiderio
401 4634 539 4706 inductus,
556 4637 692 4696 cucusum
704 4639 795 4712 venit,
808 4654 834 4698 et
848 4654 903 4700 tus-

156 4725 209 4784 sim
220 4739 245 4784 et
256 4725 360 4784 itineris
370 4725 558 4785 difficultatem
573 4742 598 4787 et
613 4729 729 4789 hiemem
744 4754 804 4810 quae
819 4733 903 4792 insta·

158 4818 204 4878 bat
225 4816 386 4898 despiciens.
414 4818 586 4877 Profecturus
613 4837 702 4881 autem
729 4824 900 4900 caesaream,

157 4910 377 4990 Tranquillinum
399 4909 574 4988 episcopum,
597 4912 662 4988 qui,
684 4928 711 4972 ut
731 4937 765 4974 ex
778 4916 902 4997 Chryso·

156 5002 236 5061 stomi
249 5000 330 5060 dictis
347 4999 482 5079 arguitur,
499 5021 582 5080 prope
596 5002 742 5062 caesaream
755 5008 831 5066 sedes
846 5009 902 5068 ha-

156 5094 246 5167 bebtt,
261 5093 376 5153 invisere
389 5092 485 5154 soluit.
502 5092 570 5151 Huic
584 5114 647 5153 vero
661 5097 750 5154 literas
761 5099 798 5157 ael
810 5100 901 5160 Tran-

157 5187 304 5265 quillinum
322 5185 399 5246 dedit
420 5188 536 5247 loannes
555 5198 659 5259 noster,
683 5208 763 5266 quem
778 5192 902 5252 hortatur·

157 5291 187 5337 ut
198 5279 339 5340 &leucum
349 5277 465 5357 benigne
475 5276 604 5358 excipiat.
618 5277 825 5358 Tranquillinus
836 5304 901 5345 rcro

961 2142 1077 2205 litudine
1090 2160 1229 2226 tamquam
1240 2148 1358 2229 inportu
1368 2149 1488 2225 securi,
1501 2172 1534 2211 ae
1546 2152 1636 2212 morbi
1648 2175 1707 2213 ma·

961 2235 1103 2317 lommque
1120 2238 1248 2317 reliquias
1262 2239 1362 2300 sensim
1380 2239 1525 2323 depellere.
1545 2244 1705 2306 Amicorum

960 2329 1093 2408 siquidem
1106 2352 1154 2412 per
1167 2332 1259 2391 literas
1270 2332 1433 2394 consortium
1447 2354 1540 2396 omnes
1551 2336 1706 2419 abstergere

961 2419 1104 2481 ridebatur
1114 2423 1204 2483 exsilii
1215 2423 1358 2487 molestias.

1002 2514 1143 2596 Episcopis
1159 2516 1238 2576 etiam
1251 2518 1372 2598 scripsit,
1387 2517 1435 2597 qui
1446 2540 1497 2600 pro
1507 2535 1594 2581 suaet
1608 2522 1703 2585 Eccle-
1712 2534 1747 2596 Bp

960 2603 1007 2663 sire
1016 2626 1096 2666 causa
1107 2608 1222 2684 stabant,
1235 2609 1365 2668 nimirum
1376 2610 1473 2681 Lucio,
1487 2600 1571 2685 ldari,
1585 2597 1747 2720 Eulogiog

960 2695 989 2755 in
1013 2698 1153 2759 Palaestina
1167 2700 1313 2782 episcopo,
1335 2702 1432 2762 loanni
1454 2705 1701 2788 ierosolymitano.

962 2789 1117 2850 Theodosio
1132 2791 1367 2873 scythopolitano,
1380 2808 1408 2853 et
1420 2797 1510 2878 Moysi
1515 2819 1600 2878 ;quos
1610 2799 1703 2861 horta·
1713 2805 1747 2851 Ν

962 2895 1007 2941 tur
1021 2896 1052 2942 ut
1069 2884 1097 2943 in
1112 2883 1205 2944 eadem
1215 2884 1299 2945 animi
1315 2886 1443 2948 firmitate
1453 2906 1634 2970 perseverent.
1650 2879 1747 2956 tta-¹⁰

961 2974 1064 3056 logium
1081 2997 1163 3053 vero,
1184 2977 1212 3037 in
1228 2978 1370 3039 Palaestina
1388 2979 1562 3062 episcopum,
1582 3006 1707 3046 summo·

961 3086 1023 3146 pete
1033 3067 1164 3142 celebrat,
1175 3068 1222 3148 qni
1234 3068 1329 3147 quavis
1338 3070 1404 3129 tuba
1416 3070 1516 3132 clarius
1526 3076 1601 3155 apud
1613 3097 1707 3138 ornnes

961 3159 1110 3220 Orientalss
1127 3174 1154 3220 et
1174 3182 1257 3240 quam
1278 3160 1435 3241 longissime
1455 3163 1565 3226 dissitos
1584 3167 1707 3229 homines

961 3251 999 3310 rei
1012 3253 1151 3312 veritatem
1164 3254 1358 3334 promulgaret.
1374 3254 1520 3334 Eulogium
1533 3272 1636 3338 umen,
1652 3263 1707 3322 ce·

961 3365 1043 3405 sareas
1055 3346 1083 3406 in
1097 3346 1238 3407 Palaestina
1249 3346 1421 3427 episcopum,
1435 3348 1543 3409 inducit
1556 3351 1704 3428 Palladius,

961 3438 1036 3516 quasi
1057 3438 1203 3520 Theophili
1223 3438 1402 3498 Alexandrini
1416 3453 1504 3520 partes
1517 3457 1663 3505 sectantem
1678 3460 1705 3506 et

960 3552 1053 3610 aspera
1064 3552 1177 3610 quaeque
1186 3531 1407 3590 molientemh'ed
1420 3532 1462 3591 vel
1473 3533 1543 3593 alius
1555 3536 1702 3601 Palaestine

960 3629 1101 3705 episcopus
1111 3624 1154 3683 hic
1165 3623 1297 3704 Eulogius
1310 3625 1408 3700 fuerit,
1419 3625 1462 3686 rel
1471 3627 1494 3686 si
1505 3626 1578 3689 idern
1590 3630 1648 3712 ipse
1657 3633 1702 3707 sit,

959 3717 987 3777 in
999 3719 1139 3777 adversam
1153 3731 1258 3798 partem
1271 3731 1361 3798 postea
1375 3719 1512 3779 transiisse
1524 3736 1641 3804 oportet.

1000 3809 1130 3868 Ateneris
1143 3808 1221 3867 annis
1234 3808 1351 3868 amicum
1362 3808 1479 3871 habehat
1491 3813 1701 3895 Chrysostomus
1725 3833 1746 3879 n

958 3900 1144 3975 Theodorum,
1159 3902 1205 3980 qui
1220 3916 1284 3961 tunc
1295 3903 1466 3981 Mopsuestia
1480 3907 1625 3987 episoepus
1637 3925 1700 3985 erat,
1710 3899 1746 3943 δ’

958 3993 1080 4073 nihilque
1093 4014 1146 4054 non
1161 3994 1271 4074 agebat,
1286 4008 1315 4054 ιιι
1329 3994 1515 4076 chrysostomi
1529 4019 1641 4061 cauum
1650 3972 1746 4066 dea

957 4083 1076 4145 tenderet
1094 4106 1126 4144 ac
1140 4099 1330 4166 propugnaret.
1357 4086 1428 4147 Huic
1444 4089 1586 4169 epistolam
1606 4098 1700 4173 (119)

958 4177 1031 4236 misit
1043 4177 1267 4259 chrysostomus,
1283 4178 1376 4258 illique
1394 4194 1422 4239 ut
1434 4181 1490 4260 jam
1505 4183 1613 4262 pridem
1627 4201 1654 4247 et
1665 4189 1700 4248 ab

958 4269 1034 4330 initio
1053 4270 1104 4329 sihi
1119 4284 1182 4330 noto
1196 4271 1295 4348 gratias
1309 4275 1376 4352 agit,
1391 4271 1568 4354 hortaturque
1585 4291 1612 4337 et
1625 4280 1699 4339 obre·

958 4376 1014 4422 crat
1025 4362 1102 4421 illum
1118 4378 1147 4422 ut
1160 4364 1283 4423 eamdem
1299 4385 1360 4445 erga
1372 4386 1401 4424 se
1412 4366 1551 4427 cariutem
1570 4385 1700 4451 perpetuo

957 4456 1089 4536 vigentem
1113 4457 1233 4516 retineat.
1254 4457 1332 4516 circa
1352 4456 1421 4516 banc
1441 4459 1583 4538 epistolam
1604 4464 1700 4544 aliqua

957 4548 1130 4628 insurgebant
1143 4549 1328 4626 difficultates,
1341 4572 1408 4628 quas
1421 4551 1522 4612 videsis
1537 4558 1564 4613 in
1580 4558 1653 4617 nous
1665 4557 1701 4619 ad

958 4642 1076 4700 Tomum
1089 4643 1143 4713 tlt,
1159 4664 1187 4722 p.
1204 4643 1276 4716 655,
1291 4656 1317 4700 et
1331 4643 1359 4701 in
1374 4644 1462 4703 Tomo
1477 4647 1531 4722 Vl,
1547 4668 1575 4728 p.
1590 4649 1662 4713 550.

998 4732 1133 4812 Epistulas
1146 4733 1272 4793 etiamad
1286 4733 1354 4793 alios
1368 4734 1439 4794 misit
1451 4736 1611 4820 episcopos,
1627 4748 1700 4802 Ana·

958 4825 1054 4884 tolium
1071 4825 1188 4896 Adana,
1204 4826 1336 4886 Rufinum
1352 4826 1416 4886 item
1430 4829 1610 4912 episcopum,
1625 4837 1701 4917 cujus

957 4939 1020 4977 vcro
1036 4919 1088 4978 loci
1103 4919 1230 4988 nescitur,
1248 4918 1284 4978 ad
1296 4919 1439 4979 Urbicium
1451 4936 1480 4980 et
1491 4924 1619 5004 Bassum,
1640 4951 1699 5010 per·

956 5008 1017 5069 inde
1037 5014 1189 5089 ignotorum
1209 5011 1329 5069 locorum
1343 5011 1497 5092 episcopus,
1520 5017 1555 5076 ad
1576 5022 1698 5104 Porphy.

956 5103 1027 5161 rium
1043 5103 1126 5193 llhosi
1147 5103 1310 5183 episcopum.
1333 5105 1456 5164 Anatolio
1476 5105 1542 5167 dicit
1562 5113 1636 5191 (111
1650 5120 1661 5190 )
1673 5136 1701 5175 se

956 5197 1115 5277 comperisse
1134 5196 1222 5275 ipsum
1236 5216 1279 5271 se,
1301 5195 1362 5254 licet
1376 5195 1412 5255 de
1423 5199 1491 5258 facie
1508 5200 1562 5261 sibi
1579 5225 1634 5266 non
1654 5229 1701 5268 no·

958 5301 1026 5360 tum,
1042 5287 1148 5350 ardenti
1160 5307 1250 5351 amore
1262 5287 1405 5369 prosequi,
1418 5302 1566 5372 optareque
1576 5317 1701 5380 congres-
