3714 5970
585 433 676 483 rure
701 431 834 480 nuruum
859 429 1061 480 unornane.
1540 406 1607 508 159

54 558 253 634 cumbentern,
266 577 322 619 eta
337 558 531 640 chrysostomo
544 557 674 618 laudibus
687 557 808 618 celebra·
861 555 1005 616 militarem
1030 553 1244 636 indignationem
1253 568 1449 636 compesceret,
1467 556 1608 636 postulans

57 665 111 710 tam
130 675 139 710 ε
158 650 471 732 constantinopolitanos
489 649 526 710 ob
543 649 672 713 circensia
687 664 713 709 et
731 649 808 708 thea-
862 663 955 709 utnon
971 648 1115 728 culparum
1129 647 1230 720 modo,
1245 647 1382 708 sedetiam
1396 650 1607 708 rectefactorum

57 744 137 804 trafia
148 738 303 825 spectacula
317 742 476 824 gravissime
489 743 654 824 increpatos,
669 755 806 823 optantes,
861 740 990 801 rationem
1015 739 1161 813 haberent;
1186 761 1248 799 narn
1271 762 1321 821 pro
1345 740 1401 800 illis
1412 741 1536 820 ‘gratiam
1555 741 1608 823 ipsi

58 836 113 895 imo
135 836 265 895 instantes
280 834 355 917 apud
368 835 593 915 Chrysostomum
615 847 645 893 ut
657 854 686 894 se
706 832 808 892 talibus
861 831 995 908 babebat,
1019 832 1042 892 si
1066 831 1134 911 quid
1148 853 1212 892 vero
1231 854 1307 892 secus
1327 833 1454 906 fecisset,
1478 847 1607 913 tanquam

57 943 113 988 tam
127 928 233 988 acerbis
252 927 363 988 monitis
381 926 419 987 ad
433 940 532 988 rectam
550 926 624 987 viam
643 923 807 985 deduceret:
862 923 966 985 bomini
977 926 1030 1007 ipsi
1045 925 1208 1005 ignoscebat.
1225 927 1294 986 Cum
1306 940 1395 986 autem
1405 927 1447 986 itti
1458 926 1493 986 de
1503 928 1608 1008 integro

58 1020 195 1096 Gottbos,
214 1020 295 1102 jussu
313 1021 371 1101 ejus
393 1018 522 1080 Gottbice
543 1019 698 1100 Scripturas
712 1017 807 1097 legen·
862 1032 986 1097 urgerent
998 1012 1034 1077 ad
1046 1017 1198 1077 uindictam
1212 1016 1269 1077 taesi
1282 1017 1473 1098 imperatoris,
1488 1018 1609 1079 daman-

56 1128 98 1173 ιω
114 1129 142 1174 et
157 1114 287 1176 Gotthice
301 1111 491 1193 predicantes.
514 1113 576 1173 Janr
592 1132 658 1172 vero
672 1109 707 1170 ad
722 1109 808 1170 tristia
862 1121 920 1182 tes,
937 1109 1107 1184 exsilientes,
1118 1109 1153 1167 ad
1168 1109 1297 1169 ultionem
1312 1108 1503 1190 deposcentes,
1519 1110 1609 1172 hastas

57 1206 202 1280 ducimur,
216 1227 275 1285 quae
289 1219 321 1265 ut
332 1205 434 1266 clarius
444 1224 626 1285 exponamus,
641 1203 724 1263 altius
735 1222 809 1285 repe·
861 1202 1021 1264 vibrantes:
1038 1217 1175 1262 tumvero
1191 1203 1276 1262 sontes
1295 1202 1608 1283 lacrymarumclemen-
1726 1256 1728 1260 .

58 1297 139 1357 tenda
155 1311 258 1358 resest.
863 1294 975 1364 tissimis
996 1296 1054 1356 suis
1077 1295 1165 1355 oeulis
1195 1294 1356 1370 effundens,
1383 1310 1410 1357 et
1434 1311 1609 1359 sacrosanctae
1710 1304 1714 1309 ’

10 1406 49 1465 qn
99 1389 253 1470 Eutropius
266 1387 407 1450 eunuchus
426 1388 512 1469 gratia
526 1389 600 1469 apud
617 1388 811 1470 hperatorem
863 1389 1610 1472 mensae,adquamconfugerat,refigionemillisincu-

10 1500 12 1508 ⁸
59 1482 209 1542 Arcadium
222 1481 375 1563 plurimum
392 1479 518 1554 valebat,
538 1481 649 1560 ejusque
662 1478 774 1539 consilio
783 1493 810 1539 et
867 1482 948 1558 tiens,
960 1503 1031 1562 agre
1042 1481 1148 1542 tandem
1162 1482 1229 1541 iram
1241 1503 1334 1542 eurum
1346 1481 1459 1543 sedavit.
1474 1469 1500 1538 r¹

10 1560 472 1653 manetoritatequnquemaxima
485 1571 597 1654 lmperii
610 1575 715 1652 negotia
728 1592 811 1652 gere-
903 1575 945 1634 Eo
967 1576 994 1633 in
1015 1588 1087 1634 statu
1115 1596 1156 1634 res
1178 1589 1271 1651 erant,
1295 1595 1358 1633 cum
1378 1574 1608 1656 Chrysostomus,

10 1671 38 1763 *3
57 1670 167 1731 bantur.
193 1670 222 1729 Is
243 1691 308 1729 cum
327 1669 440 1731 ,loannis
460 1667 647 1751 Chrysostomi
668 1668 696 1727 in
718 1667 810 1728 sedern
863 1670 957 1751 paucis
971 1684 1113 1751 postquam
1134 1669 1284 1751 Eutropius
1305 1671 1331 1729 in
1354 1671 1494 1730 ecclesiam
1511 1671 1611 1733 confu-

10 1749 14 1762 *
40 1747 385 1842 ‘constantinopolitanam
397 1758 575 1840 promovendi
586 1773 681 1820 auctor
693 1759 807 1834 fuisset,
864 1777 939 1844 gerat
959 1763 1077 1838 diebus,
1097 1763 1124 1821 in
1146 1761 1239 1823 eadem
1253 1762 1366 1823 ecelesia
1387 1763 1543 1824 concionem
1561 1763 1614 1823 ha·.

58 1855 136 1915 initio
155 1854 218 1935 ejus
231 1852 342 1912 monitis
356 1851 518 1934 placitisque
538 1850 613 1912 haud
623 1873 695 1933 agre
707 1872 810 1912 morem
863 1855 934 1929 buit,
948 1869 1077 1936 praesente
1091 1856 1224 1937 Eutropio
1238 1871 1263 1916 et
1279 1857 1419 1916 innumera
1432 1857 1529 1938 populi
1541 1858 1613 1918 mul·

58 1948 177 2028 gerebat.
194 1943 377 2025 Subindequc
398 1958 566 2005 accrescente
587 1944 727 2025 potentia,
746 1965 810 2004 curn
863 1946 995 2019 titudine,
1010 1966 1071 2025 quae
1083 1947 1119 2007 ad
1131 1961 1187 2006 tam
1200 1946 1338 2029 singulare
1350 1949 1534 2027 spectaculum
1544 1967 1611 2010 oon·

58 2040 124 2101 altos
136 2039 254 2121 spiritus
272 2037 457 2112 assumsisset,
478 2058 532 2107 non
555 2035 700 2096 desistebat
719 2035 812 2118 Chry·
863 2037 993 2099 fluxerat.
1016 2041 1148 2100 lntercos
1168 2039 1246 2097 multi
1262 2052 1355 2110 erant,
1376 2039 1421 2117 qui
1443 2040 1645 2120 Eutropiumur
1681 2106 1684 2113 Ι

58 2151 214 2205 ennomus,
237 2133 285 2194 sed
301 2132 409 2193 dicebat
426 2132 470 2192 illi
488 2132 618 2214 fugitivas
629 2153 686 2192 esse
697 2130 811 2195 divitias
863 2132 1076 2206 aversabantur,
1098 2133 1244 2214 ipsumque
1264 2133 1400 2194 militibus
1422 2133 1492 2193 tradi
1513 2132 1613 2194 debere

59 2231 236 2312 fragilemque
247 2229 394 2311 potentiam
407 2227 573 2288 saecularem.
586 2227 640 2288 llio
650 2241 741 2288 autern
752 2249 811 2288 rem
864 2223 1015 2286 censebant.
1029 2225 1081 2285 Hie
1094 2225 1193 2285 oratori
1213 2239 1304 2285 nostro
1323 2216 1528 2306 extemporanea
1544 2245 1613 2286 ora-

59 2345 126 2403 egre
136 2324 255 2393 ferente,
267 2320 385 2382 addebat
397 2323 426 2382 S.
441 2320 554 2394 doctor,
570 2320 655 2399 sequi
666 2334 808 2401 argueret,
863 2317 936 2377 tione
955 2339 1024 2399 opus
1044 2319 1115 2393 fuit,
1130 2338 1190 2396 quae
1208 2331 1296 2378 tamen
1316 2319 1386 2378 inter
1401 2318 1614 2400 elegantissimas

59 2441 119 2479 vere
131 2418 276 2493 amicum,
291 2431 455 2496 caeterosque
468 2416 515 2496 qui
530 2429 604 2497 gesta
618 2415 705 2496 ipsius
715 2404 810 2475 lauda·
864 2412 1044 2494 computanda
1061 2427 1110 2475 est.
1133 2415 1193 2474 Non
1208 2412 1291 2473 semel
1308 2413 1473 2494 Eutropium
1490 2413 1613 2497 compel—

62 2525 135 2584 rent,
145 2509 305 2570 adulatores
315 2529 381 2568 esse.
393 2509 543 2591 Eutropius
555 2530 620 2568 vero
632 2529 689 2568 rem
699 2508 811 2588 indigne
864 2507 920 2586 lat,
936 2523 962 2568 et
972 2510 1073 2570 monita
1085 2510 1120 2569 ab
1133 2531 1162 2569 re
1178 2509 1227 2591 ipsi
1244 2508 1307 2569 data
1320 2509 1347 2570 iu
1362 2523 1478 2571 mentem
1492 2524 1612 2587 morat,

61 2603 137 2680 tulit,
152 2624 186 2663 ac
197 2599 297 2662 deinde
313 2601 508 2682 Chrysostomo
523 2601 728 2662 adversabatur.
863 2601 928 2662 bine
942 2601 978 2662 ad
992 2602 1127 2683 populum
1145 2603 1331 2678 convertitur,
1347 2623 1428 2681 quem
1442 2616 1473 2662 ut
1486 2601 1522 2664 ad
1535 2623 1611 2663 com-

96 2698 171 2757 lnter
184 2695 242 2755 alia
256 2715 342 2770 vero,
356 2715 419 2772 quae
432 2707 528 2774 praeter
538 2693 727 2775 chrysostomi
747 2714 811 2753 con·
864 2694 1062 2754 miserationem
1076 2695 1221 2776 compellat
1232 2694 1381 2776 ,Eutropii
1394 2696 1529 2755 fortunam
1541 2717 1612 2776 prrae-

62 2789 150 2848 sifium
164 2803 193 2849 et
208 2786 379 2848 voluntatem
389 2785 543 2866 designavit
552 2785 713 2867 Eutropius,
725 2785 812 2865 legem
863 2787 986 2859 teritum,
998 2786 1137 2866 praesentis
1151 2806 1214 2845 vero
1231 2773 1430 2869 deplorandum
1443 2807 1536 2847 casum
1556 2800 1612 2847 tarn

62 2883 120 2942 ferri
136 2881 265 2952 curavit,
280 2893 309 2938 ut
319 2879 390 2961 asyli
403 2892 429 2939 et
441 2877 620 2939 immunitatis
632 2879 679 2958 jus
692 2877 812 2938 ecclesiis
864 2879 934 2961 aptis
949 2880 1041 2938 verbis
1059 2877 1298 2960 repraesentat-,ut
1310 2879 1355 2939 vcl
1368 2879 1546 2941 ferocioribus
1565 2879 1612 2941 la-

63 2975 211 3035 tolieretur.
228 2974 334 3034 Verum
348 2970 379 3031 id
392 2970 440 3030 ille
457 2971 485 3030 in
499 2970 597 3052 capitia
610 2969 652 3030 sui
664 2969 811 3052 perniciem
864 2992 971 3052 crymas
980 2984 1128 3032 excuteret.
1229 3027 1234 3033 .

63 3067 171 3127 molitus
191 3078 242 3127 ast.
267 3063 337 3124 Cum
360 3064 432 3123 enim
455 3076 549 3144 postea
571 3076 734 3123 accresceret
758 3061 812 3122 sibi
905 3064 1013 3147 Elapsis
1032 3066 1176 3147 posthanc
1196 3064 1318 3126 habitam
1338 3066 1495 3128 concionem
1508 3067 1612 3146 ahquot

19 3213 24 3227 .
63 3161 133 3243 apud
142 3163 341 3242 imperatorem
355 3158 461 3238 gratia,
477 3156 588 3217 Patricii
601 3177 698 3217 nomen
709 3170 734 3217 et
746 3178 812 3218 con-
863 3156 977 3233 diebus,
995 3155 1144 3240 Eutropius
1158 3171 1188 3217 ut
1201 3157 1375 3219 inimicorum
1394 3159 1523 3220 excubias
1537 3159 1613 3220 falle·

62 3254 177 3313 sulatum
189 3250 258 3311 anni
282 3249 615 3330 undequadringaatasimi
632 3264 812 3329 consequutus
864 3262 906 3311 ret
917 3270 1026 3329 seseque
1036 3250 1197 3331 proriperet,
1208 3249 1243 3309 ab
1251 3250 1360 3311 ecelesia
1372 3251 1492 3331 aufugit.
1506 3254 1614 3316 Verum

62 3361 104 3408 eet.
125 3347 199 3419 Qua
219 3365 264 3404 rea
280 3343 376 3403 multis
389 3341 541 3423 displicuit.
566 3340 689 3402 Tandem
713 3342 811 3402 Tribi-
864 3355 977 3422 captus,
1000 3355 1081 3420 atque
1102 3342 1129 3400 in
1144 3342 1266 3422 Cyprum
1287 3342 1438 3420 relegatum
1461 3341 1613 3423 deindeque

62 3439 147 3518 gildus
160 3435 295 3497 triturans
305 3434 376 3494 clam
390 3435 496 3497 favente
508 3434 613 3506 Gaina,
633 3449 725 3495 ooacta
736 3435 812 3494 mili·
865 3432 939 3493 baud
951 3433 988 3493 ita
1007 3431 1094 3493 multo
1108 3433 1199 3513 elapso
1215 3447 1336 3513 tempore
1350 3431 1549 3494 Chalcedonam
1562 3434 1612 3494 ad„

62 3544 113 3590 tum
124 3550 241 3591 manna
259 3526 436 3587 formidoloso
451 3527 578 3608 Principe
590 3527 709 3588 Arcadio
724 3528 812 3610 impe-
864 3525 964 3586 dinetus
977 3539 1004 3587 et
1018 3527 1179 3602 damnatus,
1195 3525 1282 3607 capite
1293 3528 1389 3607 plexus
1402 3542 1450 3589 est.
1510 3568 1514 3578 ·
1544 3532 1556 3550 ²

62 3624 153 3695 travit,
164 3634 201 3695 ut,
213 3618 303 3702 grado
316 3614 479 3700 dejiceretur
496 3620 667 3701 Eutropius:
683 3621 732 3700 qui
749 3642 811 3683 cum
906 3619 965 3679 Vix
982 3617 1081 3700 elapsis
1098 3616 1206 3677 duobus
1220 3631 1279 3698 post
1293 3616 1421 3699 Eutropii
1433 3618 1526 3699 fugam
1547 3612 1610 3678 die-
1620 3625 1754 3689 masto

64 3711 254 3794 Trrbigildum
272 3710 393 3790 aliosque
413 3711 449 3771 ad
463 3733 554 3772 necem
572 3713 626 3772 sibi
644 3712 810 3775 inferendam
865 3709 919 3769 hus
933 3711 1088 3770 concionem
1107 3708 1188 3768 aliam
1206 3707 1302 3767 hahuit
1317 3708 1546 3790 Clrrysostomus,
1562 3710 1612 3770 utri
1810 3722 1814 3727 '

64 3821 166 3886 paratos
181 3818 320 3878 cerneret,
336 3803 364 3862 in
381 3804 537 3877 ecclesiam,
551 3804 625 3884 quod
637 3805 748 3865 unicum
759 3807 812 3867 sibi
867 3802 1012 3882 premissis
1026 3801 1191 3881 quibusdam
1213 3801 1249 3861 de
1268 3801 1382 3863 utilitate
1397 3803 1517 3863 lectionis
1535 3794 1612 3865 divi-

10 3899 220 3979 trttrperfugium
240 3909 397 3978 supererat,
413 3917 442 3956 se
455 3896 565 3978 recepit.
579 3896 752 3978 Tribigildus
765 3920 813 3958 au·
867 3915 963 3955 narum
976 3896 1197 3977 scripturarum,
1214 3894 1349 3955 obsessam
1374 3895 1467 3976 paucis
1480 3909 1541 3969 ante
1552 3895 1612 3956 die·

71 4008 157 4053 temet
173 3991 280 4052 militer
290 3993 367 4072 jussa
386 3990 557 4072 imperatoris
577 3991 688 4052 Arcadii
707 4013 763 4073 prae
785 4014 814 4053 se
865 3988 1160 4050 husreclesiamfuisse
1172 4001 1465 4068 narrat,nequetamen
1479 3989 1610 4050 traditum

75 4087 199 4157 ferentes,
211 4099 243 4144 ut
256 4083 310 4143 sibi
321 4082 470 4164 Eutropius
482 4082 634 4144 traderetur
645 4083 813 4161 insistebant,
866 4085 984 4146 inimicis
996 4085 1158 4165 Eutropium
1168 4128 1178 4156 ,
1194 4083 1241 4162 qui
1251 4129 1259 4154 ,
1270 4084 1294 4143 si
1307 4084 1445 4144 ecelesiam
1461 4105 1514 4144 non
1529 4083 1610 4151 dese·

10 4190 12 4221 ³
77 4178 206 4238 etstrimm
216 4175 318 4257 gladiis
330 4175 358 4234 in
366 4176 505 4236 aeclesiam
517 4177 669 4258 irrumpere
676 4176 812 4237 volebant.
868 4179 983 4253 ruisset,
995 4191 1090 4256 captus
1104 4197 1250 4254 numquam
1264 4177 1368 4236 fuisset.
1382 4178 1499 4237 Fluxam
1511 4178 1609 4239 iterum

10 4244 17 4359 ιιι
79 4270 169 4330 lerum
182 4268 320 4351 inuepide
334 4268 441 4329 obstitit
456 4269 683 4352 Chrysostomus,
696 4271 813 4352 fugitivo
866 4271 1047 4331 humanarum
1065 4268 1223 4329 facultatum
1245 4267 1459 4346 divitiarumque
1478 4267 1610 4330 conditio·

15 4366 21 4439 Ἰ
83 4363 181 4422 eeclesia
195 4362 306 4444 asylum
320 4374 476 4421 tutumesse
490 4360 587 4421 debere
599 4360 702 4422 dicens.
866 4384 927 4422 nem
951 4361 987 4423 ob
1016 4361 1111 4421 oculos
1143 4360 1245 4441 ponit:
1272 4357 1468 4438 desertumque·
1482 4358 1551 4422 dicit
1573 4360 1610 4422 ab

20 4496 23 4503 -
113 4456 179 4514 hicet
192 4469 284 4514 autem
303 4452 332 4513 id
346 4452 422 4535 apud
440 4453 600 4535 scriptorem
617 4454 724 4515 nullum
739 4454 813 4515 fera·
867 4453 975 4528 amicis,
996 4452 1226 4524 adomesticis,a
1245 4450 1361 4510 fortunis
1374 4451 1499 4513 omnibus
1508 4453 1609 4514 Eutro-

22 4534 27 4603 i
89 4546 487 4628 tur,verisimileeetipsumvel
500 4532 813 4628 imperatoremadiisse,
867 4546 955 4627 pium.
983 4545 1135 4623 Multisque
1159 4542 1261 4602 additis
1285 4542 1320 4602 de
1343 4564 1408 4603 vero
1433 4543 1610 4626 legitimoque

10 4635 20 4733 ’ί
92 4638 121 4694 rel
130 4638 158 4698 ad
171 4640 262 4721 ipsum
275 4640 432 4721 quempiam
446 4639 552 4701 misisse
565 4655 703 4721 rogantem
715 4654 746 4699 ut
761 4639 813 4699 mi·
866 4638 1025 4698 divitiarum
1041 4635 1269 4712 usu,dcquerita
1285 4635 1418 4716 presenti,
1433 4658 1513 4728 quam
1525 4642 1610 4720 *perc-

10 4792 26 4823 5
95 4725 148 4790 litum
164 4733 280 4793 furorem
294 4745 485 4813 compesceret.
499 4733 587 4809 Nam,
600 4747 631 4792 ut
644 4734 701 4815 ipse
718 4732 812 4815 Chry·
867 4730 1044 4812 grinationem
1057 4749 1113 4789 esse
1126 4742 1331 4804 commonstrat,
1353 4727 1388 4788 ad
1403 4728 1530 4790 Ecclesiae
1544 4730 1607 4790 lau-

30 4808 35 4865 ῗ
98 4834 196 4884 memus
213 4826 242 4884 in
258 4823 310 4884 hac
322 4823 451 4884 concione
467 4823 555 4900 dicit,
578 4827 747 4907 Imperator,
765 4825 813 4904 qui
866 4822 915 4883 des
930 4823 1044 4896 transit,
1063 4821 1177 4902 ejusque
1196 4821 1305 4900 nuptias
1324 4842 1386 4881 curn
1401 4821 1509 4882 Christo
1523 4822 1610 4904 pluri·

10 4882 39 5015 :³2
101 4913 162 4973 ⁵htim
172 4916 293 4976 mandata
310 4914 421 4976 dederat
436 4931 465 4976 ut
478 4916 627 4998 Eutropius
642 4916 811 4990 traderetur,
866 4917 919 4977 bus
932 4916 1118 4998 prosequitur,
1134 4915 1185 4974 boc
1196 4915 1347 4992 frequenter
1357 4936 1423 4992 usus
1435 4916 1533 4974 Psalmi
1544 4920 1609 4995 quai

10 4984 172 5105 ‘iturarum
190 5008 337 5081 sententia;
359 5034 371 5060 a
392 5007 538 5086 Postquam
555 5008 681 5088 cognovit
695 5029 757 5067 eum
778 5006 812 5067 ad
866 5009 1011 5089 dragesimi
1028 5008 1117 5088 quarti
1140 5007 1295 5082 versiculo,
1314 5007 1442 5068 Adstitit
1461 5016 1565 5090 regina
1588 5031 1608 5070 ιι

39 5120 44 5155 ι
104 5094 176 5172 a⁵]hm
187 5100 638 5182 emfesiaesercrcpisse,affluente
651 5103 770 5163 exercitu
786 5115 813 5163 et
866 5104 977 5163 dextris
996 5106 1054 5163 tuis
1074 5109 1107 5161 in
1126 5105 1235 5161 uestitu
1256 5103 1415 5179 deaurato,
1429 5113 1481 5162 etc.
1508 5101 1609 5163 [lehre

105 5192 309 5280 fttttitatoobejus
317 5193 447 5270 crimina,
458 5194 813 5277 deposcentequebominem
866 5209 1001 5279 postrema
1012 5192 1132 5254 homilia
1147 5207 1222 5276 parte
1235 5192 1392 5254 sententiam
1410 5208 1528 5256 nostram
1538 5194 1610 5256 dixi-

10 5246 38 5292 ¹
105 5275 301 5370 supplicium,
327 5288 437 5370 longam
456 5287 554 5351 babuit
572 5288 738 5369 orationem,
759 5311 812 5370 qua
867 5309 929 5349 mus
943 5286 1097 5349 inhfonito.
