3750 6052
715 508 759 559 nn
785 511 815 560 s.
845 510 980 561 καιτοι
1005 508 1190 559 euersosr.
1659 485 1730 559 διδ

159 625 205 686 καί
219 624 260 687 ἀει
274 627 296 688 ιί
312 627 359 689 καί
375 631 427 690 τῶν
446 629 533 691 ἀλλων
553 632 725 714 ίερουργεῑται
738 634 856 716 κεφαλή,
871 635 929 694 ἀλλ’
939 676 975 714 „¹
986 632 1048 692 dem
1062 646 1150 692 tamen
1164 630 1270 712 legibus
1292 651 1349 691 esse
1367 631 1537 713 subjectum
1548 643 1575 691 et
1592 629 1654 709 licet
1667 632 1729 693 eliis

159 710 202 777 ούν
225 720 270 780 καί
292 720 370 787 αὒτδς
389 721 440 782 tet
464 721 569 791 τούτους
591 725 663 784 τελιῖ
683 720 742 795 τούς
756 726 869 804 νόμως,
883 727 929 786 καί
948 731 967 777 Α
988 726 1117 806 imperet,
1140 725 1191 784 sub
1211 724 1280 803 legis
1297 723 1412 805 imperio
1427 745 1492 786 esse.
1509 724 1592 784 Tiara
1610 745 1728 805 namque

157 813 211 868 τῶν
227 811 314 871 ἀλλων
327 816 450 895 κρατῶν,
463 819 502 896 τῷ
518 816 591 898 νόμῳ
605 825 752 898 κρατεῖται.
763 817 835 878 Ἀλλ’
849 824 867 891 ἡ
881 816 928 896 μίν
985 827 1141 894 potestatem
1156 814 1326 895 designabat,
1340 829 1366 874 et
1379 836 1463 894 quam
1479 815 1581 895 ipsein
1594 816 1727 897 populum

158 902 237 983 τιόρα
248 904 296 975 τήν
308 905 425 973 έξουσίαν
436 904 542 978 έτύπου,
552 908 585 980 ἥν
598 932 628 968 τε
642 907 718 976 etet<
729 899 785 992 εἶχε
795 914 841 970 τοῦ
855 913 930 985 λαοῦ,
984 905 1112 978 babebat,
1120 920 1146 965 et
1161 927 1215 984 qua
1230 906 1277 966 ille
1288 910 1345 967 Deo
1358 908 1483 968 subditus
1495 898 1665 969 ferebatur.»

158 995 203 1052 καί
214 997 257 1075 ὑφ’
270 998 302 1068 ήν
319 999 394 1066 αύτδς
409 997 548 1078 ἀνεφέρετο
561 1004 606 1060 τοῦ
617 1004 697 1061 Θεοῦ.

200 1096 242 1154 Τὸ
257 1095 283 1156 δὲ
297 1096 409 1157 πέοολον
422 1098 453 1157 τὸ
470 1105 597 1178 χρυυοῦν,
614 1104 640 1161 ζν
653 1091 676 1183 ᾧ
690 1101 721 1162 τὸ
737 1102 820 1182 ὄνομα
840 1103 929 1164 emt.
1022 1095 1133 1151 «Anrea
1146 1092 1331 1168 recolamus,
1345 1093 1373 1152 in
1385 1115 1439 1173 qua
1451 1095 1502 1154 Dei
1512 1116 1609 1156 nomeu
1624 1095 1727 1156 inscnl-
1738 1107 1774 1153 1ο.
1786 1105 1825 1153 3ο.
1838 1108 1868 1156 36

157 1188 244 1245 λαττο
258 1195 304 1247 τοῦ
318 1193 402 1263 Θεοῦ,
414 1188 534 1250 ἐπέκειτο
548 1189 596 1268 μὲν
608 1196 645 1273 τῷ
659 1194 760 1268 στήθει,
770 1196 889 1274 φυλακῆς
901 1193 928 1253 ct
984 1199 1062 1266 ptum
1077 1199 1154 1262 erat,
1170 1185 1199 1248 in
1213 1201 1319 1268 pectore
1332 1200 1405 1261 eret,
1423 1203 1520 1269 typum
1533 1189 1620 1249 serens
1634 1203 1728 1251 custo-

157 1282 249 1359 ἐπεῖχε
269 1280 349 1340 τύπον
366 1286 417 1341 τῶν
432 1285 460 1341 έν
481 1282 578 1365 καρδία
597 1286 768 1363 κινημάτων,
781 1287 826 1346 καλ
840 1290 876 1354 ὡς
891 1288 930 1347 δεῖ
985 1276 1038 1335 θίίθ
1051 1277 1140 1338 fflsdls
1150 1291 1323 1354 ῐθθέθῦῐθνθῑ
1333 1279 1600 1360 (11¹⁰¹¹¹⁰d⁰⁰}t⁰r¹⁰‹'¹t
1613 1302 1658 1342 θθθ
1668 1282 1727 1341 1¹2⁰
1797 1285 1804 1295 ’

156 1377 241 1429 ταῦτα
261 1371 479 1451 καταρρυθμίζσιν
501 1378 534 1453 τῇ
553 1374 618 1454 πρὸς
638 1375 668 1435 τὸ
685 1382 752 1437 θυῖον
773 1378 858 1438 νούσου
882 1378 929 1437 χοὶ
983 1367 1079 1427 adDei
1099 1383 1194 1428 nutum
1209 1383 1301 1451 aptare
1312 1391 1343 1429 ac
1358 1371 1464 1430 referre.
1476 1372 1507 1430 In
1522 1370 1643 1431 humeris
1652 1386 1727 1433 erant

155 1472 302 1542 καταφορᾷ.
317 1463 382 1522 Ἐπί
401 1463 428 1524 δέ
444 1468 497 1523 τῶν
512 1463 592 1543 ὤμων
608 1468 760 1550 σμαράγδου
781 1471 850 1530 λίθοι
866 1471 926 1544 δύο,
983 1460 1119 1540 smaragdi
1134 1460 1190 1521 dno
1198 1507 1208 1535 ‚
1223 1482 1339 1540 quorum
1352 1462 1420 1521 alter
1432 1483 1481 1521 sex
1493 1463 1599 1536 tribus,
1615 1463 1727 1523 totidem

156 1551 259 1632 ἔχοντες
277 1554 324 1622 tle
343 1554 370 1624 ἓξ
389 1555 476 1635 ρυλλς
500 1559 627 1633 ἐντεῦθεν,
639 1561 685 1619 καὶ
698 1561 746 1627 τὰς
759 1559 786 1630 ἓξ
800 1563 926 1622 sonno„-
982 1553 1051 1614 alter
1066 1553 1230 1614 exhibebat:
1250 1567 1326 1615 erant
1345 1568 1434 1614 autem
1455 1554 1609 1635 symbolum
1627 1556 1729 1616 summi

155 1635 225 1703 οὗτοι
237 1645 264 1703 δὲ
276 1645 408 1724 σύμύολον
422 1639 491 1720 ήσαν
504 1653 552 1722 τῆς
565 1650 649 1730 όψτως
662 1656 710 1724 τῆς
728 1656 926 1733 ἀρχιερατικῆς,
944 1659 963 1706 Β
983 1647 1122 1707 Pontificis
1134 1647 1281 1729 praesentis.
1294 1647 1382 1711 llnbet
1394 1647 1466 1707 enim
1478 1646 1637 1727 smaragdus
1646 1661 1674 1707 et
1688 1647 1729 1709 ri·

152 1732 232 1816 Ἔχει
251 1736 334 1816 γδρή
350 1743 397 1811 τῆς
417 1740 572 1821 σμαράγδου
588 1746 674 1824 peppo<
697 1744 742 1802 καὶ
767 1746 926 1826 χλωρότητα
982 1737 1119 1798 riditatem
1143 1738 1282 1799 decentem
1304 1752 1331 1799 et
1351 1739 1498 1819 puritatem
1524 1737 1727 1820 splendentem,

153 1828 271 1906 εθπρεπῆ
280 1873 288 1902 ,
308 1830 353 1888 καί
373 1830 543 1911 καθαρότητα
563 1834 669 1912 διαυγῆ,
689 1836 836 1917 κατόπτρου
849 1837 926 1897 δόνα-
981 1832 1083 1912 specul'r
1097 1832 1153 1891 vim
1166 1833 1288 1892 reserens.
1303 1835 1418 1913 Oportet
1434 1830 1506 1891 enim
1523 1829 1694 1905 sacerdotem
1701 1845 1729 1892 et

154 1941 199 1993 μιν
215 1920 404 2000 ύποραίνουσα.
422 1922 474 1982 Καί
488 1923 540 2005 γάρ
554 1925 593 1983 δεῖ
606 1926 650 1985 τὸν
665 1926 738 2005 ἱερέα
753 1928 799 1987 καί
813 1927 926 2001 ἀσκήσει
981 1923 1010 1982 itt
1020 1923 1210 1983 exercitatione
1219 1924 1332 2003 vigilem
1341 1924 1514 2002 sobriumque
1523 1945 1595 1996 esse,
1607 1937 1633 1984 et
1643 1923 1729 1984 vitam

152 2009 256 2089 νήρειν,
271 2013 317 2071 καί
331 2014 375 2073 τὸν
388 2015 444 2094 βίον
460 2024 514 2084 τοῖς
524 2020 570 2076 ὑπ’
583 2018 661 2078 αθτδν
674 2017 766 2101 ὥσπερ
777 2020 925 2102 κάτοπτρον
981 2016 1099 2077 subditis
1112 2017 1170 2076 suis
1192 2018 1270 2096 quasi
1290 2015 1429 2096 speculum
1443 2016 1548 2076 offerre.
1572 2015 1640 2075 Erat
1664 2037 1728 2076 vero

154 2103 295 2183 παρέχειν.
313 2105 378 2166 Ἐπί
398 2112 449 2166 τῶν
471 2108 552 2186 ὤμων
572 2108 600 2170 δὲ
616 2117 633 2184 ἡ
649 2112 814 2193 σμάραγδος,
834 2115 925 2188 ἐπειδὴ
981 2108 1141 2185 smaragdus
1151 2110 1179 2169 in
1194 2108 1331 2183 humeris,
1346 2107 1409 2200 guia
1420 2128 1532 2187 operum
1546 2107 1654 2187 signum
1667 2119 1724 2166 ests

155 2194 274 2274 spolietur
295 2199 354 2257 ἐστι
367 2208 476 2277 σημεῖον
486 2219 493 2233 ·
505 2206 523 2272 ἡ
535 2201 588 2282 γδρ
601 2203 735 2283 πρακτική
749 2205 858 2283 δύναμις
873 2211 927 2267 τῶν
981 2202 1078 2282 agendi
1092 2201 1163 2261 enim
1176 2200 1295 2284 potentia
1316 2199 1352 2259 ab
1363 2197 1485 2259 humeris
1498 2198 1640 2280 dependet.
1662 2197 1727 2258 Ideo

155 2283 236 2360 ὤμων
249 2286 372 2368 ἤρτηται.
385 2291 434 2349 Διδ
446 2291 492 2350 καλ
506 2296 521 2351 δ
532 2294 600 2362 Θεὸς
610 2294 676 2375 πρὸς
688 2294 736 2369 τήν
751 2295 927 2379 Ἱιραιααλήμ
981 2295 1056 2355 Dens
1067 2293 1103 2353 ad
1115 2293 1264 2356 Jerusalem
1276 2291 1361 2352 dicit:
1375 2294 1525 2352 Pone·cor
1546 2304 1629 2352 tuum
1642 2305 1789 2372 super-ter.
1797 2305 1867 2354 star

156 2374 237 2457 λέγεθ’
246 2378 299 2447 θές
311 2380 359 2452 τὴν
375 2383 484 2463 καρδίαν
499 2407 545 2445 σου
560 2386 604 2445 ἐπὶ
616 2390 669 2445 τῶν
682 2387 764 2465 ὤμων
775 2377 831 2465 σού,
844 2389 926 2470 θύγα-
982 2390 1116 2447 humeros
1137 2401 1219 2460 tuos,
1233 2387 1307 2468 filiu
1327 2387 1474 2465 despecta,
1488 2388 1560 2463 puio
1583 2385 1727 2444 Dominus

162 2489 209 2548 τερ
224 2470 394 2552 ἧτιμωμένη,
408 2473 449 2533 δτι
461 2474 558 2556 Κύριος
577 2478 661 2548 κτίζει
678 2504 708 2540 σε
727 2483 763 2548 είς
778 2481 923 2561 σωτηρίαν.
980 2492 1062 2538 creat
1075 2493 1103 2539 te
1117 2480 1309 2539 adsalutem.
1324 2476 1432 2539 Etenim
1452 2497 1548 2535 manus
1562 2489 1589 2536 et
1602 2477 1727 2536 humeros

157 2558 210 2616 Kel
222 2559 272 2640 λᾶθ
283 2562 329 2630 el<
339 2573 429 2645 χεῖρας
441 2566 486 2626 καί
497 2567 556 2635 τοθς
565 2568 652 2647 ὤμους
664 2575 700 2637 τίς
710 2571 817 2653 πράξειε
828 2578 845 2647 ή
858 2574 927 2655 Γρα·
979 2592 1030 2651 pro
1041 2571 1194 2632 actionibus
1208 2571 1348 2651 Scriptura
1368 2568 1483 2649 accipit,
1494 2582 1525 2628 ut
1537 2589 1599 2627 curu
1620 2568 1655 2628 de
1668 2570 1725 2627 Da-

156 2650 191 2728 θλ
211 2652 351 2729 δθμθθνει·
365 2659 401 2722 ὡς
414 2656 476 2717 ὅταν
491 2659 556 2741 λέγῃ
573 2662 634 2742 περὶ
653 2671 698 2724 τοῦ
716 2665 807 2724 Δαυίδ·
820 2665 873 2725 Καὶ
897 2669 924 2725 έν
942 2683 961 2732 c
978 2662 1044 2722 vide
1063 2664 1141 2738 dicit,
1165 2666 1208 2724 Et
1228 2669 1261 2722 ιἰι
1274 2663 1428 2723 intellectu
1442 2681 1583 2721 manuum
1603 2682 1722 2722 suarum
1736 2671 1806 2722 Ριαι.
1823 2689 1862 2740 77.

154 2751 212 2809 ταῖς
238 2744 357 2806 συνέσται
375 2753 427 2807 τῶν
448 2756 545 2832 χειρῶν
565 2755 643 2813 αὐτοῦ
662 2754 799 2834 ὡδήγησεν
821 2756 922 2823 αὐτούς.
977 2756 1101 2816 deduxit
1117 2756 1194 2815 illos.
1210 2758 1318 2817 Inerant
1331 2753 1412 2813 etiam
1434 2752 1613 2813 inllationali
1632 2752 1659 2813 in
1673 2749 1806 2847 για-Ἀθά

155 2835 270 2905 Ἐνῆσαν
284 2837 312 2895 δὲ
331 2844 369 2918 τῷ
384 2841 465 2922 λογίῳ
478 2846 517 2922 τῷ
532 2845 575 2903 ἀτί
590 2849 636 2902 τοῦ
650 2845 762 2918 στήθους
775 2847 820 2907 καί
834 2851 858 2907 ol
873 2847 923 2908 δώ-
978 2860 1050 2907 ctore
1067 2847 1155 2928 posito
1169 2844 1313 2906 duodecim
1325 2842 1430 2925 lapides
1445 2843 1546 2924 aptati,
1560 2844 1608 2923 qui
1621 2844 1724 2906 duode·
1739 2871 1775 2918 ¹7·
1806 2835 1813 2849 ’

154 2929 217 2986 δεκα
230 2930 297 2990 λίθοι
312 2933 518 3012 ἐνηρμοσμένον,
538 2935 585 3003 τδς
601 2935 704 2998 δόνδεκα
723 2938 805 3019 ρυλδς
826 2943 924 3014 θποδη-
978 2938 1032 2998 cim
1052 2938 1145 2998 tribus
1158 2935 1355 3018 significabant.
1370 2935 1405 2995 Et
1420 2935 1499 2995 vide:
1516 2957 1601 3016 snpra
1614 2935 1725 3015 quidem

151 3019 330 3085 torrescunt
349 3022 475 3103 ύρκ·οίνω
490 3025 595 3103 ploxeni
610 3028 717 3087 έπίτῶν
732 3028 813 3106 ὤμων
826 3029 875 3107 μία
890 3022 922 3103 ήν
978 3042 1004 3088 et
1017 3029 1045 3088 in
1055 3028 1174 3089 humeris
1183 3050 1237 3088 una
1246 3042 1303 3088 erat
1315 3041 1409 3086 natura
1421 3026 1545 3108 lapidum
1557 3027 1726 3108 smaragdum
1836 3055 1843 3069 ·

154 3108 229 3187 φύσις
239 3113 292 3168 τῶν
306 3114 385 3171 λίθοιν
399 3119 415 3185 ή
436 3117 601 3197 σμάραγδος,
620 3119 693 3177 κάτω
706 3119 733 3178 δέ
753 3120 799 3179 καί
819 3122 863 3180 snt
877 3129 923 3183 τοῦ
978 3119 1046 3178 inira
1065 3141 1128 3180 roro
1147 3121 1214 3179 etin
1228 3133 1334 3200 pectore
1347 3118 1491 3179 duodecim
1505 3143 1512 3176 ι
1525 3141 1579 3198 qno
1598 3122 1724 3201 anigma-

155 3200 263 3271 σιήθους
275 3205 298 3261 σί
311 3204 427 3263 δώδεκα·
440 3209 620 3285 αἰνιττομένου
639 3215 684 3269 τῶ
695 3210 788 3289 λόγου,
801 3211 842 3270 ότι
857 3213 925 3271 ἀνω·
978 3212 1030 3271 tice
1044 3212 1249 3292 significabatur
1261 3256 1269 3283 ‚
1282 3231 1330 3270 nos
1352 3211 1481 3291 primitus
1502 3213 1537 3270 ab
1559 3234 1612 3273 una
1633 3235 1725 3274 omnes

154 3294 196 3348 θεν
213 3291 261 3368 μέν
276 3297 305 3352 ἐκ
319 3305 382 3370 μιᾶς
406 3298 520 3365 ἅπαντες
540 3300 706 3378 προήλθομεν
719 3301 835 3380 φύσεως,
848 3314 925 3382 erpot-
978 3303 1110 3384 prodiisse
1122 3318 1227 3371 natura,
1235 3322 1378 3383 progressu
1394 3323 1458 3362 vero
1471 3305 1598 3383 temporis
1608 3305 1725 3366 diversis

152 3378 225 3448 όντος
239 3383 267 3441 δέ
285 3391 330 3444 τοῦ
343 3385 437 3466 χρόνου
457 3389 591 3469 διαρόροις
605 3388 723 3469 γνόιμαις
737 3393 938 3473 έμερίσθημεν·ι
978 3395 1152 3475 opinionibus
1163 3395 1244 3453 luisse
1257 3393 1363 3453 divisos
1373 3417 1380 3451 ε
1391 3409 1416 3452 et
1426 3393 1479 3453 boc
1497 3394 1608 3473 quidem
1628 3398 1726 3458 tribuit

153 3473 245 3531 καὶτὸ
261 3475 308 3553 μὲν
322 3479 413 3537 δίδωσι
431 3483 465 3557 τῇ
486 3479 595 3562 γνώμη,
613 3480 643 3540 τδ
659 3483 686 3542 δέ
705 3483 838 3564 τῇρύσει.
854 3485 924 3546 Ὑπὸ
979 3487 1115 3567 opinioni,
1129 3486 1201 3546 illud
1215 3508 1280 3547 vero
1300 3500 1412 3546 nature.
1425 3488 1485 3548 Sub
1506 3489 1617 3549 fimbria
1636 3512 1727 3552 sacer·-

152 3565 179 3625 δέ
194 3567 224 3625 rb
237 3568 385 3653 κράσπεδον
400 3579 446 3631 τοῦ
459 3572 549 3653 ἱερέως
568 3574 752 3652 τὸλεγόμενον
766 3579 863 3653 liius,
876 3578 925 3638 ἀν·
940 3600 961 3648 1)
978 3576 1064 3654 dotis,
1075 3601 1136 3658 quse
1154 3579 1257 3638 dicitnr
1270 3599 1337 3654 ora,
1353 3578 1443 3648 lloreS,
1456 3599 1537 3638 aurea
1554 3580 1625 3639 mala
1640 3585 1726 3663 puni-

152 3661 201 3728 θη,
211 3658 285 3738 ῥόαι,
300 3661 345 3720 καί
361 3659 462 3742 ροίσκοι
474 3672 569 3744 χρυσοῖ
586 3665 632 3724 καί
645 3665 765 3735 κώδωνες
777 3666 926 3748 ἀπηιύρην-
978 3693 1024 3748 ca,
1038 3673 1162 3755 corymbi
1178 3686 1207 3734 et
1225 3673 1392 3753 campanula
1412 3672 1577 3755 pendebant.
1603 3676 1639 3735 Et
1652 3696 1727 3757 quo·

150 3772 191 3808 το.
209 3751 260 3810 Καὶ
276 3757 333 3819 πῶς
348 3752 380 3811 ἀν
395 3756 435 3829 είη
450 3759 513 3837 Θεῷ
532 3764 615 3818 ταῦτα
634 3758 703 3818 κατὰ
720 3762 825 3841 πρῶτον
846 3760 922 3842 λόγον
978 3765 1060 3826 medo
1071 3766 1146 3844 hec,
1157 3780 1188 3825 nt
1198 3766 1275 3848 prius
1287 3764 1420 3843 diximus,
1433 3766 1551 3826 1)οωίοο
1559 3767 1726 3848 placebant?

151 3844 314 3921 ἀρέσκοντα,
328 3847 398 3906 Ἀλλ’
412 3850 439 3906 έν
457 3853 496 3930 τῷ
511 3850 630 3930 σχήματι
647 3849 693 3912 τοῦ
713 3852 802 3933 ἱερέως
826 3857 923 3935 έρῆκεν
978 3855 1033 3917 Sed
1054 3855 1082 3915 in
1100 3855 1201 3915 vestim
1214 3854 1360 3915 sacerdotis
1378 3855 1493 3916 virtutes
1512 3856 1607 3937 effingi
1622 3858 1724 3938 jussit3

150 3933 352 4004 ἐξεικονίζεοθαι
374 3937 421 4007 τδς
444 3941 556 4021 ἀρετάς·
571 3941 645 4003 κάτω
657 3944 723 4016 ἀνθη
743 3946 789 4004 καί
808 3947 920 4025 καρποί,
978 3942 1048 4003 inira
1063 3944 1142 4003 tlores
1154 3956 1179 4002 et
1195 3944 1317 4017 fructus,
1332 3943 1466 4004 virtutum
1478 3964 1558 4024 opero
1570 3969 1577 4002 ε
1590 3966 1650 4024 quae
1661 3959 1725 4005 sunt

151 4027 185 4085 τίι
198 4032 250 4086 τῶν
271 4032 370 4107 ἀρετῶν
389 4032 602 4115 κατορθώματα,
616 4035 694 4097 ἅτινά
715 4040 786 4097 εστιν
809 4041 921 4118 {tmpo-
976 4032 1162 4113 elemosyna,
1174 4031 1282 4113 justitia
1305 4030 1521 4109 ethumanltas,
1532 4046 1558 4092 et
1570 4033 1669 4094 chorus
1681 4055 1724 4096 re·

151 4116 217 4191 σύνη
231 4119 277 4179 καλ
292 4123 443 4197 δικαιοσύνη
462 4125 507 4185 καί
528 4127 728 4207 φιλανθρωπία,
743 4128 855 4190 κολεῶν
877 4132 923 4192 ἀλ·
976 4120 1115 4203 liquorum
1127 4119 1194 4204 ipsis
1205 4118 1359 4178 affinium-⁹

151 4213 205 4270 λων
216 4216 230 4270 δ
241 4213 379 4295 σύστοιχος
390 4217 481 4285 αιἰταῖς
493 4218 582 4300 χορός.

191 4303 269 4377 Ὅτι,
286 4305 366 4385 φησί,
382 4307 418 4384 μή
434 4309 585 4385 μετάύαλλε
607 4311 715 4392 ῥήματα
728 4315 800 4375 Θεοῦ
814 4317 919 4384 ζῶντος.
1018 4308 1204 4380 «Nemutss,
1216 4305 1315 4384 inquit,
1322 4309 1415 4364 uerba
1424 4307 1483 4364 Dei
1494 4307 1604 4366 oiviln
1616 4307 1721 4370 Patrem

147 4398 196 4464 Ele
205 4397 316 4479 Πατέρα
329 4399 375 4458 καί
389 4401 451 4460 Υίδν
466 4401 512 4460 καί
528 4401 602 4481 ἅγιον
618 4407 730 4481 Πνεῦμα
746 4406 920 4480 έύατιτίσθης·
975 4413 1003 4460 et
1015 4399 1117 4459 Filium
1129 4412 1155 4459 et
1167 4397 1302 4478 Spiritum
1315 4411 1437 4456 sanctum
1450 4398 1601 4479 baptizatus
1614 4420 1659 4459 ess
1674 4422 1722 4463 cur

148 4487 175 4545 τί
188 4492 303 4569 ἀναιρεῖς
316 4491 351 4551 τὰ
364 4491 482 4570 ὀνόματα
496 4492 534 4574 τδι,
544 4498 647 4572 ζῶντα,
663 4495 709 4555 καί
728 4498 844 4578 εἰσάγεις
862 4499 921 4560 ὀνό-
938 4528 958 4577 3
976 4491 1049 4552 tollis
1068 4491 1177 4550 nomina
1190 4490 1253 4551 riva
1262 4533 1271 4565 ,
1284 4503 1310 4549 et
1326 4487 1432 4547 inducis
1445 4489 1553 4548 nomina
1575 4491 1721 4570 cogitatio·

150 4602 223 4656 ματα
244 4583 395 4660 λογισμῶν,
410 4583 528 4664 γέννημα
551 4587 636 4668 λέγων
655 4587 701 4648 καλ
720 4589 860 4670 ἀγέννητον
875 4592 920 4652 καλ
976 4606 1041 4646 num
1055 4599 1180 4655 tuarum,
1196 4581 1290 4641 dicens
1312 4578 1477 4660 ingenitum,
1496 4582 1631 4660 genitum
1647 4606 1720 4647 sem.

148 4673 288 4751 γεννητὸν,
301 4674 329 4734 δν
351 4675 392 4735 ἀεί
420 4678 465 4736 καί
485 4678 522 4756 μή
544 4677 573 4738 όν
596 4680 655 4754 ἀεί;
670 4681 769 4741 τούτων
797 4683 919 4765 ἀνέχεται
974 4700 1024 4760 per
1043 4677 1187 4749 exsistens,
1200 4687 1227 4734 et
1247 4695 1299 4734 non
1317 4693 1421 4752 semper
1440 4672 1593 4736 exsistens?
1613 4677 1722 4739 Deusne

148 4763 217 4830 Θεὸς
233 4767 285 4823 τῶν
307 4767 428 4843 ματαίων
448 4771 594 4851 ρημάτωνγ
607 4771 658 4833 Ἓν
674 4778 748 4856 ῥῆμα
768 4774 812 4835 ἵνα
833 4798 919 4853 μετοι-
973 4770 1033 4831 baee
1047 4769 1134 4830 inania
1147 4767 1230 4829 verba
1242 4765 1359 4826 tolerat?
1372 4763 1464 4827 Unum
1483 4766 1597 4827 verbnm
1614 4782 1644 4829 ut
1656 4792 1719 4831 mu-

149 4856 237 4935 ύάλη,
252 4858 389 4937 προφήτης
410 4861 474 4922 ποτέ
496 4863 674 4926 ἐκινδύνευσεν
697 4866 850 4928 ἀπολέσθαι.
866 4867 920 4928 Καί
973 4877 1043 4924 taret
1063 4860 1212 4945 propbeta,
1228 4859 1295 4920 olim
1308 4857 1343 4918 de
1356 4857 1413 4918 vittt
1433 4858 1602 4940 periclitatus
1615 4876 1664 4921 est.
1681 4863 1719 4924 Et

149 4949 232 5029 βλέπε
258 4949 375 5029 ῥήματος
401 4961 497 5034 μικροῦ
524 4957 721 5040 ἀκριόολογίαν.
741 4958 786 5020 Tt
811 4960 919 5042 ῥήματα
974 4956 1038 5018 vide
1060 4952 1261 5034 unius'exigni
1283 4950 1359 5015 verbi
1388 4951 1600 5012 accurationem.
1626 4955 1717 5015 Verba

149 5045 203 5100 τῶν
225 5047 367 5122 προφητῶν
390 5068 459 5114 reue<
482 5047 592 5110 έκάλονν
610 5050 661 5111 ont
687 5051 809 5132 ἀπειρίας
822 5055 919 5131 λῆμμα
975 5050 1168 5133 prophetarum
1184 5059 1316 5108 vocarunt
1339 5043 1451 5124 quidam
1470 5065 1519 5123 per
1538 5045 1715 5125 ignorantiam

150 5137 257 5216 Κυρίου.
272 5136 352 5211 Λέγει
367 5142 380 5196 δ
394 5139 462 5208 Θεδς
484 5141 527 5200 διδ
547 5141 689 5224 Ἱερεμίου·
706 5144 773 5205 ’etv
797 5147 918 5227 ἐρωτήσῃ
974 5164 1042 5203 onus
1057 5140 1176 5203 Domini.
1193 5139 1267 5199 Dicit
1288 5137 1422 5198 Dominus
1440 5156 1489 5217 per
1507 5137 1669 5198 Jeremiam:
1684 5142 1716 5201 Si
1726 5164 1865 5220 ramese,

150 5249 179 5286 σε
193 5231 206 5285 ὁ
219 5227 297 5302 λαδε,
309 5226 355 5300 ἢὸ
377 5230 473 5311 ίερεθς,
491 5232 508 5305 ἢ
523 5236 537 5292 δ
552 5235 699 5316 προφήτης,
714 5237 761 5297 καλ
783 5237 845 5316 είτιη
863 5262 919 5311 σοι,
974 5237 1194 5316 interrogaverit
1211 5247 1239 5293 te
1258 5230 1401 5313 populus,
1421 5230 1473 5288 vel
1495 5231 1642 5304 sacerdos,
1664 5238 1717 5294 vel

151 5317 176 5376 ri
199 5317 228 5377 sb
246 5321 342 5400 λῆμμα
350 5345 359 5401 3
378 5323 435 5384 εἰπέ
463 5327 566 5402 αὐτοῖς,
587 5323 627 5386 δτι
650 5325 681 5386 εδ
702 5328 799 5409 λῆμμα
821 5329 919 5410 Κυρίου
973 5331 1133 5412 propbeta,
1150 5341 1178 5390 ot
1193 5327 1299 5388 dixerit
1314 5326 1387 5384 tibi:
1405 5323 1493 5402 Quod
1506 5328 1717 5388 οείοιιιιεθάἱο
