3714 5970
160 449 229 547 ¹9l
648 469 679 520 s.
706 467 848 518 ioannis
873 466 1106 516 euersosrosu
1133 465 1232 529 vrrs,

156 595 282 658 arumnis
304 595 404 655 lraotns
421 594 449 653 in
469 613 585 654 moerore
605 607 778 669 versaretur,
801 591 901 674 episto·
953 586 1621 671 consolatanhrysostomus.Nonpossequidem
1633 601 1698 648 tan·

156 691 212 749 lam
226 691 284 750 125
301 687 342 746 illi
366 686 473 747 ceteris
481 685 632 766 longiorem
650 684 725 745 misit
738 683 901 766 chrysosto·
953 695 1008 742 tarn
1022 683 1144 742 moeroris
1159 681 1258 741 nubem
1273 680 1371 740 auferri
1385 680 1495 756 fatetur,
1511 679 1559 741 sed
1573 702 1629 740 rem
1645 680 1699 741 sal-

156 778 219 837 mus'
230 800 237 834 ι
249 798 302 855 qua
317 790 347 835 ut
359 763 525 836 calamitates
535 775 596 834 illas
608 774 792 834 fortiterlerat
804 773 901 832 horta·
953 787 1007 833 tem
1022 774 1187 835 moderatius
1200 794 1257 833 esse
1268 772 1405 833 ferendam
1416 795 1423 829 ι
1434 772 1540 833 obitum
1557 773 1632 833 enim
1645 794 1698 833 non

156 885 211 941 tur,
222 866 400 948 exemploque
407 879 560 928 sanctornm
571 866 679 928 Veteris
689 863 855 925 Testamenti
865 862 902 922 ad
954 888 1017 927 vere
1038 881 1152 927 mortem
1171 886 1247 939 esse,
1268 863 1316 924 sed
1328 865 1571 947 peregrinationem
1586 880 1669 945 atque
1684 888 1700 926 a

157 960 284 1041 quelibet
295 959 372 1019 illata
383 959 455 1018 mala
467 958 624 1019 sustinenda
638 957 809 1031 corroborat;
821 976 902 1034 seque
954 956 1133 1018 ddedoribus
1147 955 1182 1016 ad
1200 956 1311 1016 meliora
1327 956 1588 1036 commigrationem.
1610 960 1702 1039 Asyn·

158 1053 247 1134 ipsum
261 1050 289 1110 in
301 1052 457 1133 exemplum
468 1051 558 1128 affert,
572 1066 598 1110 et
609 1062 676 1130 qnot
690 1049 768 1109 malis
780 1049 902 1122 aflectus,
957 1049 1041 1109 critiae
1052 1063 1143 1109 autem
1156 1049 1219 1108 licet
1230 1049 1323 1108 literas
1342 1049 1441 1108 multas
1454 1049 1591 1130 scripserit
1605 1049 1702 1131 chry-

157 1158 225 1224 quot
237 1143 382 1203 calumniis
394 1144 534 1224 impetitus
547 1144 628 1205 luerit
641 1155 757 1203 recenset
771 1166 778 1200 ι
791 1141 855 1201 hinc
867 1141 903 1202 ad
955 1158 1100 1219 sostomus,
1112 1165 1261 1224 numquam
1272 1144 1308 1204 de
1316 1144 1374 1205 filia
1384 1144 1471 1226 ipsius
1482 1144 1616 1224 loquitur.
1631 1146 1703 1206 cum

157 1236 280 1314 exempla
294 1245 449 1322 sanctornm
463 1235 535 1295 Novi
548 1235 713 1296 Testamenti
727 1235 902 1315 etapostolo·
955 1252 1046 1299 antem
1071 1237 1231 1318 Asyncritiae
1258 1236 1410 1318 plurimas,
1430 1236 1704 1297 Onesiorum-hanc

156 1349 217 1387 rum
231 1326 361 1402 vertitur,
374 1339 406 1386 ut
417 1328 476 1408 ejus
490 1327 612 1387 animum
627 1328 724 1408 erigat,
738 1325 903 1406 demumque
956 1349 1038 1388 unam
1061 1342 1165 1389 tanturn
1184 1328 1311 1409 scriptam
1326 1328 1510 1408 reperiamus,
1531 1347 1629 1388 nomen
1645 1329 1705 1409 ejus

156 1419 200 1480 his
213 1419 304 1479 verbis
317 1421 426 1499 longam
439 1419 581 1501 epistolam
594 1421 653 1482 sive
663 1419 812 1480 orationem
826 1419 902 1478 clau·
956 1424 985 1482 in
997 1421 1180 1504 hsyncritiam
1194 1434 1299 1480 mutare
1311 1419 1447 1500 quispiam
1457 1440 1540 1480 ansus
1553 1433 1603 1480 est.

156 1509 217 1570 dit:
229 1510 438 1585 «Quamobrem
454 1525 480 1571 te
496 1532 563 1592 rogo
576 1534 608 1573 ac
619 1509 705 1572 veluti
719 1511 834 1590 genibus
847 1512 902 1572 tuis
996 1514 1103 1572 Namara
1122 1510 1246 1590 quadam
1259 1524 1396 1582 matrona,
1418 1524 1449 1570 ut
1461 1510 1588 1586 ridetur,
1601 1511 1702 1572 Antio·

157 1600 302 1662 advolutus
319 1601 454 1679 obtestor,
469 1615 500 1662 ut
513 1624 655 1663 moerorem
667 1616 695 1664 et
709 1603 813 1663 luctum
827 1605 901 1684 abji-
955 1603 1057 1679 ebena,
1076 1624 1140 1684 erga
1153 1604 1377 1687 chrysostomum
1390 1602 1492 1684 optime
1510 1604 1625 1675 allecta,
1642 1618 1702 1664 tar·

60 1744 63 1749 .
157 1695 221 1769 cias,
231 1715 263 1753 ao
271 1715 321 1775 pro
332 1694 410 1754 nobis
417 1694 491 1776 apud
501 1698 588 1756 Deum
598 1717 702 1757 memor
711 1694 759 1771 sis,
770 1695 902 1777 nobisque
954 1698 1018 1757 dius
1031 1711 1120 1757 umen
1132 1695 1168 1756 ad
1178 1697 1258 1757 illum
1269 1696 1421 1776 scripserat,
1434 1709 1515 1775 atque
1528 1696 1565 1755 ita
1578 1696 1703 1757 ucetiam

157 1786 326 1848 rescribas.»
392 1812 408 1825 ³
954 1789 1074 1850 audacie
1094 1788 1201 1850 veniam
1215 1801 1326 1870 peteret.
1351 1786 1465 1847 Dicebat
1479 1807 1561 1867 porro
1582 1807 1611 1846 se
1623 1787 1703 1848 illum

197 1879 259 1939 Duo
272 1891 420 1956 erantque
438 1878 489 1938 iter
501 1879 718 1940 intercludebant
733 1880 778 1953 iis,
800 1880 848 1960 qui
867 1879 902 1940 ad
955 1895 1011 1942 tam
1022 1881 1137 1941 ferventi
1149 1880 1260 1942 caritate
1276 1878 1402 1960 diligere,
1416 1892 1461 1954 nt,
1480 1878 1534 1939 nisi
1547 1880 1645 1939 morbo
1658 1879 1702 1939 la-

157 1969 328 2030 invisendnm
352 1971 482 2031 Joannem
503 1972 641 2032 Cucusum
664 1971 757 2031 venire
775 1987 902 2053 peropta-
955 1973 1086 2044 boraret,
1103 1973 1154 2033 iter
1171 1972 1239 2033 adeo
1252 1971 1411 2046 molestum,
1430 1986 1523 2051 totque
1543 1970 1703 2053 predonum

157 2059 370 2136 bant,nimirum
385 2060 491 2143 hyemis
501 2076 643 2143 tempestas
656 2077 682 2123 et
696 2066 852 2124 isaurorum
864 2066 903 2125 in·
954 2063 1155 2125 incursionibus
1175 2065 1313 2125 obsessum
1327 2079 1481 2145 susceptura
1496 2062 1609 2139 luisset,
1627 2064 1704 2126 illius

32 2163 146 2209 casleti·
158 2152 302 2212 cursiones.
319 2152 433 2213 Eavero
444 2153 570 2214 decanea
582 2155 657 2216 haud
667 2155 752 2215 dubie
762 2156 903 2217 Chalcidis
956 2157 1062 2219 visendi
1076 2178 1165 2217 causa
1177 2156 1326 2238 Respondit
1337 2157 1549 2238 chrysostomus
1559 2157 1639 2238 epist.
1653 2158 1703 2231 ll,

3 2235 33 2332 {5¹⁸
44 2228 147 2331 25⁸⁶&
157 2240 360 2326 et‘dsyncritia
373 2245 477 2304 nobiles
489 2246 609 2320 feminae,
632 2247 685 2328 ipsi
704 2248 824 2308 caritatis
838 2250 902 2309 vin·
958 2248 1044 2320 illam,
1064 2249 1165 2310 nedum
1178 2247 1311 2330 culpanda
1322 2261 1404 2322 emet,
1417 2247 1492 2328 quod
1505 2248 1625 2310 scribere
1638 2270 1703 2310 ansa

1 2360 76 2423 sponso
88 2302 148 2394 ‘hii
157 2329 338 2417 eulojurictae,
347 2358 408 2417 qnae
418 2338 643 2419 Chrysostomum
655 2340 772 2400 inrisere
782 2350 903 2401 summo&
957 2343 1050 2416 inerit,
1064 2342 1231 2422 arguendam
1246 2341 1338 2423 potius
1350 2339 1424 2420 quod
1435 2339 1540 2400 tardius
1552 2339 1582 2401 id
1596 2341 1701 2418 feeerit,

1 2413 76 2459 Μ’·
156 2451 220 2512 pere
238 2429 383 2512 cupiebant
395 2450 452 2498 ,se
465 2436 486 2488 a'
495 2431 629 2511 carpenda
647 2432 694 2493 via
711 2431 754 2491 his
767 2431 803 2492 de
816 2434 904 2494 causis
958 2455 1095 2513 unamque
1103 2434 1225 2494 delendae
1235 2434 1321 2514 culpe
1332 2452 1470 2512 superesse
1482 2432 1570 2509 rum,
1585 2432 1704 2493 sinimi-

160 2520 288 2592 deterrerl
302 2520 497 2601 chrysostomo
510 2521 650 2603 scripsere.
664 2523 714 2583 llle
727 2545 790 2584 voro
803 2525 904 2606 episto·
956 2549 1018 2587 rum
1035 2542 1173 2589 sexcentas
1188 2528 1292 2607 literas,
1305 2529 1416 2610 νιφάδιις
1428 2525 1610 2606 γραμμάτων,
1625 2526 1661 2586 ad
1674 2547 1703 2586 se

155 2613 210 2673 lam
222 2615 282 2672 m
291 2612 415 2693 scripsit:
424 2613 498 2672 nulla
509 2612 577 2673 dicit
587 2614 654 2695 ipsis
666 2636 722 2676 esse
730 2619 904 2679 excusatione
956 2618 1083 2679 mitteret.

156 2725 238 2786 opus,
249 2695 355 2783 sibique
363 2702 497 2763 sincerum
508 2703 618 2764 illarum
628 2707 754 2766 allectum
765 2729 817 2769 non
830 2709 903 2788 igno-
996 2711 1109 2793 Hyemis
1118 2725 1238 2793 tenpore
1247 2710 1339 2771 literas
1349 2709 1452 2792 aceepit
1462 2709 1624 2783 Callistrati,
1632 2710 1705 2771 lsau·

154 2795 237 2872 santi,
250 2793 362 2875 perinde
370 2814 428 2854 rem
439 2816 468 2855 se
478 2794 577 2862 babere
587 2818 619 2856 ac
630 2798 653 2856 si
664 2819 757 2858 revera
768 2801 900 2862 venerint.
956 2802 1003 2862 riae
1016 2803 1149 2884 episcopi,
1170 2816 1251 2881 atque
1267 2816 1297 2862 ut
1317 2823 1352 2861 ex
1369 2801 1557 2883 cbrysostomi
1575 2821 1703 2882 responso

153 2885 231 2947 ldem
245 2887 336 2967 ipsum
350 2886 512 2967 hsyncritiar
524 2887 621 2968 repetit
637 2888 665 2947 in
677 2890 790 2970 epistola
810 2893 863 2967 Π,
877 2907 904 2952 et
956 2894 1034 2974 argui
1047 2915 1125 2976 posse
1137 2893 1262 2966 videtur,
1276 2893 1393 2953 seillurn
1405 2893 1561 2955 invisurum
1572 2893 1656 2953 lubae
1665 2892 1704 2953 di·

154 2999 205 3058 pro
216 2998 291 3037 more
301 2990 398 3049 suo,ut
407 2978 559 3057 frequenter
569 2978 622 3039 sibi
632 2980 723 3041 literas
734 2983 833 3058 mittat,
840 2984 904 3043 hor·
956 2987 1033 3046 cehat
1043 3031 1052 3063 ,
1078 2986 1130 3047 nisi
1152 2985 1216 3046 anni
1235 2999 1377 3066 tempestas
1390 2998 1417 3045 et
1434 2983 1540 3045 itineris
1560 2982 1703 3065 longitudo

155 3083 240 3129 tatur.
257 3069 408 3150 Asyncritia
422 3084 449 3130 et
463 3071 604 3132 chalcidia
615 3074 666 3154 piae
681 3075 808 3136 mulieres
820 3078 902 3138 simul
955 3078 1112 3140 obfuissent.
1128 3081 1160 3139 ln
1173 3078 1284 3160 epistola
1298 3099 1363 3138 vero
1375 3098 1424 3137 sua
1438 3077 1653 3158 chrysostomus
1665 3077 1703 3137 ait

155 3160 241 3220 vitam
252 3161 375 3241 agebant,
387 3182 450 3222 cum
459 3162 522 3222 aliis
532 3185 621 3223 secum
634 3165 732 3245 pietate
743 3170 900 3249 conjunctis
957 3193 1035 3252 posse
1049 3171 1119 3231 illud
1133 3171 1175 3231 sui
1193 3170 1328 3231 invisendi
1340 3169 1507 3230 desiderium
1525 3169 1702 3251 epistolarum

156 3251 351 3333 chrysostomo
361 3252 510 3313 admodum
520 3254 635 3315 addictae
646 3258 799 3337 frequenter
808 3261 861 3342 ipsi
872 3263 903 3323 li·
956 3263 1104 3341 frequentia
1118 3262 1301 3344 compensari,
1315 3275 1345 3320 ut
1358 3274 1464 3342 postea,
1480 3281 1544 3319 cum
1561 3274 1703 3342 tempestas

155 3357 226 3404 teras
237 3345 389 3419 mittebant,
404 3360 436 3405 ut
445 3366 480 3406 ox
493 3349 551 3428 ejus
563 3349 600 3409 ad
612 3350 674 3424 illas
687 3352 819 3432 epistolis,
834 3377 903 3435 qua·
958 3355 1124 3414 commodior
1134 3368 1212 3430 esset,
1227 3353 1261 3413 de
1272 3374 1414 3432 congressu
1428 3354 1572 3431 cogitetur.

155 3458 217 3497 rum
230 3439 355 3519 plurime
366 3454 519 3521 supersunt,
534 3441 682 3521 liquidum.
696 3447 727 3504 ln
742 3448 827 3508 titulis
838 3472 902 3511 vero
999 3450 1118 3526 Agapeto
1128 3447 1209 3505 etiam
1222 3446 1292 3504 an‘no
1301 3445 1362 3504 dcl
1374 3456 1493 3503 vertente
1505 3443 1628 3523 scripsit,
1641 3442 1701 3503 viro

156 3529 304 3608 aliquando
315 3531 483 3610 Asyncritia,
496 3533 635 3595 interdum
645 3537 903 3622 Chalcidia,prima
956 3538 1082 3598 amicitia
1100 3537 1218 3598 vinculis
1237 3537 1290 3596 sibi
1309 3536 1542 3617 conjunctissimo,
1559 3549 1700 3616 precator·

157 3620 288 3701 ponitur,
309 3642 378 3701 saepe
402 3622 482 3682 etiarn
505 3627 657 3707 separatim.
670 3629 793 3709 singulae
816 3634 902 3696 literis
955 3651 1008 3710 que
1019 3631 1096 3691 illum
1109 3645 1137 3690 nt
1151 3652 1232 3710 quam
1243 3628 1409 3708 frequentius
1420 3628 1520 3710 poterit
1532 3627 1568 3688 de
1587 3649 1636 3688 sua
1650 3650 1701 3688 va-

158 3711 313 3791 compellat.
332 3711 380 3770 Hae
395 3712 423 3770 in
438 3716 565 3774 erumnis
574 3730 601 3776 et
614 3719 744 3781 molestiis
759 3726 903 3786 versabm-
955 3722 1075 3783 letudino
1093 3723 1233 3782 certiorem
1252 3743 1280 3780 se
1301 3720 1392 3780 saciat.
1419 3719 1542 3779 Alteram
1563 3741 1631 3781 vero
1649 3720 1699 3800 ipsi

159 3816 213 3871 tur,
231 3816 262 3860 ut
272 3823 308 3860 ex
322 3803 434 3864 loannis
445 3806 567 3884 epistolis
579 3810 720 3888 arguitur;
733 3827 759 3872 et
772 3816 900 3894 fortasse,
955 3815 1062 3896 scripsit
1073 3815 1228 3896 epistolam,
1242 3825 1353 3892 rogante
1362 3810 1565 3891 religiosissimo
1577 3812 1639 3871 viro
1651 3812 1701 3873 El·

158 3892 222 3970 quia
235 3892 429 3973 Chrysostomo
444 3895 559 3957 addictae
573 3915 649 3959 erant
657 3945 667 3978 ,
687 3902 714 3962 in
736 3906 901 3988 Porphyrii,
956 3907 1031 3988 pidio
1045 3906 1213 3988 presbytero,
1228 3906 1276 3984 qui
1290 3905 1389 3965 montis
1403 3904 1501 3965 hmani
1514 3903 1620 3965 incolas
1633 3925 1701 3986 pre·

157 3983 205 4062 qui
221 3985 414 4045 Antiochenam
433 3987 523 4047 aedem
535 3989 685 4066 invaserat,
701 3994 796 4057 odium
810 4000 904 4060 ineur-
956 4000 1091 4060 dicatione
1103 4022 1152 4060 sua
1162 3999 1197 4059 ad
1209 3998 1291 4058 fidem
1301 3996 1404 4057 Christi
1417 3996 1596 4076 perduxerat,
1612 3997 1701 4077 abique

159 4089 256 4134 rerant
276 4075 417 4137 Chalcidis
438 4078 551 4160 alongo
565 4082 624 4162 jam
646 4098 766 4167 tempore
784 4091 903 4153 caritatis
957 4092 1081 4153 ecclesias
1101 4106 1127 4153 et
1140 4090 1300 4151 monasteria
1320 4102 1527 4165 construxerat,
1545 4102 1573 4148 et
1589 4089 1699 4171 Agapeti

159 4169 211 4229 sibi
230 4169 341 4230 vinculo
352 4170 446 4250 juncta
459 4187 531 4249 erat,
547 4189 577 4234 nt
589 4176 673 4236 lemur
686 4180 714 4238 in
728 4181 839 4260 epistola
853 4188 902 4246 59.
956 4185 1116 4246 sanctissimi
1130 4185 1183 4245 riri
1196 4184 1408 4243 benevolentiam
1421 4181 1475 4241 sibi
1489 4181 1637 4243 conciliare
1647 4196 1740 4250 stu-re

158 4261 219 4341 lpsa
233 4284 299 4322 vero
312 4261 340 4322 in
352 4285 462 4344 gravem
480 4267 603 4326 morbum
619 4269 777 4345 inciditsut
795 4295 829 4333 ex
841 4277 903 4357 epi-
956 4279 1046 4340 debat.
1061 4279 1143 4338 Illum
1154 4299 1217 4338 vero
1228 4291 1284 4336 tam
1296 4276 1406 4351 obnixe,
1418 4288 1474 4334 tam
1483 4275 1620 4334 ferventer
1630 4279 1699 4354 Aga·

158 4353 225 4413 stola
240 4356 280 4416 98
299 4354 431 4415 discimus
446 4379 453 4412 ι
467 4378 527 4435 quae
546 4379 587 4418 res
608 4360 832 4442 chrysostomum
848 4388 901 4427 non
956 4385 1017 4452 peto
1031 4370 1200 4430 commendat
1214 4370 1440 4452 Chrysostomns,
1456 4380 1486 4425 nt
1499 4365 1571 4426 nihil
1584 4365 1698 4427 dubium

159 4446 265 4524 lulcffl'l
280 4445 374 4506 d⁰l⁰¹⁰
387 4449 489 4512 asfoell·
955 4484 1012 4522 asse
1023 4462 1160 4534 videatur,
1183 4462 1249 4541 qnin
1264 4467 1399 4540 Agapetus
1415 4472 1539 4519 sanctum
1553 4458 1637 4518 illum
1648 4459 1698 4518 Ec·

198 4540 300 4596 Fronto
312 4541 429 4599 Dncaeus
442 4543 584 4622 epistolam
600 4547 661 4607 t9a
674 4547 799 4611 inscribit
811 4553 902 4638 Ἀσυγ-
955 4550 1699 4636 closiaepraeconemetolficiisetlacultatibnssuisquao·

157 4628 256 4729 ιιριτίᾳ,
269 4629 463 4731 ΙΑἴςμιειιίιίιι,
479 4655 561 4711 qnam
572 4636 711 4701 lectionem
722 4662 851 4723 sequutus
861 4665 900 4710 est
954 4659 1013 4705 tum
1026 4647 1116 4727 potuit
1128 4660 1219 4726 postea
1231 4644 1342 4726 juverit.
1362 4698 1366 4703 .

156 4733 291 4778 etramvir
302 4719 336 4777 cl.
348 4720 549 4784 Tillemontius.
563 4728 617 4787 Sed
628 4747 720 4792 contra
732 4735 900 4800 hanclectio·
995 4741 1026 4798 ln
1040 4738 1159 4818 epistolis
1173 4736 1208 4796 ad
1223 4736 1417 4819 Olympiadem
1430 4735 1523 4796 nullus
1536 4735 1608 4797 ordo
1621 4757 1698 4818 repe-

156 4832 217 4916 nem
230 4811 374 4915 reclamant
385 4833 477 4874 omnes
487 4819 666 4902 Manuscripti
676 4827 758 4887 etiam
768 4833 899 4911 antiquis·
953 4833 1041 4906 ritnr,
1054 4831 1167 4913 perinde
1180 4846 1259 4911 atque
1274 4832 1301 4890 in
1315 4831 1418 4914 caeteris
1431 4830 1559 4890 omnibns
1575 4832 1698 4912 chryso·

155 4925 230 5006 osolt,
244 4925 290 4983 qut
302 4903 405 5007 hebent
418 4905 611 5008 ἶΟιησιιιρατίᾳ
619 4959 627 4987 ,
645 4917 841 4983 Onesicrotioe.
856 4926 901 4986 Sic
954 4929 1032 4990 stomi
1047 4928 1176 5008 epistolis,
1193 4927 1240 4986 nbi
1255 4927 1328 4986 nulla
1344 4927 1471 5007 temporis
1483 4927 1554 4986 ratio
1567 4941 1699 4998 servatur,

158 5009 241 5055 etiam
256 4996 322 5098 legit
339 4996 479 5070 Saralius,
494 5020 578 5077 nequo
594 5003 676 5064 aliam
689 5008 829 5074 lectionem
843 5039 900 5076 me-
953 5020 1001 5080 sed
1012 5041 1104 5079 omnes
1115 5020 1271 5095 permixtim
1286 5018 1379 5100 positae
1390 5033 1463 5082 sunt.
1479 5020 1511 5078 ln
1523 5019 1640 5100 epistola
1651 5040 1698 5078 au·

155 5101 251 5191 morat.
265 5086 337 5191 Vide
352 5109 412 5192 qnae
423 5088 545 5150 diximus
562 5093 590 5152 in
603 5111 664 5156 nota
680 5100 718 5159 T.
733 5108 768 5180 ὅ,
783 5128 811 5185 p.
827 5111 897 5172 tot.
954 5115 1054 5172 temld
1068 5113 1103 5173 ad
1116 5111 1320 5195 Olympiadem,
1334 5134 1362 5193 p.
1374 5112 1445 5183 599,
1455 5110 1526 5172 dicit
1536 5133 1567 5172 se
1574 5116 1634 5195 jam
1649 5125 1700 5172 tres

153 5179 348 5283 Onesicratrarn
359 5195 512 5285 igiturtum
523 5184 559 5244 ob
569 5186 634 5247 filia
645 5211 699 5250 suae
711 5194 827 5275 obitum,
841 5215 898 5261 turn
953 5204 1081 5286 epistolas
1095 5205 1257 5288 Olympiadi
1271 5204 1385 5278 misisse,
1402 5222 1484 5265 unam
1496 5225 1548 5287 per
1562 5205 1701 5286 praetorios

152 5270 223 5349 quod
235 5269 288 5330 alra
301 5286 481 5352 processisset
492 5275 583 5356 plaga,
598 5280 726 5343 afflictam
738 5301 764 5346 et
778 5306 898 5352 moestam
954 5298 1070 5375 milites,
1087 5299 1198 5358 alteram
1212 5319 1261 5378 per
1275 5296 1421 5358 Antonium
1434 5341 1446 5372 ,
1469 5295 1581 5358 tertiam
1594 5320 1644 5379 per
1658 5299 1700 5358 fa·
