3714 5970
387 769 614 843 STILTINGI
631 775 927 855 OOMPENDIUM
942 789 1324 865 CHRONOLOGICUM

88 1054 380 1151 GESTORUM
409 1063 477 1153 ΕΤ
512 1064 855 1168 SCRIPTORUM
891 1079 929 1167 S.
963 1083 1197 1178 JOANNIS
1224 1089 1623 1210 CHRYSOSTOML

247 1389 488 1444 arcanarum
515 1397 567 1445 ux
594 1381 984 1456 turiassonentium
1008 1410 1165 1463 uersas
1187 1406 1302 1467 sarr.
1330 1420 1371 1469 a.
1400 1421 1454 1470 ιν.

76 2359 170 2427 Cum
187 2367 268 2453 post
282 2352 594 2430 Montlaueonium
610 2356 780 2433 derebus
796 2373 831 2433 et
847 2361 990 2459 scriptis
1001 2354 1246 2460 chrysostomi
1266 2362 1387 2440 denuo
1396 2364 1615 2467 disputasset

124 2478 311 2580 Stiltingus
324 2480 465 2579 copiose
477 2480 587 2554 simul
601 2494 637 2555 et
647 2474 763 2575 doute,
779 2484 953 2558 interesse
966 2482 1110 2560 lectoris
1126 2489 1357 2586 putabamus,
1372 2505 1418 2565 ¹rat
1433 2513 1613 2570 summam

43 2639 45 2642 ·
122 2601 233 2700 hujus
250 2603 505 2703 disputationis
522 2602 645 2704 paucis
663 2620 749 2681 ante
764 2606 1046 2683 oeulosbabere't
1068 2606 1277 2708 expositam,
1296 2629 1370 2711 qun
1385 2600 1613 2717 cognosceret

123 2734 306 2832 inquibus
316 2732 370 2807 vel
383 2733 694 2809 consentirent'tsl
706 2735 938 2810 dissentirent
953 2737 1137 2810 duumviri
1153 2737 1209 2810 illi
1221 2734 1361 2832 ammii,
1373 2752 1410 2814 et
1429 2742 1539 2817 simul
1554 2747 1610 2819 in·

123 2856 239 2958 signia
256 2852 375 2931 Sancti
390 2871 490 2957 gesta
506 2856 708 2958 scriptaque
725 2853 881 2932 breviter
897 2858 1114 2958 perlustrare
1125 2870 1256 2960 posset.
1270 2863 1403 2957 Quare,
1425 2872 1608 2964 tamquam

121 2982 350 3057 corollarium
362 2980 407 3056 ad
425 2982 532 3054 vitam
545 2980 845 3056 aMontlauoonio
856 2983 1037 3079 scriptam,
1051 2983 1284 3080 repetivimus
1292 2984 1355 3058 bie
1373 2986 1497 3082 quein
1511 3011 1609 3061 eom·

120 3104 297 3205 pendium
315 3106 458 3179 redacta
473 3104 664 3205 Stiltingus
678 3106 755 3205 ipse
771 3105 811 3179 in
832 3105 904 3179 line
918 3106 1175 3180 Commenurii
1195 3107 1251 3179 sui
1266 3105 1445 3211 exhibuit.
1466 3111 1610 3208 'Singa-

119 3230 238 3303 lorum
251 3226 497 3328 probationem
512 3229 577 3327 qui
595 3227 792 3322 desiderat,
810 3228 840 3304 is
856 3230 1110 3304 Commentarii
1126 3231 1370 3331 paragraphus
1386 3242 1422 3305 et
1436 3250 1609 3307 numeros

117 3348 237 3440 adeat,
254 3374 275 3424 a
292 3351 702 3449 nobisubiqueadditus,
713 3353 779 3426 ubi
792 3352 852 3426 illa
870 3353 1080 3427 nonordioe
1096 3353 1307 3453 dampnato
1320 3354 1501 3432 diffieilior
1514 3370 1608 3431 esset

117 3473 279 3547 inventu.
299 3474 542 3549 indicandum
568 3475 675 3550 etiam
704 3476 927 3568 censuimus,
946 3500 1019 3574 quo
1043 3476 1124 3552 loeo
1152 3477 1319 3552 editionis
1345 3474 1607 3554 blontlauouuii

114 3599 265 3698 singulas
287 3600 465 3674 orationes
483 3600 538 3672 rel
553 3599 637 3674 libri
650 3601 868 3698 legerentur.
884 3605 955 3673 Tra.
968 3601 1049 3675 Fra.

10 3984 50 4014 .,.
102 3941 182 4004 Circa
194 3961 296 4002 annum
308 3949 363 4002 343
377 3953 457 4001 natus
479 3951 519 4000 eat
533 3935 564 4002 S.
580 3941 697 4002 manum
715 3934 807 4021 Chry·
895 3935 954 3999 Sub
970 3934 1051 3998 finem
1065 3935 1129 3998 anni
1145 3942 1201 3999 art
1213 3950 1261 3999 aut
1272 3934 1382 3999 initium
1394 3936 1458 4000 anni
1471 3942 1528 4001 aro
1540 3956 1603 4001 m·

10 4048 50 4076 ’ἢν
56 4045 206 4096 suatomns.
857 4022 984 4109 plectitur
995 4026 1081 4087 vitam
1095 4027 1271 4089 monasticam
1284 4029 1314 4088 in
1325 4026 1480 4089 solitudine.

10 4108 51 4200 :⁰22
99 4121 179 4182 Circa
192 4138 293 4179 annum
307 4125 374 4193 333,
385 4115 517 4178 absolutis
525 4117 683 4199 eloquentie
695 4114 803 4193 studiis,
895 4112 974 4175 Circa
987 4134 1089 4174 annum
1103 4120 1158 4175 373
1170 4115 1264 4197 scripti
1278 4107 1401 4177 sexlibri
1414 4114 1449 4175 de
1461 4110 1599 4178 Sacerdo-

10 4222 151 4271 =n.sae'ras
166 4206 258 4267 literas
271 4205 491 4288 discereineipit‚
508 4221 657 4288 exponente
666 4196 698 4267 S.
714 4196 802 4265 idele-
854 4200 904 4261 tio.
915 4215 939 4266 t.
953 4208 1017 4262 333.
1028 4199 1070 4261 ed.
1082 4200 1182 4262 Montf.

10 4295 98 4357 ωἰἰο
111 4296 248 4378 episeopo,
264 4294 312 4374 qui
324 4296 456 4357 loannem
474 4295 593 4376 baptimt
607 4294 656 4356 illo
670 4307 798 4374 tempore.
893 4291 972 4349 Anno
995 4295 1049 4350 373
1073 4287 1167 4371 scripti
1189 4300 1244 4351 tres
1262 4286 1329 4352 libri
1348 4282 1479 4352 adrasus
1496 4287 1601 4375 Oppri-

57 4385 111 4445 Hie
120 4384 220 4447 deinde
233 4385 317 4445 lector
328 4383 478 4455 ordinatus.
619 4454 621 4459 ¹
853 4391 976 4458 gnarures
989 4376 1052 4438 ritar
1063 4376 1224 4438 monasticar.
1236 4388 1257 4439 1.
1272 4382 1318 4439 tt.

98 4474 179 4534 Ciroa
202 4473 311 4534 initium
324 4472 388 4532 sani
404 4481 471 4546 373,
492 4470 610 4552 relegato
629 4471 660 4532 S.
675 4469 796 4542 Meletio,
893 4465 974 4527 Forte
988 4484 1041 4525 non
1055 4464 1104 4524 diu
1122 4477 1244 4545 post,ac
1256 4464 1441 4527 verisimiliter
1453 4464 1483 4526 in
1501 4466 1600 4529 edna

58 4562 271 4643 Gbrysostomus
302 4560 444 4640 magistros
470 4559 570 4643 accipit
592 4557 745 4619 Carterium
772 4570 799 4618 et
852 4552 925 4632 dine,
952 4554 1052 4635 scripta
1077 4554 1251 4633 Comparatio
1276 4554 1348 4636 regis
1367 4566 1394 4615 et
1414 4552 1552 4616 monaehi.
1569 4568 1595 4616 1.
1695 4584 1699 4590 ·

56 4651 229 4726 Diodorum,
241 4653 277 4711 ad
298 4671 413 4730 quorum
433 4648 605 4731 disciplinam
619 4646 717 4709 deinde
733 4669 799 4732 per-
853 4640 918 4703 ltd.
1571 4729 1575 4735 .

55 4739 141 4799 trabit
152 4737 543 4800 Maximumetheodorum.
891 4730 958 4792 Item
981 4729 1009 4791 in
1035 4726 1181 4790 solitudine
1209 4726 1328 4811 scriptus
1351 4728 1421 4790 liber
1449 4728 1485 4791 de
1509 4731 1595 4794 Com·

95 4826 177 4888 Circa
205 4846 308 4888 annum
335 4835 390 4887 373
408 4823 504 4887 soribit
533 4823 590 4884 duo
618 4823 707 4908 prima
727 4845 798 4906 opu·
852 4820 995 4901 punctione
1005 4816 1046 4880 ad
1060 4816 1230 4879 Demetrium
1240 4841 1250 4896 3
1271 4831 1333 4900 post
1354 4814 1428 4878 bunc
1440 4836 1508 4881 veru
1526 4818 1597 4880 alter

55 4914 143 4992 scula,
166 4935 214 4976 seu
236 4914 380 4996 epistolam
403 4914 539 4995 geminam
557 4911 593 4975 ad
620 4913 797 4976 Theodorum
851 4907 1109 4989 decompunetioue
1122 4904 1158 4967 ad
1172 4905 1348 4973 Stdleebium.
1364 4921 1386 4969 1.
1400 4915 1464 4969 133.

53 5002 172 5085 lapaut.
892 5000 968 5057 Anno
992 5006 1057 5074 377,
1080 5008 1128 5057 aut
1141 5002 1209 5074 378,
1230 4988 1409 5078 probabiliter
1430 4991 1523 5077 scripti
1540 5007 1596 5056 tres

93 5093 175 5153 Circa
188 5112 291 5152 annum
303 5091 482 5153 ansanum
492 5090 622 5170 quaritur
638 5089 674 5152 ad
686 5089 795 5172 spism-
850 5086 915 5147 libri
936 5087 971 5147 ad
990 5084 1187 5148 eonsolandum
1201 5084 1351 5166 Stagirium
1373 5099 1593 5167 energumenum.

54 5195 146 5262 patum
153 5203 163 5258 3
175 5194 202 5242 at
214 5202 243 5241 se
257 5177 414 5242 osurltando
426 5178 527 5240 evadit.
849 5191 870 5237 1.
896 5185 960 5236 rsa.
