3750 6052
263 678 328 751 rio
743 705 773 750 s.
801 702 946 751 acaunus
970 698 1203 749 cunrsosnuur
1231 698 1326 761 trra,

256 848 320 887 nun
338 827 490 909 apostolum
514 826 639 887 viderant
660 850 668 884 ι
687 827 805 907 itemque
831 827 1001 911 Cyprianus,
1053 824 1170 905 utquid
1190 824 1258 884 utile
1272 822 1386 895 ediscat,
1401 834 1429 883 et
1442 818 1686 895 Christmidet,
1702 818 1811 881 etiamsi

258 919 415 980 Lactantius
431 931 458 979 et
475 918 611 993 Hilarius,
625 920 704 1001 cujus
717 920 845 1001 postremi
859 919 936 979 locus
948 918 1000 978 ob-
1052 916 1133 977 illum
1153 936 1207 975 nou
1229 927 1330 989 noscat,
1350 933 1433 992 quam
1453 932 1503 974 nos
1522 912 1636 977 auhn
1656 930 1811 993 nomque.

257 1011 362 1073 scariot
371 1026 421 1072 est.
436 1011 501 1071 llaec
509 1032 591 1092 porro
604 1010 711 1073 dicebat
720 1013 931 1095 chrysostomus
940 1025 1000 1071 ecto

255 1104 364 1169 circiter
386 1103 450 1186 plus
469 1104 560 1164 minus
581 1105 660 1165 annis
681 1118 744 1164 ante
765 1102 1000 1184 quadringentesi-

256 1217 332 1259 mum
346 1218 361 1255 a
372 1196 482 1257 Christo
493 1210 556 1256 nato
569 1198 718 1257 annum.Si
732 1210 821 1257 autem
834 1217 892 1256 reru
906 1196 943 1255 ita
953 1195 1000 1254 in-

255 1291 392 1353 tellexerit
404 1290 467 1363 ille,
482 1303 515 1349 ut
530 1290 655 1371 putarit,
671 1310 742 1351 anno
755 1289 803 1350 illo
817 1287 1001 1369 quadringen-

254 1383 352 1444 tesimo
360 1382 493 1464 completa
505 1382 564 1441 lore
573 1381 620 1441 illa
634 1402 683 1441 sea
694 1402 828 1442 annorum
839 1379 937 1455 millia,
946 1399 1001 1439 non

244 1473 413 1536 ‘consonabit
433 1486 504 1535 certe
523 1495 586 1534 cum
608 1473 746 1535 communi
768 1476 929 1535 Graeconam
947 1473 1002 1532 cal-

256 1565 330 1643 culo,
348 1566 398 1645 qui
417 1581 512 1647 putant
528 1566 667 1627 Christum
686 1580 856 1645 natum-esse
875 1585 947 1625 anno
964 1563 1001 1622 ab

258 1658 325 1719 orbe
334 1657 444 1719 condito
453 1661 542 1721 5508.
553 1662 588 1718 ht
599 1658 733 1719 nummus
743 1673 835 1718 utrum
845 1680 904 1719 aevo
911 1657 1002 1739 Chry·

258 1750 369 1811 scotomi
390 1750 427 1810 ita
448 1763 625 1832 supputarent
648 1752 750 1830 Greci,
773 1765 800 1811 et
819 1751 923 1830 alioqui
948 1769 1002 1810 non

259 1854 334 1900 tanto
345 1842 473 1923 scrupulo
487 1843 533 1902 ille
548 1859 625 1903 notas
632 1856 785 1925 temporum
797 1844 886 1903 affert.

163 1980 169 1992 .
300 1932 434 1994 homilias
453 1956 561 2014 quoque
581 1936 610 1995 in
631 1937 763 1997 loannem
784 1934 920 2015 octoginta
942 1949 1003 1995 octo

260 2045 374 2085 numero
391 2026 543 2086 Antiochiae
564 2026 676 2102 babuit,
700 2028 749 2087 ubi
769 2048 874 2088 nouum
892 2048 1003 2108 prorsus

260 2116 435 2179 concionandi
446 2119 542 2190 ritum,
557 2118 694 2181 insolitam
705 2117 934 2201 deprehendimus
946 2116 1003 2177 dis·

258 2210 364 2273 mendi
384 2211 528 2273 radonem.
551 2210 664 2294 Stylum
688 2232 753 2272 sane
770 2211 897 2272 eumdem
915 2210 1004 2271 cerni·

258 2301 482 2379 mandisticnem
493 2324 604 2382 prorsus
615 2304 733 2364 similem
737 2326 748 2382 5
758 2302 939 2382 eutuicmque
947 2316 1005 2363 stn-

258 2394 308 2455 tim
316 2395 488 2475 agnoscimus
498 2394 607 2455 dicendi
617 2396 749 2458 artificem
755 2395 1003 2477 Chrysostomum:

257 2502 287 2549 tn
300 2487 396 2548 ordine
410 2501 501 2547 autem
517 2502 544 2548 et
563 2488 591 2547 iu
612 2489 765 2569 argumenti
781 2490 887 2549 radone
905 2508 1004 2567 magna

257 2600 315 2639 sese
330 2580 410 2639 ollert
422 2579 577 2641 diversitas.
598 2582 630 2639 In
644 2581 747 2641 caeteris
759 2602 875 2660 namque
889 2582 917 2641 in
930 2581 1005 2641 Scri·

258 2686 366 2752 ptuaam
378 2692 483 2731 sacram
496 2673 713 2742 Commentariis,
725 2675 899 2753 maximeque
906 2674 934 2733 in
947 2674 1003 2733 llo-

259 2762 346 2823 miliis
362 2762 392 2823 in
410 2761 582 2839 hlattbacum,
602 2777 745 2844 postquam
759 2764 930 2845 singulorum
943 2786 1004 2826 ver·

260 2873 342 2913 suum
354 2854 460 2914 literam
469 2856 639 2935 explanarit,
649 2856 789 2917 occasione
796 2877 831 2917 ex
844 2857 916 2918 serie
929 2879 1004 2919 sum-

260 2958 299 3020 ta,
311 2944 347 3005 ad
357 2966 464 3005 morum
477 2945 649 3028 disciplinam
661 2949 809 3028 spectantia
823 2950 909 3009 multa
922 2951 1006 3010 inter·

260 3037 325 3098 serit
346 3062 355 3097 e
374 3053 456 3118 atque
471 3038 565 3099 insane
583 3040 770 3120 longissimam
788 3041 1005 3104 adhortationem

1053 1029 1123 1082 mrrr,
1138 1009 1187 1087 qui
1202 1007 1293 1089 ipsum
1306 1006 1444 1081 norimus,
1457 1004 1506 1085 qui
1519 1026 1574 1065 nou
1587 1024 1669 1067 scens
1679 1016 1808 1087 putenam,

1054 1122 1108 1159 non
1122 1101 1150 1159 in
1158 1098 1264 1159 desem
1277 1114 1390 1174 stamus,
1402 1118 1456 1158 non
1467 1098 1496 1158 in
1505 1096 1634 1173 meridie,
1646 1116 1706 1158 non
1717 1096 1809 1157 adun

1053 1191 1188 1252 solaribus
1208 1190 1306 1266 radiis,
1325 1191 1372 1250 sed
1392 1190 1445 1250 sub
1465 1210 1575 1268 aurora,
1595 1188 1652 1249 sub
1665 1188 1725 1249 boc
1741 1202 1809 1249 tecto

1053 1284 1150 1344 umbra
1165 1283 1282 1344 fruimur
1295 1298 1321 1343 et
1335 1282 1454 1343 suaviter
1464 1280 1582 1363 agimus,
1596 1300 1692 1363 neque
1702 1281 1809 1363 patiera-

1053 1389 1095 1436 ter
1114 1375 1241 1435 audimus
1257 1372 1470 1457 quidpiam,sed
1489 1372 1595 1435 desidie
1616 1374 1809 1457 torpemus?-

1053 1468 1140 1528 llasce
1162 1488 1225 1527 uero
1246 1468 1387 1527 conciones
1408 1465 1578 1527 illucescente
1601 1484 1721 1541 auten,
1746 1484 1807 1525 cum

1055 1560 1224 1629 brevissima,
1251 1572 1349 1639 praeter
1374 1578 1489 1631 morem,
1518 1556 1618 1617 morali
1640 1556 1806 1639 disciplina,

1054 1652 1258 1733 pronuntiabat,
1276 1671 1311 1710 ne
1329 1651 1444 1710 aliarum
1464 1651 1643 1723 sannionum,
1666 1670 1741 1731 ques
1759 1670 1809 1733 per

1055 1765 1156 1804 annum
1173 1742 1305 1819 habebat,
1317 1757 1343 1802 et
1360 1763 1421 1822 quae
1435 1742 1586 1803 moralibus
1596 1742 1750 1825 preceptis
1761 1764 1808 1803 re-

1054 1836 1228 1913 dundabant,
1251 1859 1361 1897 cursum
1383 1838 1578 1919 interpellaret.
1604 1836 1665 1899 llas
1689 1858 1758 1899 reru
1779 1839 1808 1899 in

1055 1930 1236 2012 Evangelium
1256 1932 1369 1993 loannis
1383 1930 1520 1992 breviores
1534 1932 1684 1993 conciones
1697 1930 1735 1993 iis
1747 1946 1808 1994 tan·

1056 2036 1114 2083 taam
1127 2024 1232 2085 dixisse
1240 2023 1365 2099 ridetur,
1378 2024 1502 2103 quicum
1514 2024 1653 2087 benun·
1668 2040 1807 2087 mucerta·

1055 2131 1125 2177 reni.

1096 2209 1318 2291 Elegantissimas
1330 2208 1412 2268 mam
1427 2208 1455 2269 in
1469 2208 1624 2291 Epistulam
1637 2210 1682 2271 nd
1703 2212 1867 2283 Roma-naa

1055 2322 1105 2362 nos
1117 2304 1258 2364 conciones
1274 2302 1425 2362 Antiochia
1439 2301 1550 2375 habuit,
1564 2315 1596 2362 ut
1609 2301 1726 2383 liquido
1741 2324 1806 2365 cco·

1055 2408 1109 2455 stat
1121 2416 1156 2454 ea
1169 2394 1215 2471 iis,
1232 2416 1293 2474 qua
1307 2394 1335 2453 in
1356 2392 1516 2452 Prelatione
1527 2392 1668 2455 diximus.
1685 2395 1739 2457 llis
1756 2418 1806 2457 aa·

1055 2500 1110 2547 tem
1124 2487 1278 2547 accuratius
1290 2482 1484 2546 concinnandis
1493 2506 1604 2567 opernm
1615 2484 1703 2549 dedit
1715 2488 1808 2549 doetm

1056 2592 1157 2653 noster,
1178 2580 1241 2658 quia
1256 2580 1284 2638 in
1307 2578 1358 2639 laac
1372 2580 1485 2660 epistola
1498 2579 1601 2641 Paulus
1613 2578 1739 2643 obseura
1755 2582 1807 2643 hu-

1056 2691 1222 2749 manumque
1242 2670 1415 2731 ratiocinium
1433 2671 1625 2752 exsuperantia
1650 2674 1745 2735 multa
1763 2674 1808 2735 ad-

1056 2764 1217 2837 miscuerat,
1242 2784 1302 2842 que
1325 2764 1464 2843 ingenioso
1482 2784 1514 2823 ac
1534 2776 1648 2825 strenuo
1674 2764 1809 2849 interpre

1057 2872 1165 2941 tenpus
1178 2859 1289 2920 habent.
1306 2859 1486 2941 Explicandis
1498 2859 1606 2919 arcanis
1624 2860 1689 2923 iliis
1709 2878 1810 2945 myste·

1056 2953 1117 3029 riis,
1132 2974 1194 3033 quae
1210 2953 1311 3035 passim
1330 2954 1358 3013 in
1372 2952 1424 3014 hac
1436 2951 1549 3035 epistola
1561 2970 1740 3033 occurrunt,
1754 2970 1809 3018 tan·

1058 3057 1113 3104 tam
1126 3048 1244 3108 loannes
1256 3059 1346 3105 noster
1362 3044 1490 3105 adhibuit
1502 3066 1630 3127 operam,
1644 3062 1682 3109 ut
1696 3050 1750 3111 rix
1761 3072 1809 3135 pa·

261 3130 368 3212 adjicit,
392 3151 446 3209 qua
467 3145 494 3192 et
511 3154 655 3214 procerum
675 3149 702 3195 et
721 3137 884 3217 populorum
906 3160 1006 3220 pravos
1058 3160 1116 3199 rem
1135 3139 1164 3198 in
1185 3138 1292 3219 scriptis
1315 3138 1374 3220 ejus
1393 3136 1591 3220 deprehendas.
1616 3138 1706 3203 l'aerte
1728 3142 1844 3203 matun

261 3243 351 3284 mores
370 3222 526 3299 insectatur,
547 3239 628 3303 atque
649 3226 686 3286 ad
704 3228 833 3288 virtutem
852 3227 1005 3291 adeundam
1059 3229 1087 3290 iu
1107 3230 1155 3291 illa
1175 3230 1310 3290 habentur
1327 3232 1397 3289 circa
1416 3229 1531 3310 gratiam
1549 3242 1575 3290 et
1589 3230 1811 3313 prudentinatio

261 3316 387 3376 stimulos
399 3315 488 3377 addit.
502 3317 533 3376 ln
544 3316 619 3377 hisce
627 3331 718 3379 autem
726 3318 753 3378 in
764 3322 896 3381 Joannem
916 3322 1004 3383 bomi-
1058 3342 1132 3397 nem,
1140 3344 1201 3403 quae
1215 3322 1439 3403 peritissimorum
1450 3321 1556 3402 ingenis
1567 3340 1813 3409 ramumque-

262 3407 309 3467 liis
336 3406 391 3468 alio
414 3408 592 3469 concionandi
616 3430 713 3490 genere
739 3413 871 3493 procedit.
900 3415 1005 3476 Passim
1058 3440 1112 3499 que
1120 3438 1173 3477 non
1183 3417 1242 3477 sine
1251 3416 1489 3499 errandipericulo
1497 3417 1609 3478 tractari
1617 3437 1813 3501 possuugu

262 3515 527 3583 namquepostquam
540 3503 663 3583 singulos
674 3526 766 3565 uersus
776 3507 878 3583 attulit,
889 3507 1005 3589 illosque
1059 3532 1156 3592 magna
1176 3510 1267 3571 cautio
1291 3509 1462 3570 adhibeatur.
1489 3508 1565 3569 ilaue
1592 3514 1768 3577 concionum
1788 3516 1813 3577 in

261 3594 454 3675 maximequos
464 3595 611 3657 Catholicis
619 3597 739 3659 haretici
749 3599 866 3682 objicere
874 3604 1008 3675 solebant;
1058 3604 1212 3686 Epistulam
1234 3600 1269 3662 ad
1285 3602 1422 3662 Romanos
1435 3600 1624 3663 collectionem
1638 3606 1815 3689 magnifacit

261 3685 398 3748 auditores
415 3709 479 3748 suos
496 3689 625 3750 adversus
645 3691 755 3751 illorum
775 3694 896 3773 argutias
918 3709 945 3755 et
962 3717 1005 3755 so·
1059 3695 1179 3755 isidorus
1191 3694 1338 3766 Pelusiota,
1351 3692 1453 3772 aliique
1461 3692 1534 3753 docti
1544 3692 1602 3754 viri
1612 3696 1750 3761 cumdem
1761 3720 1815 3783 pre-

264 3779 399 3860 pbismata
415 3780 503 3841 munit
516 3782 691 3860 roboratque,
704 3799 786 3863 atque
803 3800 833 3845 ut
847 3785 940 3845 statim
953 3787 1006 3844 de·
1059 3786 1148 3846 serunt
1162 3786 1330 3846 sententiam.
1353 3787 1457 3846 Omnes
1474 3784 1594 3865 denique
1616 3786 1669 3851 laic
1689 3792 1815 3873 granden

263 3870 450 3952 prehenditur,
463 3872 497 3931 iis
508 3874 554 3951 qui
565 3886 658 3933 contra
669 3873 759 3935 hostes
771 3874 929 3956 hujusmodi
937 3898 1008 3957 saque
1061 3877 1162 3957 ingenii
1188 3879 1377 3952 subtilitatem,
1398 3876 1494 3938 orandi
1516 3878 1576 3939 rim
1596 3892 1626 3941 et
1652 3880 1816 3965 elegantiam

265 3982 361 4020 manus
376 3962 547 4020 conserebant
559 3983 634 4021 arma
649 3964 793 4023 ministrat.
1061 3989 1119 4051 pras
1135 3972 1282 4047 scierunt,
1299 3985 1380 4051 atquc
1395 3971 1516 4031 nativam
1532 3971 1595 4053 ejus
1609 3972 1815 4057 eloquentiam,

306 4052 370 4111 Haec
385 4073 465 4132 porro
475 4074 528 4113 non
536 4054 565 4113 in
572 4055 700 4114 omnibus
709 4056 830 4118 homiliis
841 4073 986 4118 occurrunt
998 4084 1007 4136 ;
1061 4064 1215 4144 stylumque
1229 4066 1330 4125 ceteris
1346 4062 1534 4145 Cbrysostomi
1549 4064 1693 4147 operibus
1706 4070 1750 4131 aie
1762 4070 1816 4131 alii·

267 4142 315 4204 sed
331 4144 359 4202 in
376 4144 409 4202 iis
426 4157 543 4217 tantum,
559 4145 607 4205 uhi
621 4168 651 4205 ca
665 4149 777 4209 loannis
790 4150 849 4209 loca
867 4150 1010 4230 explican—
1061 4175 1133 4228 nean,
1147 4170 1176 4215 ut
1191 4178 1243 4216 non
1258 4158 1391 4229 sitorum
1409 4176 1461 4216 oro
1474 4154 1606 4217 similius.

268 4248 328 4309 tarr,
342 4256 402 4329 quar
420 4235 463 4294 uel
483 4236 518 4295 ad
540 4239 721 4315 aeqtralitatem
747 4244 1008 4304 consubstantialita-
1099 4247 1171 4306 inter
1186 4247 1404 4326 praestantissima
1415 4246 1603 4329 chrysostomi
1620 4270 1717 4333 opera
1728 4270 1861 4317 accuens

269 4339 377 4405 temque
392 4327 481 4386 Patris
497 4341 523 4385 et
538 4327 601 4387 Filii
615 4331 784 4409 probandam
797 4348 859 4416 apta
873 4350 946 4409 sunt,
965 4339 1009 4399 vel
1063 4355 1155 4401 sentur
1168 4343 1293 4404 homilia
1308 4345 1334 4402 in
1347 4342 1499 4423 Epistulam
1514 4356 1670 4425 utramque
1684 4351 1770 4413 Pauli
1783 4348 1815 4413 ad

269 4439 330 4496 quar
342 4419 379 4478 ab
392 4418 525 4478 hereticis
535 4420 569 4480 ad
582 4420 658 4481 illam
668 4425 884 4504 impugnandam
897 4450 1011 4511 usurpa·
1063 4433 1233 4508 Corinthios,
1246 4455 1278 4493 ac
1290 4455 1351 4493 cum
1365 4434 1461 4514 primis
1473 4432 1607 4514 elegantia
1627 4450 1662 4497 ct
1682 4442 1815 4521 gravitate

269 4510 379 4570 bantur.
402 4511 458 4572 Ubi
482 4532 547 4571 uero
567 4512 603 4573 de
624 4512 769 4575 divinitate
792 4533 874 4596 atque
894 4525 1012 4583 constrb-
1063 4543 1215 4588 concertare
1238 4540 1367 4610 possunt;
1388 4527 1507 4586 anaaime
1534 4546 1602 4587 vero
1624 4526 1768 4595 Homilie
1792 4536 1814 4594 in

270 4601 446 4661 stantialitate
463 4601 528 4661 Filii
548 4624 601 4664 non
615 4605 723 4685 agitur;
739 4606 845 4668 literam
860 4610 907 4671 ille
920 4615 1014 4694 paucis
1064 4619 1179 4699 primam
1194 4620 1355 4700 Epistulam,
1369 4639 1437 4699 quas
1451 4617 1579 4679 Homiliis
1600 4620 1641 4680 ad
1667 4626 1815 4689 mendam

272 4691 408 4771 explanat.
418 4693 552 4753 bloraleru
562 4716 670 4775 quoque
681 4696 855 4780 disciplinam
871 4703 941 4763 inter
952 4725 1014 4766 tcu—
1064 4712 1145 4771 multi
1158 4727 1253 4793 putant
1263 4734 1320 4772 esse
1332 4709 1569 4786 anteferendas,si
1581 4724 1814 4795 tropcsetaem·
1861 4706 1866 4719 ⁵

272 4783 435 4843 cionandum
459 4786 546 4845 rarius
569 4788 695 4868 attingit,
719 4791 926 4874 concionemque
951 4797 1015 4857 bre-
1066 4805 1195 4865 rationem
1218 4806 1388 4888 spectaveris.
1407 4806 1438 4864 ln
1462 4803 1604 4885 prioribus
1627 4826 1761 4895 namque
1776 4812 1814 4873 di-

274 4875 387 4935 visuima
401 4874 590 4939 adhortatione
610 4881 707 4940 morali
724 4883 827 4943 claudit
845 4909 852 4943 ε
872 4888 909 4946 ita
925 4902 956 4948 ut
974 4890 1015 4949 ba:
1065 4895 1178 4975 ligenter
1189 4898 1277 4957 omnia
1290 4899 1443 4976 tusionque
1454 4896 1525 4979 stylo
1537 4902 1744 4980 persequitur,
1755 4904 1814 4967 sali·

274 4970 303 5031 in
316 4970 448 5031 loannem
461 4969 611 5071 conciones,
625 4972 739 5034 dimidia
754 4977 810 5038 iere
821 4980 863 5038 sui
876 4995 952 5061 parte
963 4983 1017 5042 mi·
1066 4989 1170 5067 harsqm
1188 4991 1340 5068 frequenter
1358 4990 1460 5065 utitur,
1475 5009 1507 5048 ac
1527 4988 1686 5057 minutiora
1708 5018 1814 5079 queque

274 5082 354 5123 nores
370 5076 403 5123 nt
423 5059 574 5163 plurumum
595 5063 648 5124 sint
664 5066 791 5129 Homiliis
806 5070 833 5129 in
845 5074 1015 5136 Matthanm.
1065 5080 1175 5140 discutit
1185 5106 1196 5162 3
1208 5103 1339 5162 nusquam
1354 5097 1425 5142 certe
1437 5085 1538 5164 majore
1550 5083 1650 5146 studio
1665 5091 1813 5153 elaboratas

294 5247 300 5258 ι
317 5152 454 5233 Quodque
466 5151 603 5232 nugatam
616 5169 665 5226 est,
683 5157 761 5218 hasce
774 5160 801 5220 in
813 5164 944 5226 Joannem
953 5188 1016 5226 mn·
1068 5173 1205 5232 conciones
1220 5173 1403 5255 deprehendas
1419 5199 1425 5233 ι
1442 5197 1494 5253 qua
1514 5175 1543 5235 in
1564 5196 1597 5237 re
1614 5178 1743 5247 fortasse
1761 5186 1812 5265 qni

277 5267 368 5308 cannes
387 5245 506 5306 babebat
527 5244 747 5326 Chrysostomus,
767 5273 873 5313 summo
895 5278 973 5318 mane
991 5274 1018 5319 et
1067 5264 1131 5324 darn
1146 5265 1268 5325 hodierni
1289 5267 1398 5327 lectores
1415 5267 1568 5328 redundare
1588 5269 1697 5353 illurn,
1709 5278 1813 5339 natm

277 5339 447 5400 illucescente
467 5358 577 5414 aurora,
597 5352 627 5396 ut
650 5340 810 5403 testificatur
831 5346 888 5428 ipse
906 5350 1017 5413 homilia
1067 5371 1151 5417 metas
1172 5379 1371 5438 nonnumquam
1397 5360 1522 5442 progredi
1550 5361 1696 5432 dixerint.
1716 5375 1812 5437 Versat

276 5435 415 5513 trigesima
431 5434 519 5515 prima
538 5456 567 5512 p.
593 5436 651 5495 182
669 5458 676 5491 :
701 5460 715 5491 ι
730 5438 761 5523 Si
774 5461 839 5498 vero
853 5444 949 5503 mulier
964 5447 1017 5507 Sa·
1068 5449 1131 5519 ille,
1145 5449 1216 5529 quod
1231 5454 1393 5533 precipuum
1411 5468 1449 5512 cst
1462 5455 1576 5515 oratoris
1590 5478 1725 5543 munus,
1736 5464 1809 5527 audi·

276 5529 420 5608 montana,
443 5552 459 5584 ι
484 5527 583 5607 inquit,
604 5552 621 5584 c
642 5542 747 5590 tantum
768 5532 880 5595 adhibet
897 5537 1017 5599 studium
1067 5555 1156 5601 torum
1172 5544 1306 5623 ingenium
1318 5560 1343 5605 et
1354 5562 1460 5629 captum
1477 5560 1532 5606 tam
1552 5550 1676 5617 solerter
1692 5548 1829 5642 explere.
