3750 6052
244 529 314 600 288
870 546 987 595 seuntt
1014 548 1176 609 eunoun.

241 688 267 734 et
281 695 359 733 aures
372 693 435 733 suas
458 671 652 743 obstruxerunt
676 690 709 729 ue
732 668 876 745 audirent,
890 691 986 731 secuu-
1043 671 1081 748 μὴ
1099 671 1204 744 eliisei,
1215 671 1260 730 καλ
1275 669 1308 729 τά
1320 660 1379 730 ὦτα
1392 672 1479 731 αὐτῶν
1494 669 1611 753 ίφραίαν
1622 676 1674 731 τοῦ
1688 670 1734 748 μὴ
1748 672 1833 730 ἀκού·

241 756 309 813 dum
325 753 401 812 lsaiae
420 751 542 827 dictum,
566 771 600 810 ne
621 763 840 809 converterentur
860 761 888 809 et
908 771 989 810 sana·
1042 773 1102 825 σαι,
1125 751 1195 810 κατὰ
1210 750 1255 810 τὸν
1280 757 1327 811 τοῦ
1342 749 1454 811 Ἠσαίαν
1466 750 1557 828 λόγον,
1571 750 1619 810 ίνα
1633 749 1675 828 μὴ
1691 752 1832 830 ίπιστρα-

242 846 345 895 rentur.
364 833 414 895 His
425 830 526 891 similia
540 829 611 889 alius
631 828 761 911 propheta
780 829 911 890 Jeremias
929 830 987 889 cla·
1042 835 1113 910 φῶσι
1124 831 1169 890 καί
1183 832 1286 889 ίαθῶσι.
1302 832 1329 889 Τ
1330 829 1348 890 ά
1357 828 1438 929 ὅμοια
1446 829 1547 889 τούτων
1562 830 1612 891 καὶ
1624 830 1833 907 άλλοςιπροφὴ-

89 933 138 977 Jer.
156 931 194 976 5t.
205 946 229 991 ρ.
243 913 334 972 mahat
348 911 458 971 dicens:
480 912 652 970 Curaoimns
671 909 857 985 Babylonem
867 955 876 983 ,
886 921 914 967 et
929 930 989 968 ιιοιε
1042 933 1090 981 της
1104 908 1235 989 Ἱερεμίας
1248 907 1341 986 ίκραζε
1351 912 1448 988 λεγειν·
1463 907 1661 988 Ἰατρεύσαμεν
1672 908 1728 982 τὴν
1742 909 1832 968 Babo-

242 1007 284 1052 est
295 1006 404 1052 sonata
412 1016 424 1062 ,·
436 989 539 1050 medela
554 1010 607 1048 non
622 987 734 1049 intravit
754 988 879 1047 inillam.
896 988 988 1069 Baby·
1042 991 1115 1048 λῶνα
1128 988 1174 1048 καλ
1194 990 1242 1048 οθκ
1257 988 1335 1059 ίάθη·
1352 990 1401 1049 οὐκ
1420 988 1501 1062 άνίόη
1513 989 1583 1056 ίασις
1596 991 1627 1049 is
1644 991 1729 1060 αιίτῆ.
1745 988 1832 1048 Bam-

242 1072 288 1131 lou
303 1085 393 1131 autem
415 1070 568 1151 explicatur
592 1067 729 1129 conlusio:
754 1064 896 1127 confusum
915 1089 989 1127 eorm
1043 1067 1097 1128 λὼν
1111 1067 1139 1129 θλ
1158 1067 1332 1147 ἑρμηνεύεται
1351 1067 1493 1148 σύγχυσις·
1510 1067 1665 1150 ανγκόχυτο
1678 1053 1770 1149 γάρὴ
1786 1070 1832 1126 άν-

242 1165 300 1211 crat
318 1171 404 1230 genus
426 1151 578 1208 humanum
612 1170 648 1207 ra
670 1149 795 1208 caecitate.
815 1145 868 1209 sal
892 1147 989 1206 modiis
1043 1146 1832 1287 θρωπάιηςτῇάόλεφίφ.ἰλλλ’ὁμλντρόποςάρίστωνίτ-

242 1230 356 1291 curandi
366 1229 403 1289 ad
418 1229 535 1310 optimos
548 1170 665 1295 medicos
680 1229 806 1308 pertinet,
821 1241 847 1286 et
861 1226 987 1307 discipu·
1042 1227 1193 1308 τρῶν·τοθς
1209 1233 1298 1304 μαθητ
1317 1227 1560 1366 ςθπεφύαίνειτῶν
1595 1228 1697 1307 ρονίονν
1709 1228 1830 1306 τραυμά-

244 1310 285 1370 los
306 1324 450 1391 exsuperat
468 1309 680 1368 inveteratorum
702 1307 847 1367 vulnerum
872 1307 986 1365 curatio.
1009 1307 1251 1386 θτωνὴίατρεία.
1268 1304 1397 1366 Ούτωκα
1425 1312 1539 1385 θμονογ
1577 1331 1600 1379 ,ς
1615 1306 1830 1375 Υίίιςτῶθεῶ

244 1391 291 1463 bsic
305 1404 331 1449 et
345 1388 501 1467 unigenitus
516 1386 602 1446 Filius
614 1387 664 1446 Dei
684 1391 762 1448 lesus
784 1387 921 1458 Christus,
945 1385 989 1444 vi-
1043 1385 1145 1460 Ἰησοῦς
1159 1387 1272 1466 Χριστὸς
1287 1389 1355 1464 ὁρῶν
1371 1386 1414 1445 διά
1430 1393 1476 1447 τοῦ
1486 1388 1569 1464 νόμον
1579 1386 1629 1447 καλ
1647 1390 1707 1446 τῶν
1720 1410 1830 1468 προφη-

245 1469 313 1528 dens
328 1468 467 1527 hominurn
482 1467 649 1549 impietatem
664 1488 712 1548 per
732 1467 816 1545 legem
828 1479 854 1524 et
875 1465 991 1547 propbe-
1047 1470 1100 1526 τῶν
1124 1465 1161 1543 μὴ
1185 1466 1300 1526 ίαθεῐσαν
1314 1470 1367 1526 τῶν
1383 1465 1527 1546 ἀνθρώπιον
1551 1465 1603 1540 τὴν
1617 1466 1754 1527 άοίὸείαν
1778 1490 1830 1526 πα-

246 1563 288 1609 tas
320 1568 373 1607 nou
403 1561 521 1606 senatun
551 1546 649 1617 luisse,
673 1568 688 1605 e
710 1546 862 1605 caelestibus
882 1544 1183 1624 advenitmpaplsarat
1205 1546 1232 1615 ἐξ
1255 1546 1519 1626 seperius-ildico,
1536 1543 1564 1613 ίί
1586 1546 1669 1624 ἁγίας
1694 1547 1828 1627 παρθένον

247 1627 411 1697 fornicibus,
427 1647 463 1686 ex
481 1640 571 1687 sancta
588 1625 701 1717 Virgine
715 1625 801 1685 llIaria
824 1639 917 1700 uatus,
933 1624 992 1704 pri·
1012 1638 1031 1683 Α
1049 1628 1097 1685 Μα
1116 1625 1156 1691 ίας
1175 1625 1294 1705 τεχθεὶς,
1306 1630 1409 1704 πρῶτον
1432 1623 1479 1703 μὲν
1501 1623 1546 1684 διά
1569 1630 1618 1686 τοῦ
1641 1631 1768 1700 σταυροῦ
1786 1627 1829 1686 τὀν

248 1727 294 1767 mo
307 1706 417 1785 quidem
456 1727 485 1765 er
497 1726 604 1765 crucem
624 1704 764 1765 diabolum
784 1705 812 1763 in
825 1706 919 1784 lugam
933 1725 994 1763 con·
1048 1649 1171 1765 διάύολον
1197 1703 1419 1785 τροπωσάμενος,
1442 1703 1560 1783 δεύτερον
1584 1703 1616 1766 θλ
1636 1706 1686 1765 τὸν
1716 1705 1831 1765 θάνατον’

248 1788 346 1863 vertit,
371 1728 470 1845 deinde
490 1799 602 1847 mortem
625 1785 762 1866 captivam
783 1784 881 1857 duxit,
896 1797 923 1844 ct
945 1805 994 1864 per
1049 1784 1269 1864 αἰχμαλωτίζων,
1283 1784 1326 1843 διά
1340 1784 1368 1846 θλ
1381 1788 1430 1855 τῆς
1442 1783 1588 1864 τριημίροο
1602 1788 1690 1845 αὐτοῦ
1706 1788 1829 1846 ἀναστά-

249 1867 406 1927 triduanam
430 1865 437 1922 i
473 1866 515 1925 ius
536 1866 757 1925 resurrectionem
779 1865 813 1923 iis
841 1865 888 1956 qui
910 1885 994 1944 prope
1049 1886 1116 1932 σεως
1133 1864 1236 1942 εἰρήνην
1263 1872 1316 1931 τοῖς
1337 1863 1414 1944 ἐγγὺς
1434 1864 1479 1923 καλ
1499 1871 1554 1931 τοῖς
1573 1864 1688 1945 μακράν
1711 1868 1830 1946 χαρισά-

249 1947 337 2027 etqui
352 1887 535 2026 proculiunt
547 1967 640 2025 pacem
654 1945 787 2019 largitus,
801 1943 838 2003 ad
852 1945 937 2024 ipsius
949 1963 995 2002 co·
1052 1968 1143 2021 μενος,
1159 1944 1260 2012 πάντας
1275 1945 1311 2010 είς
1328 1943 1377 2015 ela
1398 1947 1490 2003 ἑαυτοῦ
1508 1945 1672 2021 crepantes
1694 1947 1828 2026 ἕπὴγσγι.

100 2054 121 2086 ι.
134 2039 188 2085 cor.
202 2027 397 2106 1⁵.guittonem
413 2040 523 2086 cunctos
533 2025 663 2085 adduxit·
676 2027 733 2084 Ubi
744 2027 998 2096 est,mors,stimrt·
1051 2025 1109 2083 Ποῦ
1124 2046 1186 2096 σου,
1202 2021 1494 2101 θάνατε,τθκίντρον;
1508 2022 1591 2102 Παρὰ
1608 2029 1658 2084 τοῦ
1679 2026 1758 2086 Θεῶ
1778 2051 1833 2103 μα-

98 2106 138 2149 55.

253 2107 299 2167 lus
309 2106 429 2167 tuusPtl
446 2107 502 2165 Deo
515 2119 554 2164 est
564 2104 710 2165 beatitudo.
727 2105 763 2163 Et
773 2105 823 2163 hoc
832 2102 997 2183 conspiciens
1052 2102 1187 2184 καριύτης.
1208 2102 1261 2163 Καί
1279 2107 1357 2163 τοῦτο
1377 2102 1502 2162 tabita
1551 2101 1728 2175 ήτηεΔαυλδ
1747 2105 1835 2185 λέγει·

99 2212 209 2260 p„,1‚3,‚
221 2227 240 2257 r.
253 2185 384 2267 propheta
399 2184 491 2245 David
508 2183 589 2244 tlicit:
616 2188 703 2244 Beati
725 2205 849 2263 quorum
873 2183 998 2242 remissa
1054 2182 1191 2263 Μακάριοι
1210 2174 1247 2245 ὧν
1268 2180 1402 2261 ἀφέθησαν
1417 2186 1445 2241 αἱ
1463 2185 1533 2260 άνομ
1544 2206 1590 2253 αι,
1603 2183 1651 2243 καὶ
1676 2174 1719 2243 ὄν
1734 2188 1835 2245 inexa-

252 2281 321 2325 srtnt
332 2268 514 2346 iniquitates,
526 2279 553 2325 et
566 2286 691 2346 qnorum
702 2276 778 2323 tecto
789 2275 855 2323 sunt
866 2273 997 2343 peccata.
1053 2262 1188 2341 λύφθησαν
1203 2267 1231 2322 αἱ
1246 2261 1384 2340 ἁμαρτίαι.
1395 2261 1446 2329 tt<
1455 2261 1483 2319 il
1494 2261 1605 2329 θονατθς
1620 2262 1738 2343 άφιίναι
1752 2266 1837 2343 ίμαρ

100 2367 176 2409 trare.
188 2378 243 2425 ²7·
258 2347 330 2425 (lues
342 2357 435 2425 potest
447 2359 544 2403 autem
564 2347 707 2403 dimittere
725 2355 862 2422 peccata,
878 2345 936 2401 nisi
949 2360 1011 2419 so·¹
1054 2340 1122 2417 τίας,
1137 2344 1160 2400 εἰ
1174 2340 1212 2421 μὴ
1235 2333 1271 2408 eie
1294 2346 1308 2400 ὁ
1329 2340 1412 2413 Θεόςς
1425 2339 1572 2421 Ἄνθρωποι
1594 2339 1647 2422 γὰρ
1679 2342 1838 2424 ἀνομίης

100 2454 156 2495 ιιι,
169 2449 189 2494 5.
203 2461 242 2494 ιι,
254 2426 300 2485 lus
316 2428 417 2485 Deus?
431 2426 556 2484 Homines
570 2424 642 2482 enim
660 2444 722 2481 cum
740 2423 831 2482 beatos
852 2422 1000 2503 pradicant
1017 2431 1036 2478 o
1055 2421 1243 2499 μακαρίζοντες
1258 2419 1330 2479 οὐδὲν
1345 2423 1490 2501 ὠφελοῦσι,
1510 2420 1641 2489 πολλάκις
1656 2421 1690 2484 θλ
1706 2424 1756 2483 καὶ
1771 2426 1839 2502 βλή.

254 2504 394 2577 homiues,
408 2503 478 2562 nihil
490 2505 605 2582 jtrvant,
622 2524 692 2582 saepe
707 2503 787 2561 etiarn
800 2516 912 2576 nocent,
930 2501 1001 2558 sicut
1055 2525 1161 2569 πτουσι,
1175 2501 1262 2568 καθώς
1274 2523 1353 2582 φησιν
1365 2504 1379 2559 θ
1389 2499 1526 2580 προφήτης
1538 2497 1676 2568 Ἠσαίας·
1690 2503 1767 2571 Λαίς
1779 2526 1840 2582 μοι,

102 2621 151 2666 lm·
170 2622 194 2666 3·
206 2631 241 2664 ις,
253 2584 291 2643 alt
304 2585 387 2643 isaias
401 2583 533 2662 propheta
547 2608 553 2640 :
569 2584 680 2659 Populi:
694 2603 775 2640 meus
790 2626 798 2653 ,
812 2589 863 2662 qui
886 2593 913 2639 te
929 2583 1001 2638 bea·
1055 2584 1081 2640 ol
1103 2581 1291 2661 μακαρίζοντες
1308 2583 1377 2657 ὑμᾶς
1399 2584 1534 2639 sterben
1552 2584 1635 2657 ὑμᾶς,
1645 2581 1700 2641 καί
1713 2583 1766 2655 vla
1779 2582 1841 2662 τρί-

157 2878 161 2886 ,
255 2842 384 2881 unacum
411 2819 485 2879 dicto
508 2821 622 2900 gratiam
637 2840 744 2899 qnoque
768 2819 891 2898 largitur.
915 2823 1004 2896 Atque
1057 2819 1194 2899 τοῦλόγου
1208 2817 1255 2891 τλν
1271 2818 1414 2886 ἀπόδειξιν.
1432 2821 1455 2878 l.

107 3064 145 3108 ¹3·
159 3073 181 3106 εἰ
195 3074 230 3119 ¹7·
256 3062 358 3120 dicum
368 3061 501 3118 homines
516 3080 577 3120 esse
588 3068 601 3119 t
611 3065 621 3135 )
632 3064 738 3119 Beatus
752 3080 797 3129 es,
814 3063 915 3116 Simon
931 3059 1004 3116 Bar·
1059 3057 1154 3130 Ἰωνᾶ,
1168 3057 1209 3116 ότι
1223 3058 1294 3136 Σάρξ
1304 3057 1350 3117 καὶ
1364 3048 1432 3134 αἷμα
1445 3061 1493 3117 οὐκ

113 4487 147 4523 ΙΙ,
172 4486 208 4519 12.

254 2677 316 2722 tum
327 2666 439 2735 dicunt,
450 2666 505 2741 ipsi
518 2675 545 2721 te
556 2663 713 2738 decipiunt,
723 2675 751 2720 et
762 2665 843 2719 viam
851 2680 1001 2739 gressuum
1056 2661 1103 2720 όον
1115 2665 1168 2719 τῶν
1182 2662 1270 2719 ποδῶν
1292 2663 1366 2737 θμιῖιν
1388 2658 1615 2740 ίκταράσσαισιν·
1630 2665 1645 2720 ό
1665 2660 1698 2722 bl
1713 2663 1838 2745 μακαρί-

255 2741 605 2820 ειεοτιιιιιάίεείριιιιειίιίσ
623 2761 687 2801 vero
707 2762 768 2800 cum
790 2740 898 2798 beatum
912 2738 1000 2810 dicit,
1057 2742 1109 2809 ζων
1122 2738 1169 2798 σὺν
1185 2744 1223 2820 τῷ
1241 2738 1312 2821 λόγῳ
1335 2739 1381 2798 καί
1401 2739 1449 2811 τὴν
1453 2740 1544 2877 Ῐχάριν
1558 2761 1598 2799 πα
1627 2763 1688 2820 χει.
1703 2742 1840 2803 Kalliai&

1445 2820 1453 2834 ’
1466 2843 1514 2877 πεν
1526 2822 1541 2877 θ
1554 2818 1653 2900 Κύριος
1667 2825 1712 2901 τῷ
1723 2822 1838 2904 Πίτριρ,

255 2900 324 2961 dicti
340 2898 533 2980 probationem
557 2901 655 2979 accipe.
669 2899 747 2959 Dixit
769 2899 905 2958 Dominus
924 2898 1003 2957 Petro
1057 2897 1138 2972 ἡνίκα
1155 2897 1214 2966 τούς
1231 2899 1350 2977 μαθητὰς
1363 2896 1472 2978 ἠρώτα,
1485 2896 1589 2977 λέγων·
1604 2898 1681 2960 Τίνα
1697 2925 1736 2979 μι
1749 2905 1776 2961 οἱ
1790 2902 1839 2961 άν-

104 3001 192 3046 atant.
209 2982 336 3059 16.(cum
347 2979 497 3060 discipulos
514 2979 703 3058 interrogavit,
725 2978 833 3049 dicens,
853 2980 945 3056 Quem
958 2999 1004 3036 me
1059 2985 1160 3058 θρωποι
1178 2978 1297 3056 λέγουσιν
1323 2968 1405 3049 είναες
1427 2976 1565 3116 Μακάριος
1591 2968 1632 3048 εί,
1655 2980 1757 3059 Σίμων
1783 2981 1840 3059 Βλρ

1524 3055 1611 3117 πικάλ
1649 3057 1725 3120 ε’σοε
1753 3062 1840 3121 ἄλλο

255 3145 342 3221 jona,
359 3143 429 3216 qnia
444 3159 514 3198 caro
529 3152 558 3197 et
571 3144 693 3219 sanguis
705 3159 764 3197 non
780 3138 920 3197 revelavit
932 3140 1002 3211 tibi,
1061 3137 1157 3217 Πατήρ
1181 3141 1265 3215 μου“ό
1284 3135 1418 3218 οὐράνιος,
1431 3140 1480 3218 οὐχ
1492 3144 1507 3197 θ
1524 3061 1702 3214 νομιζόῗενος
1716 3106 1842 3219 diriperae.

256 3221 310 3279 sed
321 3222 413 3278 Pater
434 3239 514 3278 meres
524 3222 574 3295 qrti
591 3219 621 3275 in
636 3219 715 3277 ecelis
731 3231 785 3290 est,
801 3239 853 3277 non
868 3231 958 3276 autem
980 3217 1003 3275 is
1021 3221 1040 3270 C
1061 3208 1142 3282 Ιῖίπες
1152 3217 1197 3276 τὸν
1212 3217 1394 3293 μακαρισμὸν,
1411 3217 1454 3285 δὸς
1467 3215 1515 3286 τὴν
1529 3215 1608 3297 χάριν
1623 3220 1676 3290 τῆς
1697 3220 1839 3298 βασιλείας

256 3300 304 3378 qui
326 3313 446 3360 terrenus
467 3313 542 3379 pater
555 3310 706 3379 reputatur.
723 3296 922 3358 Beatitndiucm
942 3317 1004 3355 nar·
1059 3298 1111 3354 τῶν
1128 3297 1253 3377 οὐρανῶν.
1275 3288 1350 3362 Εἶδες
1370 3296 1418 3369 τὴν
1440 3296 1519 3377 χάριν
1542 3296 1680 3373 ίπομίνην
1698 3302 1741 3378 τῷ
1753 3299 1839 3378 λόγος

257 3378 342 3455 rasti,
363 3379 452 3459 profer
474 3399 581 3457 quoque
594 3378 708 3457 gratiam
724 3377 836 3437 caelestis
853 3375 938 3454 regui.
954 3376 1003 3437 Vi·
1060 3374 1114 3435 rtet
1126 3375 1223 3456 ἀρτίως
1236 3375 1263 3436 δὲ
1279 3377 1306 3433 ἐν
1325 3384 1378 3443 τοίς
1393 3381 1619 3453 καταγνωοθιῑσιν
1631 3381 1704 3455 ἡμῖν
1720 3364 1842 3461 μακαρι-

256 3456 338 3519 desne
355 3457 470 3550 gratiam
497 3459 646 3518 verborum
673 3457 900 3535 subsequentem?
917 3460 1005 3533 Atque
1059 3463 1137 3532 σμοῖς
1151 3455 1305 3531 ἀκηκόαμεν
1319 3453 1429 3514 ἕκαστον
1444 3458 1531 3514 αὐτῶν
1541 3455 1590 3526 τὴν
1606 3453 1691 3537 χάριν
1706 3460 1842 3533 neeffle-

256 3559 343 3619 nuper
356 3558 383 3597 ru
398 3537 632 3607 beatitudinibus,
649 3559 709 3616 quae
723 3537 802 3597 nobis
813 3537 928 3597 recitatae
944 3537 1004 3594 lne-
1059 3537 1104 3595 λον
1116 3534 1427 3615 ἔχοντα.Ἔπανελθωμεν
1440 3536 1467 3594 δὲ
1480 3534 1580 3606 iuli-lv
1594 3538 1783 3616 προκειμένην
1796 3545 1841 3610 τῆς

257 3632 336 3693 runt,
367 3617 522 3677 audivimus
548 3637 642 3676 earum
665 3622 881 3695 unamquamque
904 3615 1005 3676 habere
1060 3604 1196 3697 παρούσης
1216 3617 1307 3693 ἑορτῆς
1327 3613 1461 3674 ὑπόθεσιν.
1485 3612 1620 3682 Βασιλίοις
1641 3615 1702 3696 γάρ
1721 3619 1841 3698 ἐπιγείου

246 3698 372 3778 'gratiam
389 3696 782 3775 congruentcmsProcedamus
797 3717 862 3756 vero
885 3695 919 3755 ad
935 3717 1005 3774 μια-
1060 3694 1193 3774 παρουσία
1205 3693 1292 3774 χαρὰν
1307 3693 1352 3751 καί
1366 3693 1526 3773 ιθφροσόνην
1539 3702 1594 3761 τοῖς
1607 3702 1730 3776 παρῶσι
1741 3700 1841 3781 δωρεῖ-

257 3779 339 3837 sentis
353 3776 409 3835 diei
424 3777 483 3836 sesti
506 3790 705 3854 argumentum.
723 3776 805 3853 Regis
828 3777 899 3833 enim
921 3790 1005 3833 terre·
1061 3780 1121 3834 σθαι
1140 3773 1232 3833 εἴωθα’
1248 3773 1376 3851 βασιλέως
1392 3772 1420 3833 δὲ
1435 3773 1588 3853 ίπονρανίαε
1607 3772 1636 3842 ii
1656 3776 1782 3857 οὐρανῶν
1797 3780 1840 3839 ἐπὶ

259 3858 321 3916 stris
331 3855 473 3936 praesentia
487 3855 618 3933 gaudium
633 3875 664 3911 ac
677 3854 799 3913 laetitiam
813 3855 881 3912 solet
894 3852 1006 3912 adstan-
1060 3855 1109 3926 τὴν
1124 3856 1174 3932 γῆν
1193 3875 1266 3930 παρα
1286 3853 1405 3928 ινομένοο
1424 3855 1550 3926 ἐνταῦθα,
1561 3853 1591 3911 ob
1612 3853 1697 3932 μόνον
1719 3861 1801 3936 ἡμεῖς
1816 3863 1839 3917 σί

259 3937 334 3995 tibus
347 3934 539 4012 allerre:llege
554 3954 617 3992 vcro
632 3934 731 3992 caelesti
742 3933 794 3991 buc
806 3933 833 3990 in
850 3947 947 3992 terram
962 3954 1008 3991 cu·
1061 3934 1189 4012 erepsisset
1203 3878 1402 4011 άχαλλιιύμεθα,
1418 3932 1486 3992 ἀλλὰ
1500 3933 1545 3992 καλ
1555 3938 1660 4006 πᾶσαὴ
1673 3938 1712 4014 γῆ
1729 3938 1840 4018 εὐφραί-

260 4014 330 4072 litus'
338 4011 497 4072 adveniente
508 4060 516 4087 ,
532 4033 583 4071 nou
601 4012 689 4070 solum
701 4032 751 4071 nos
765 4011 899 4071 adstantes
912 4012 1007 4070 exsul·
1062 4034 1144 4072 νεται.
1156 4015 1191 4072 Et
1200 4010 1253 4091 γάρ
1264 4012 1339 4083 ἡλίου
1354 4011 1539 4080 ἀνατέλλοντος
1551 4022 1604 4073 πᾶν
1618 4012 1651 4072 cb
1662 4015 1839 4096 ὑποκείμενον

261 4107 369 4164 tamus,
392 4090 440 4150 sed
460 4106 486 4151 et
511 4106 565 4151 tota
585 4090 692 4149 laetatur
715 4105 795 4151 terra.
817 4091 847 4150 Si
870 4090 940 4150 enim
952 4091 1009 4151 sole
1024 4110 1044 4157 n
1062 4093 1217 4172 φωτίζεται,
1231 4097 1276 4151 τοῦ
1291 4091 1367 4163 ἡλίου
1381 4097 1429 4166 τῆς
1450 4092 1616 4166 δικαιοσύνης
1629 4094 1839 4167 ἀνατείλαντος,

262 4172 364 4231 oriente
376 4191 456 4229 omne
466 4171 541 4250 quod
556 4170 701 4249 subjicitur
716 4171 803 4230 lucem
816 4171 933 4252 accipit,
949 4185 1008 4231 orto
1062 4177 1118 4239 πῶς
1133 4171 1366 4252 οὐχλπᾶσαψυχὴ
1382 4172 1575 4252 φωτισθὴσεται
1592 4176 1620 4232 ts
1640 4177 1678 4246 τῆ
1692 4198 1735 4257 φοι
1796 4179 1839 4259 ’ριν

259 4251 372 4333 justitia
386 4251 469 4323 Sole,
486 4250 621 4330 qrtornodo
637 4271 688 4308 nou
703 4251 790 4309 omnis
801 4253 890 4311 anima
906 4251 1008 4311 illumi·
1062 4253 1146 4333 ταύτῃ
1159 4241 1250 4322 suari,
1262 4253 1323 4331 περὶ
1334 4237 1391 4325 ico
1411 4252 1549 4332 προφήτης
1567 4252 1653 4312 bauli
1668 4255 1741 4337 άχίιρ
1784 4256 1838 4317 νεύ·

263 4332 372 4392 uabitur
392 4332 419 4391 in
442 4331 492 4390 hac
506 4345 583 4391 nocte
605 4330 735 4402 lncilera,
752 4331 785 4389 de
807 4352 862 4409 qua
879 4331 1009 4422 propheta
1065 4356 1131 4410 ματι
1147 4331 1251 4410 βλέπων
1267 4330 1354 4412 ἔλεγεν
1366 4357 1371 4368 ·
1382 4330 1448 4391 Ὅτι
1466 4331 1558 4397 σκότος
1577 4333 1607 4390 οὗ
1627 4334 1839 4407 σκοτισθήσεται

110 4412 178 4456 Psat.
199 4409 356 4472 138·Ιλίνίε1
369 4434 418 4493 per
429 4426 551 4472 sanctum
565 4410 698 4491 Spiritum
712 4411 818 4484 videus,
830 4413 917 4472 dixit:
933 4415 1010 4491 Quia
1065 4412 1117 4472 άπὸ
1131 4409 1241 4483 σοῦ,καί
1251 4411 1295 4480 νὺξ
1305 4415 1341 4479 ὡς
1355 4410 1443 4549 ἡμέρα
1457 4412 1666 4491 φωτισθὴσεται·
1681 4413 1730 4473 καί
1744 4416 1836 4486 πάλιν,

264 4496 388 4552 tenebra
406 4513 466 4551 non
478 4494 713 4552 obscurabuntur
724 4510 744 4548 a
760 4505 805 4567 te,
820 4506 847 4550 et
863 4513 922 4557 nox
936 4496 1009 4551 sicat
1064 4491 1112 4558 Ὡς
1129 4491 1159 4550 τὸ
1178 4490 1270 4558 σκότος
1284 4494 1377 4565 αὐτῆς,
1392 4515 1406 4550 ο
1424 4514 1461 4548 τω
1473 4490 1518 4549 καὶ
1536 4489 1567 4550 τὸ
1624 4514 1636 4557 ς
1660 4496 1760 4566 αὐτῆς.
1772 4497 1838 4556 Βλά-

263 4573 323 4632 dies
346 4572 565 4631 illumin-abitur
573 4595 585 4640 ,¹
612 4583 638 4629 et
660 4591 777 4641 rursum,
793 4571 873 4632 Sicut
886 4575 1011 4631 tenebrae
1064 4594 1122 4640 πεις
1138 4570 1178 4630 ότι
1190 4569 1251 4670 περὶ
1264 4576 1312 4642 τῆς
1329 4570 1462 4651 παρούσης
1478 4570 1569 4638 νυκτός
1580 4514 1733 4650 maritat,
1747 4573 1839 4656 ὥσπερ

264 4650 343 4724 eius,
357 4659 399 4710 ita
415 4653 556 4711 etlumen
578 4653 650 4731 ejus.
672 4648 771 4709 Viden’
784 4651 791 4707 i
814 4674 872 4710 suin
887 4651 922 4712 de
935 4673 1011 4733 prae-
1064 4652 1115 4732 γάρ
1134 4652 1163 4710 τὸ
1181 4673 1273 4717 σκοτος
1291 4653 1372 4724 αὐτῆς
1391 4654 1485 4732 δρᾶται
1499 4659 1553 4716 τοῖς
1568 4653 1614 4720 τῆς
1626 4653 1727 4734 σαρκὸς
1741 4657 1839 4735 όφθαλ·

264 4729 331 4788 senti
346 4743 422 4789 nocte
444 4730 519 4810 loqui
531 4732 547 4788 ί
559 4730 629 4789 sicut
648 4729 720 4790 enim
734 4671 848 4791 tenebrae
870 4733 928 4812 ejus
943 4752 1011 4790 con·
1067 4740 1133 4807 μοῖς,
1158 4729 1226 4789 ούτιιι
1249 4730 1279 4788 τὸ
1299 4735 1353 4810 φῶς
1374 4732 1453 4799 αὐτῆς
1475 4729 1594 4809 φαίνεται
1611 4737 1669 4800 τοῖς
1690 4738 1740 4806 τῆς
1753 4738 1841 4815 ψιχῆς

264 4808 419 4889 spiciuutur
429 4812 516 4869 oculis
529 4809 699 4883 carnalibus,
713 4811 750 4869 ita
768 4811 857 4870 lumen
872 4815 932 4893 ejus
948 4811 1009 4869 ani·
1065 4811 1193 4889 ὄμμασιν.
1204 4807 1241 4868 Ὢ
1252 4810 1405 4890 φωτοφόρου
1416 4809 1462 4868 καί
1474 4812 1629 4886 θαυμαστῆς
1638 4812 1737 4880 νυκτός
1752 4802 1841 4886 πάσης

264 4906 315 4949 mre
330 4903 442 4981 apparet
457 4889 551 4949 oculis.
568 4891 593 4949 0
610 4889 748 4948 luciferam
761 4905 863 4950 noctem
880 4891 953 4951 omui
967 4891 1011 4949 dle
1064 4890 1167 4970 ἡμέρας
1181 4890 1379 4970 φοιτεινοτίρας.
1395 4891 1489 4948 Πᾶσαι
1505 4889 1553 4968 μὲν
1568 4889 1622 4967 ἡμί
1686 4893 1840 5032 διαδέχεται

267 4967 497 5052 splendidiorem!
521 4969 604 5028 Omni
628 4968 737 5047 quidem
759 4969 831 5037 diei.
853 4971 918 5029 huic
947 4990 1011 5029 vero
1065 4969 1125 5044 νὺξ,
1140 4970 1222 5041 αὐτὴν
1239 4969 1266 5028 δὲ
1287 4970 1335 5042 τὴν
1351 4970 1501 5049 φωτοφόρον
1515 4967 1597 5028 νύκτα
1611 4968 1655 5038 νυξ
1670 4975 1703 5031 αθ
1715 4973 1763 5031 δια
1781 4973 1841 5055 tp-

111 5072 182 5117 roan.
197 5083 216 5115 ι,
228 5070 251 5118 5,
265 5050 337 5110 nocti
363 5049 480 5127 lucifera
505 5070 559 5108 nox
582 5070 634 5108 uon
651 5048 785 5109 succedit:
802 5053 878 5110 Nam
904 5052 957 5109 lux
980 5054 1012 5107 in
1030 5061 1048 5107 tt
1066 5075 1125 5110 ται·
1139 5051 1169 5108 τὸ
1185 5049 1236 5128 alp
1250 5053 1304 5187 φρλς
1322 5053 1348 5108 ἐν
1368 5053 1401 5129 τῇ
1421 5049 1513 5127 σκοτία
1533 5049 1634 5127 φαίνει,
1645 5049 1726 5123 καὶὴ
1748 5054 1841 5114 σκοτία

267 5133 392 5190 tenebris
407 5130 493 5199 lucet,
518 5140 546 5187 et
567 5133 693 5188 tenebre
713 5150 777 5190 eam
801 5152 860 5188 non
881 5151 1013 5209 compre·
1067 5130 1130 5189 αὐτὸ
1149 5133 1178 5188 οὐ
1200 5153 1262 5187 κατε
1282 5129 1337 5187 etis.
1351 5128 1397 5200 Μὴ
1412 5133 1449 5207 τῷ
1463 5128 1603 5207 γράμματι
1623 5127 1742 5211 πρόσεχε
1773 5136 1841 5193 ἀλλὰ

266 5211 440 5269 henderunt.
470 5210 510 5269 Ne
538 5208 623 5267 literae
653 5209 773 5268 attendas
796 5255 804 5284 ,
836 5209 884 5269 sed
915 5211 1014 5290 spiritu
1067 5208 1255 5290 eismetipsis
1276 5208 1575 5274 severianarum
1596 5213 1610 5267 θ
1633 5231 1731 5290 μονογε
1771 5218 1841 5280 ςταῦ

266 5283 394 5368 iritellige.
419 5290 482 5349 Lux
501 5302 540 5348 est
560 5288 714 5366 unigenitus
740 5289 790 5346 Dei
814 5290 926 5363 Filius,
959 5308 1015 5348 nox
1068 5293 1138 5351 Θεοῦ
1160 5287 1295 5356 liderla}
1315 5287 1341 5347 δὲ
1358 5287 1391 5346 τὰ
1411 5293 1457 5346 τοῦ
1480 5285 1588 5354 σκότους
1600 5286 1678 5368 ἔργα.
1689 5289 1784 5353 Ὅταν
1798 5283 1842 5352 alt

267 5388 330 5428 vrro
353 5369 523 5429 tenebrarum
545 5389 637 5449 opera.
660 5368 730 5427 Cum
754 5367 836 5447 igitur
860 5368 950 5429 anima
969 5384 1015 5427 tna
1070 5373 1202 5450 φωτισθῇς
1226 5367 1273 5440 τὴν
1298 5369 1324 5427 ἐν
1347 5366 1435 5428 σκότει
1456 5365 1544 5447 ψυχὴν
1562 5370 1601 5447 τῷ
1619 5368 1736 5448 παρόντι
1759 5375 1843 5455 φοιτλ,
