3750 6052
661 458 1230 675 seuera.
1296 592 1320 659 -.
1377 424 1384 437 ’
1511 729 1514 742 s

730 1210 1139 1339 MONITUM

302 1616 368 1713 ru
409 1542 750 1715 sunnonis
784 1534 1119 1736 ranunculi
1154 1598 1556 1739 sneundune,

894 1873 971 1951 QUI

152 2117 231 2271 S.
311 2110 789 2271 JOANNIS
875 2105 1712 2270 CHRYSOSTOMI

556 2526 769 2615 NOMINE
805 2519 1322 2616 CIRCUMFERUNTUR.

190 3173 277 3231 Tanta
298 3186 406 3251 tamque
423 3169 548 3252 expedita
568 3169 620 3229 fuit
639 3169 758 3230 doctoris
771 3167 856 3230 nostri
870 3166 1047 3228 concionandi
1059 3167 1190 3242 facultas,
1207 3181 1238 3229 ut
1254 3168 1326 3230 nihil
1343 3169 1458 3243 mirum,
1473 3170 1497 3230 si
1512 3191 1583 3233 nora
1596 3168 1716 3230 subinde

148 3266 208 3345 ejus
220 3286 299 3346 opera
315 3277 443 3324 eruantur
457 3262 607 3323 etenebris.
622 3262 684 3321 Non
698 3281 798 3342 paucas
810 3260 839 3319 iu
854 3258 1039 3341 superioribus
1053 3262 1149 3322 Tomis
1161 3260 1288 3322 homilias
1302 3262 1430 3324 hactenus
1444 3262 1549 3345 ignotas
1560 3263 1716 3335 emisimus,

150 3373 176 3418 et
190 3359 315 3419 undecim
328 3358 411 3420 simul
424 3358 568 3441 preclaras
580 3357 609 3418 in
622 3355 786 3418 duodecimo
796 3358 884 3416 Tomo
895 3352 1035 3434 dedimus,
1049 3377 1110 3439 quae
1122 3355 1324 3438 nuncprimum
1338 3357 1365 3417 in
1375 3356 1463 3417 lucem
1477 3357 1589 3439 prolatae
1602 3372 1676 3417 sunt.

190 3510 251 3569 lani
264 3507 371 3588 pridem
382 3527 447 3568 vero
460 3505 590 3567 tredecim
612 3505 680 3565 alias
700 3503 897 3587 accepimus,a
910 3501 1061 3565 clarissimo
1078 3518 1106 3565 et
1117 3504 1274 3567 doctissimo
1289 3504 1351 3568 r'iro
1365 3505 1498 3567 Gualtero
1510 3505 1615 3588 Taylor'·
1628 3506 1722 3586 Anglo'

149 3603 255 3682 missas,
271 3623 333 3663 cum
351 3603 401 3662 hac
422 3603 450 3661 in
470 3601 640 3683 frontispicio
654 3615 740 3660 nota:
760 3602 789 3660 Ε
808 3600 915 3660 Codice
937 3605 1133 3680 manuscripto
1156 3622 1300 3662 annorum
1319 3606 1436 3663 circiter
1447 3603 1518 3674 too,
1533 3623 1620 3684 quem
1640 3606 1718 3663 inter
1759 3634 1762 3639 ·

149 3700 226 3759 alios
239 3720 259 3758 α
270 3702 399 3758 eoeriobio
414 3702 460 3757 τοῦ
475 3696 687 3777 παντοκράτορος
702 3700 735 3755 in
755 3707 853 3754 monte
862 3696 946 3756 Atho
956 3698 1084 3756 invectos
1094 3700 1126 3755 in
1135 3696 1279 3778 Angliam
1299 3718 1381 3758 anno
1393 3698 1481 3775 llb'l,
1492 3701 1553 3759 suis
1573 3701 1716 3758 sumtibus

149 3798 220 3853 ertit
232 3795 358 3875 Collegit·
374 3795 528 3853 Trinitatis
544 3813 653 3872 preses
670 3793 707 3855 ll.
720 3791 889 3865 Beothius,
899 3802 929 3851 et
951 3796 984 3850 in
1001 3792 1179 3853 bibliotheca
1191 3812 1246 3853 sun
1258 3805 1418 3854 conservet.
1430 3794 1496 3854 Has
1513 3793 1651 3854 homilias
1664 3814 1717 3852 er-

150 3895 285 3968 scripsit,
301 3903 330 3948 et
342 3889 450 3948 Latine
462 3890 555 3947 ‘uertit
569 3886 730 3947 Gualterus
746 3886 870 3962 Taylor.

192 4033 399 4094 accuratissime
411 4055 475 4094 vero
489 4033 643 4115 interpretis
656 4054 767 4094 munere
778 4033 888 4094 functus
902 4045 942 4094 est
953 4056 961 4091 :
973 4054 1107 4114 nusquam
1117 4032 1177 4097 vidi
1189 4032 1340 4107 versionem
1356 4033 1560 4115 exquisitionem
1566 4057 1576 4113 ς
1588 4032 1626 4094 ita
1640 4049 1670 4096 ut
1687 4036 1716 4096 in

151 4144 191 4192 tot
205 4150 359 4190 sermonum
371 4128 487 4188 decursu
501 4128 675 4210 paucissima,
686 4128 741 4189 imo
754 4128 811 4189 fere
821 4128 911 4205 nulla,
922 4127 951 4188 in
962 4127 1059 4191 melius
1072 4127 1203 4189 mutanda
1217 4129 1376 4203 censuerim.

191 4282 253 4341 lani
265 4277 299 4336 de
313 4275 427 4355 singulis
440 4274 484 4334 his
495 4274 664 4334 sermonibus
683 4273 909 4354 disquirendum,
920 4295 954 4333 an
968 4294 1032 4336 rere
1046 4274 1233 4355 chrysostomi
1248 4275 1316 4348 sint,
1329 4295 1364 4334 an
1378 4274 1445 4334 falso
1458 4274 1499 4333 illi
1514 4260 1714 4334 adscribantur.

150 4377 294 4434 Innumero
312 4372 370 4452 jam
390 4368 524 4445 vidimus,
536 4390 596 4448 quae
610 4368 679 4429 tanti
691 4367 810 4429 doctoris
824 4389 922 4429 numen
939 4368 1163 4432 ementiebantur.
1176 4370 1260 4430 Multi
1273 4369 1345 4430 enim
1356 4369 1515 4450 scriptores,
1529 4383 1560 4429 ut
1573 4389 1654 4449 opera
1667 4389 1717 4428 sua

151 4468 334 4540 venditarent,
350 4465 397 4524 illa
411 4464 596 4545 Chrysostomi
618 4463 726 4524 nomine
746 4463 877 4545 insignire
902 4465 1023 4527 solebant
1035 4486 1043 4520 ε
1054 4463 1210 4547 bibliopolae
1236 4487 1359 4545 quoque,
1375 4478 1407 4525 ut
1425 4479 1539 4528 emtores
1558 4465 1717 4544 allicerent,

148 4564 238 4623 aliena
252 4561 333 4638 licet,
344 4560 510 4621 exornabant
524 4560 592 4632 tanti
603 4559 723 4621 doctoris
734 4559 849 4623 nomine.

914 4791 952 4852 ·1.

190 4988 298 5050 Primus
314 4986 405 5066 itaque
418 5006 506 5047 sermo
519 4987 555 5048 de
571 4987 731 5049 Paenitentia
744 4987 817 5050 etde
832 4990 956 5069 Davide,
966 4990 1045 5072 cujus
1058 4989 1170 5051 initium
1182 5003 1237 5066 est,
1250 4988 1319 5052 ’leet
1338 4989 1453 5074 σήμερον
1471 4992 1536 5067 ἡμῖν
1549 4991 1564 5049 δ
1584 4988 1716 5072 μακάριος

150 5086 249 5161 dauid,
263 5082 449 5165 chrysostomi
461 5103 517 5143 esse
527 5084 636 5144 omnino
652 5083 770 5146 videtur.
782 5085 878 5168 Stylus
890 5087 976 5147 sancti
993 5086 1111 5148 doctoris
1126 5086 1172 5147 hic
1184 5085 1306 5147 eminet:
1323 5086 1438 5146 morales
1450 5084 1651 5145 adhortationes
1664 5104 1715 5166 pro

149 5204 222 5243 more
235 5202 284 5241 suo
297 5179 392 5262 adjicit
404 5203 411 5237 ε
423 5192 450 5240 et
463 5193 517 5240 tres
532 5180 622 5240 adfert
640 5200 734 5242 causas
755 5203 804 5242 cur
814 5184 888 5244 Deus
902 5184 1053 5266 permiserit
1064 5183 1165 5267 justos,
1179 5197 1211 5244 ut
1231 5170 1416 5243 dbrahamum
1423 5227 1432 5260 ‚
1446 5183 1572 5263 Moysem
1586 5195 1612 5242 et
1625 5182 1714 5242 Davi-

150 5281 225 5358 dem,
240 5280 268 5340 in
280 5291 388 5360 peccata
401 5275 521 5339 incidero
534 5300 542 5337 :
556 5276 644 5358 prima
658 5275 761 5340 scilieet
774 5292 829 5356 est,
841 5293 872 5342 ut
881 5279 949 5360 justi
960 5294 1072 5348 caveant
1085 5278 1190 5341 devita
1203 5300 1269 5354 sua,
1282 5299 1368 5358 neque
1381 5277 1415 5340 de
1428 5266 1507 5340 bonis
1521 5277 1648 5359 operibus
1663 5300 1713 5340 ex·
1727 5310 1762 5352 „a
