3750 6052
255 403 327 474 διο
841 423 1056 475 rnsrrrroruu
1082 426 1245 477 vurnrurr

253 547 355 618 Ιιιάα,
369 558 399 605 οι
411 546 572 607 seeundum
584 548 664 605 δι’νία
674 544 842 609 rosentem
854 547 1002 628 saen'yiea·
1054 553 1278 624 ἀποκαταστῆσαι
1299 550 1336 630 τῇ
1355 546 1477 629 νοιτρίδι.
1495 546 1574 631 Παίς
1593 544 1790 630 cupitam
1809 551 1843 608 οί·

256 644 311 700 bns
330 638 434 703 Βααίὶ.
447 636 600 697 Innumeris
619 649 684 695 tunc
702 657 720 695 a
737 634 797 696 Deo
812 635 1002 697 alliciebantur
1053 648 1159 708 κοῦντις
1172 640 1280 719 ἀμίανον
1297 640 1430 713 κνίσσαις,
1439 639 1551 718 δαίμοσι
1564 637 1694 713 θίοντας,
1706 638 1758 699 καί
1770 640 1841 701 «tto

256 732 356 808 bonis,
370 745 397 790 et
408 751 425 789 a
435 729 538 789 malitia
549 729 740 811 impietatisque
759 749 810 788 nou
823 729 999 790 recedebunt:
1053 734 1210 810 λομαιίαιςς
1234 734 1277 793 ot
1300 736 1385 793 ταῦτα
1412 740 1559 813 κατηγοροῖ
1580 730 1679 813 tte-»v
1705 729 1840 813 Ίιριμίος

255 828 395 888 innumera
409 846 481 885 nuno
492 825 633 906 patiuntur
645 824 732 898 mala,
746 837 772 883 et
784 845 799 882 a
814 826 872 883 Deo
889 844 942 885 non
956 847 1000 886 re-
1018 846 1037 891 c
1056 827 1132 886 Ιίατδ
1146 825 1257 907 ἀριθμδν
1271 829 1325 885 τῶν
1335 823 1438 887 πίλαών
1448 846 1497 885 σω
1508 816 1581 897 ἦσαν
1594 828 1621 884 ot
1636 823 1700 884 θιοί
1714 846 1774 895 σου,
1783 825 1838 886 ’tet

254 920 365 981 cedunt.
379 917 462 993 Quod
477 938 541 997 ergo
551 916 764 977 emolumentum
776 938 811 976 ex
823 916 913 976 reditu
928 917 1000 977 erit?
1055 919 1097 990 δα,
1110 916 1157 977 καλ
1167 917 1236 977 κατὰ
1246 917 1281 979 τά
1291 918 1399 998 ἀμφοδα
1409 914 1593 998 Ἱιροαααλὴμ
1604 915 1687 983 ίθινας
1702 920 1745 998 τῷ
1755 918 1838 989 Βααλ;

255 1014 323 1077 Erat
336 1031 401 1089 ergo
410 1009 499 1090 angeli
509 1008 662 1084 eontentio,
675 1028 727 1067 non
739 1009 803 1068 mali
814 1007 944 1069 adversus
951 1010 1001 1069 bo·
1054 1009 1166 1089 Μαρίοις
1180 1008 1238 1069 edes
1253 1009 1328 1089 παρὰ
1341 1011 1413 1069 Θιοθ
1425 1006 1636 1088 πιριακλάζοντο
1655 1012 1787 1087 ἀγαθοῖς,
1799 1010 1836 1069 καί

254 1125 322 1164 ιιιιιιι
336 1125 344 1162 ι
357 1102 493 1162 nonenim
506 1099 578 1161 dixit
592 1100 748 1181 Scriptura,
764 1101 914 1181 Pugnavit,
929 1101 999 1174 sed,
1053 1107 1101 1174 τῆς
1118 1102 1213 1168 κακίας
1233 1102 1279 1161 καὶ
1302 1098 1424 1168 ἀοιδιίας
1441 1102 1490 1160 oba
1503 1099 1678 1182 ἀνεχώρουν·
1698 1101 1785 1183 μυρία
1798 1106 1835 1160 νῦν

254 1192 382 1258 Restitit.
399 1194 508 1254 Etenim
522 1214 591 1274 saepe
600 1193 700 1253 resistit
709 1194 801 1272 justus
815 1192 905 1266 bono,
919 1207 950 1252 ut
961 1214 1001 1253 re·
1053 1194 1214 1271 θπομίνοοσι
1226 1193 1311 1267 κακά,
1324 1193 1372 1254 καλ
1383 1197 1430 1252 τοῦ
1445 1194 1517 1253 eset
1533 1197 1586 1253 οθκ
1609 1192 1794 1274 ἀφίστανται.
1805 1197 1835 1255 Τί

255 1287 326 1347 sistit
339 1308 410 1367 saepe
423 1285 475 1364 legi
491 1283 650 1356 elementia,
669 1297 696 1343 et
708 1283 856 1343 clementia
872 1284 927 1344 lex.
943 1286 1001 1345 Lex
1053 1290 1113 1347 ποτ’
1125 1277 1169 1345 odo
1183 1286 1259 1346 ίσται
1271 1287 1303 1347 τὸ
1319 1290 1367 1357 τῆς
1379 1285 1507 1346 ίπανίδου
1522 1286 1640 1365 κίρδος,
1650 1275 1715 1346 Ἦν
1727 1288 1835 1358 τοίνονί,

254 1393 408 1463 peccantem
429 1376 524 1459 punit3
537 1398 607 1458 saepe
619 1396 684 1435 vero
696 1375 768 1453 regis
781 1374 922 1435 clementia
936 1396 999 1453 erga
1055 1378 1206 1445 ἀντίστασις
1219 1379 1248 1437 οὗ
1260 1382 1343 1438 κακοῦ
1358 1376 1424 1457 πρδς
1438 1375 1547 1455 iratis·
1556 1378 1589 1437 οδ
1602 1376 1665 1459 γάρ
1679 1367 1767 1454 rixas,
1780 1380 1836 1456 ίμί·

252 1484 408 1553 pensantem
424 1468 655 1528 oommiseratione
675 1480 821 1540 mouetur,
837 1481 863 1526 et
879 1489 895 1526 a
914 1469 1000 1549 poenis
1055 1492 1128 1552 χιτο,
1141 1471 1220 1543 ἀλλά,
1235 1469 1397 1530 Ἀνθίοτατο.
1410 1468 1465 1531 Ιίαί
1477 1468 1530 1549 ηιίρ
1547 1472 1608 1530 ἀστι
1622 1471 1766 1537 τολλώιις
1775 1472 1836 1530 ἀντ’·

251 1563 361 1624 liberat.
376 1562 428 1621 llic
441 1560 524 1641 igitur
537 1580 628 1641 pugna
642 1572 698 1619 erat
711 1580 762 1618 nou
775 1558 924 1620 adversarii
935 1581 1000 1620 con·
1055 1584 1147 1629 στασις
1163 1561 1265 1622 δικαίου
1279 1560 1346 1642 πρὸς
1361 1559 1469 1640 ἀγαθὸν,
1479 1563 1516 1627 ὥς
1529 1559 1703 1621 ἀνθίσταται
1719 1561 1837 1628 πολλάκις

253 1668 294 1714 tra
306 1652 513 1728 adversarium,
528 1650 576 1710 sed
585 1651 692 1729 cognati
703 1666 793 1711 contra
805 1651 998 1730 cognationem.
1053 1654 1127 1736 νόμῳ
1142 1653 1338 1734 φιλανθρωπία,
1352 1652 1398 1711 καί
1411 1652 1602 1734 φιλανθρωπία
1612 1652 1757 1731 νόμοςὈ
1767 1653 1836 1732 eope

252 1838 357 1915 absque
373 1835 479 1916 justitia
495 1835 641 1895 iuvenitur.
656 1861 671 1891 ν
684 1838 844 1909 «creatura,
856 1862 871 1892 ν
887 1838 994 1916 inquit,
1054 1839 1147 1908 οιλίιος
1160 1840 1203 1899 τὸν
1217 1838 1410 1918 ἀμαρτίσαντα
1422 1839 1500 1909 ilasi,
1510 1836 1560 1896 καλ
1573 1836 1729 1919 ίξαρπαίζιι
1740 1841 1788 1909 τῆς
1799 1862 1837 1897 τι·

253 1955 268 1986 α
280 1942 310 1989 ιιι
322 1927 429 1988 dictum
438 1940 488 2004 est,
501 1947 571 2006 :egre
584 1927 684 1987 ferente
696 1940 725 1987 et
738 1927 911 2007 indignante,
925 1928 1000 2007 quod
1055 1934 1167 2014 μωρίας.
1177 1924 1245 2019 Ὧδε
1259 1924 1333 2005 οθνὴ
1350 1932 1425 2011 μιίχη
1439 1930 1486 1990 obs
1496 1929 1626 1992 ίναντίω
1636 1930 1710 2009 πρὸς
1719 1931 1836 1997 imino.

251 2022 295 2081 vel
307 2021 393 2082 invita
406 2021 595 2101 transgressori
609 2041 689 2102 opem
701 2020 781 2081 ferret
793 2034 818 2079 et
832 2020 963 2096 serviret,
974 2035 1001 2081 et
1054 2024 1123 2086 ἀλλὰ
1131 2030 1270 2106 suntsed<
1281 2024 1346 2104 πρὸς
1354 2020 1561 2103 σογγινίςίλίτα
1568 2020 1627 2103 γὰρ
1637 2022 1673 2083 eb
1684 2021 1786 2084 δίκαιον
1794 2024 1837 2092 lie

254 2115 358 2195 angelis
368 2112 524 2174 dolentibus
534 2113 570 2173 ob
580 2115 716 2194 ingratum
726 2115 857 2174 beneficia
869 2116 1001 2197 occipieu·
1055 2120 1225 2198 ἀγαθδπητος,
1235 2119 1295 2178 οὔτε
1308 2117 1339 2177 τὸ
1350 2116 1447 2196 ἀγαθὸν
1459 2115 1507 2186 liu
1522 2115 1710 2191 δικαιοσύνης
1722 2118 1836 2199 sipien-

251 2207 288 2268 tis
300 2209 421 2268 animum
433 2253 440 2280 ‚
453 2220 564 2286 totoque
575 2205 677 2267 mundo
688 2207 767 2267 malis
778 2208 878 2268 afflicto
890 2223 1001 2290 propter
1054 2211 1232 2285 σοιὈτιτῆς
1242 2210 1361 2282 κτίσεως,
1372 2207 1463 2290 φησίν.
1474 2211 1512 2276 ὥς
1523 2207 1700 2290 προιίρηται
1712 2211 1835 2289 διακομί-

103 2317 158 2364 σαι.
167 2315 189 2362 tt.
205 2326 241 2360 ιο.
253 2300 348 2380 iniqua
370 2321 450 2381 opera
465 2300 599 2373 (Viderat
614 2305 706 2373 enim,
721 2299 808 2377 inquit
820 2344 828 2370 ,
845 2301 925 2360 Deus
939 2313 998 2359 ter·
1055 2326 1111 2377 νης,
1123 2305 1168 2364 καί
1184 2301 1382 2383 ἀηανακταίσης
1393 2303 1432 2382 ἀφ’
1445 2293 1467 2382 ᾧ
1481 2300 1527 2361 καί
1542 2300 1656 2363 ἄκουσα
1668 2306 1710 2384 τῷ
1722 2304 1835 2383 παραδί-

258 2413 323 2453 ram
335 2382 398 2451 esse
408 2402 593 2470 corruptam
605 2396 701 2449 omnis
712 2393 895 2470 quippenam
906 2413 1001 2452 como
1055 2419 1089 2476 τη
1107 2405 1218 2477 παριῖχι
1232 2394 1280 2466 τὴν
1296 2393 1389 2474 χρείαν
1402 2391 1448 2452 καί
1461 2390 1641 2472 lius-opiter,
1653 2393 1705 2453 καλ
1723 2395 1835 2474 &nilne

253 2496 337 2564 perat
350 2488 432 2542 viam
443 2502 537 2542 suam.
552 2482 612 2541 Non
625 2495 682 2540 erat
695 2495 817 2541 ereatura
834 2482 917 2560 talis,
931 2504 1000 2562 qua·
1055 2490 1208 2570 ἀχιιομίνων
1228 2488 1319 2566 ίπλτῇ
1336 2490 1382 2546 τοῦ
1401 2482 1632 2566 ώιρφιτωμίνου
1650 2487 1837 2565 ἀγνωμοσίση,

253 2576 307 2636 lem
322 2575 358 2635 ab
370 2574 449 2633 initio
463 2575 536 2632 Deus
546 2574 621 2632 illum
634 2573 731 2632 fecerat
747 2597 754 2630 ι
771 2594 823 2632 non
834 2588 892 2632 erat
903 2576 998 2635 eaelum
1053 2581 1099 2641 καὶ
1109 2580 1171 2641 ὅλου
1191 2577 1356 2646 annulum<
1368 2581 1414 2636 τοῦ
1426 2576 1527 2654 κόσμου
1542 2575 1588 2636 διδ
1602 2574 1660 2645 τάς
1673 2578 1836 2659 παρανομίας

254 2666 358 2741 stellis,
373 2678 404 2724 ιιι
415 2678 511 2740 οιιιια,
524 2663 668 2744 splendens
677 2665 734 2725 siue
745 2664 802 2726 ulla
813 2666 917 2726 macula
928 2691 935 2724 ι
945 2688 999 2727 uon
1018 2690 1037 2738 n
1056 2673 1112 2748 (καί
1126 2670 1177 2754 γδρ
1191 2661 1270 2744 Elea,
1280 2669 1396 2750 ρησίν,δ
1410 2669 1478 2734 eet<
1493 2668 1543 2740 τὴν
1554 2672 1609 2747 γῆν
1617 2713 1628 2745 ,
1641 2669 1693 2730 καί
1708 2662 1744 2743 ἦν
1762 2694 1835 2730 κατι·

254 2758 337 2818 dabat
356 2772 445 2826 terra,
465 2770 495 2814 ut
509 2756 603 2837 prius,
618 2757 722 2817 fruetus
734 2779 833 2839 puros,
847 2778 896 2827 neo¹
909 2781 998 2836 mare,
1054 2762 1202 2843 ρθορμίνη,
1214 2761 1256 2822 ὅτι
1265 2760 1420 2840 κατέφθιιρι
1435 2769 1509 2820 πᾶσα
1523 2757 1591 2842 σάρξ
1605 2759 1662 2833 τὴν
1676 2763 1741 2823 otte
1753 2765 1835 2833 αὐτῆς.

254 2871 304 2912 neo
322 2849 399 2910 aliud
425 2847 569 2928 quidpiam
591 2847 618 2907 in
640 2850 780 2909 creaturis.
807 2849 1000 2912 Praevaricator
1053 2857 1114 2915 Οὐκ
1129 2844 1162 2926 ἦν
1176 2858 1194 2925 ἡ
1206 2852 1306 2926 κτίσις,
1317 2850 1374 2911 οίαν
1398 2849 1548 2924 totamm
1572 2851 1667 2925 αὐτὴν
1682 2854 1784 2923 tort<
1796 2857 1836 2913 ἀπ’

255 2942 370 3001 enimin
391 2941 620 3018 ermingressus,
635 2939 829 3001 ooutaminavit
847 2955 874 3001 et
887 2942 999 3003 loedavit
1054 2949 1149 3026 ἀρχῆς·
1161 2948 1209 3004 οὐκ
1221 2935 1254 3015 ἦν
1272 2953 1328 3010 τοῖς
1347 2944 1454 3023 ἄστροις
1468 2945 1483 3001 θ
1499 2943 1632 3022 οὐρανὸς,
1651 2947 1692 3014 ὣς
1709 2945 1744 3007 τδ
1763 2946 1835 3027 πρίν,

255 3033 346 3092 omnia
355 3077 364 3107 ,
374 3029 551 3111 blasphemiis
561 3046 652 3090 eontra
664 3032 751 3090 Deum
763 3032 943 3111 turpibusque
954 3055 1000 3093 vo-
1055 3037 1116 3098 ἀνιο
1133 3037 1202 3103 τινὸς
1220 3037 1371 3113 μιάσματος
1388 3033 1649 3113 καταλαμπόμανος·
1664 3039 1716 3097 eda
1730 3027 1765 3110 ἦν
1776 3042 1833 3116 ἡγῇ

254 3125 332 3184 cibus
343 3121 903 3211 aradibusqnarepiratisetlatronibus,
914 3126 1000 3185 sontes
1054 3128 1113 3196 τολς
1135 3127 1252 3207 καρτοδς
1277 3125 1455 3204 ἀμολύντους,
1468 3129 1505 3193 ὥς
1516 3125 1549 3185 τὸ
1562 3125 1651 3205 πρὶν,
1669 3129 1832 3190 ἀναδιδοῖσα·

253 3216 388 3279 etlluuios
401 3214 571 3288 idololatriis,
581 3214 711 3296 nymphis
722 3228 748 3275 et
756 3216 927 3276 daemonibus
936 3231 1001 3279 tuno
1054 3224 1085 3281 οδ
1104 3222 1240 3294 θαλασσα,
1255 3218 1304 3277 αλκ
1320 3219 1386 3279 ἀλλο
1399 3242 1425 3277 τι
1444 3221 1498 3277 τῶν
1517 3220 1546 3279 ίν
1561 3222 1600 3299 τῇ
1615 3218 1720 3282 κτίσαι.
1734 3222 1772 3282 ‘0
1788 3222 1832 3301 ηλφ

253 3308 447 3372 attribuebant.
470 3311 572 3368 Omnes
591 3322 719 3367 creatura
739 3307 774 3367 ab
794 3307 950 3368 bominibus
973 3311 1000 3370 in
1054 3310 1212 3393 παραίάιης
1226 3307 1350 3368 ιίσιλθὼν
1370 3310 1397 3367 ἐν
1411 3309 1496 3386 αὐτῇ,
1513 3308 1669 3387 κατιμίανι
1685 3311 1737 3372 καὶ
1750 3314 1833 3373 ἀνιθί·

251 3403 317 3464 deos
331 3402 543 3463 efformabantur
562 3424 569 3460 ι
589 3400 658 3459 nibil
679 3414 770 3460 autom
789 3415 941 3461 creaturam
960 3404 1001 3464 sic
1054 3407 1139 3464 λωοιν
1152 3404 1258 3463 ἅπαντα
1273 3408 1332 3485 ταῖς
1346 3398 1543 3480 βλασφημίαις,
1555 3410 1619 3470 ταῖς
1637 3403 1786 3486 θιομάχοις
1794 3405 1832 3462 καὶ

253 3495 371 3557 maculat
387 3509 413 3554 et
431 3493 580 3566 adulterat,
595 3495 711 3571 quamsi
731 3494 759 3553 in
774 3496 863 3554 Deum
878 3494 1001 3555 ellorme·
1019 3515 1038 3561 r
1056 3497 1179 3577 αἰσχραῖς
1192 3501 1300 3574 φωναῖς,
1310 3499 1368 3558 ταῖς
1379 3490 1622 3572 prosperiorem<
1636 3502 1783 3577 πειραταῖς
1794 3493 1832 3552 καί

253 3591 310 3662 tur)
323 3610 331 3645 ι
348 3584 409 3645 ideo
421 3582 653 3644 Servatormundi
666 3583 765 3643 ineam
775 3606 822 3664 per
833 3606 940 3646 carnem
952 3609 1000 3647 ve-
1054 3590 1166 3668 λησταῖς
1179 3584 1382 3659 flodebertus,
1395 3581 1442 3650 τδς
1457 3580 1546 3660 πηγάς
1560 3583 1610 3643 καλ
1624 3586 1771 3666 ποταμσδς
1781 3594 1832 3650 ταῖς

254 3682 312 3755 nit,
334 3692 361 3738 et
381 3696 441 3747 eam
456 3675 491 3733 ab
506 3675 563 3733 illis
582 3676 730 3734 innumeris
751 3678 866 3736 maculis
883 3679 1002 3740 liberans
1055 3677 1299 3761 οἰδωλολατριίαις,
1317 3674 1431 3756 νύμφαις
1452 3673 1499 3734 καλ
1519 3672 1650 3752 δαίμοσιν
1678 3676 1833 3743 ἀνάπτοιςις

256 3767 417 3843 renovavit,
438 3780 466 3826 et
486 3787 502 3824 a
522 3765 602 3844 longe
622 3764 826 3828 difficilioribus
850 3769 953 3831 morbis
976 3787 1002 3832 et
1057 3771 1132 3834 αδτά
1149 3773 1230 3830 Πᾶσα
1244 3779 1298 3837 τοῖς
1311 3766 1490 3849 ἀνθρώποιςὴ
1512 3766 1602 3837 κτίσις
1625 3770 1666 3839 ιίς
1682 3770 1760 3841 brebe
1778 3775 1832 3831 ἀνι·

257 3857 447 3919 allectionibus
469 3856 588 3937 eripuit,
611 3878 693 3936 quam
716 3879 842 3940 corporea
866 3838 1281 3947 οοπιιριίοῗπλιίττιτοαθδίν
1302 3859 1331 3921 dl
1351 3858 1438 3919 κτίσιν
1463 3857 1532 3919 οὕτω
1552 3859 1660 3937 μιαίνιι
1677 3863 1730 3924 καλ
1747 3864 1831 3933 κώδι-

257 3965 325 4013 esset
338 3975 345 4009 :
359 3962 471 4009 renovat
485 3971 533 4031 per
545 3950 665 4030 primurn
677 3949 825 4012 adveutum
836 3971 1001 4031 creaturam,
1056 3954 1137 4030 λεύει,
1146 3959 1181 4022 b<
1194 3954 1224 4014 rb
1238 3957 1413 4014 θεαποιιῐσθαι
1427 3949 1508 4023 airis
1516 3955 1544 4026 )·
1558 3949 1605 4012 διδ
1618 3959 1711 4016 ταῦτα
1721 3958 1830 4030 chillo

259 4058 289 4104 ut
297 4040 386 4105 diseas
401 4042 527 4102 eumdem
538 4064 594 4102 esse
603 4042 651 4122 qui
663 4043 738 4103 illam
752 4066 768 4104 a
782 4048 915 4130 principio
925 4071 1003 4112 crea.
1056 4046 1178 4128 δΣιοτηρ
1189 4053 1235 4106 τοῦ
1250 4043 1351 4123 κόσμου
1368 4041 1413 4102 διδ
1426 4040 1523 4123 σαρκὸς
1535 4043 1563 4101 ἀν
1581 4046 1667 4126 αὐτῇ,
1677 4047 1730 4108 καί
1742 4047 1830 4119 selegi

258 4139 311 4203 vit.
327 4139 388 4199 Non
399 4133 471 4195 enim
485 4135 596 4194 alterius
607 4149 647 4195 est
660 4156 768 4214 creare,
781 4153 806 4198 ιι
820 4141 1003 4202 alteriusoor-
1055 4143 1109 4200 τῶν
1130 4139 1230 4219 μορίοιν
1244 4135 1344 4196 τούτων
1359 4131 1514 4202 ἀπαλλάξαι
1532 4136 1721 4214 μιασμάιυν,
1733 4139 1831 4200 ἀνατί·

256 4243 367 4311 ruptam
385 4248 515 4288 renovare
525 4272 534 4303 ,
549 4226 598 4286 sed
611 4226 731 4309 ejusdem
745 4245 784 4289 est
806 4245 949 4313 utrumque
961 4258 1003 4296 sa-
1057 4255 1132 4304 νισι,
1152 4228 1220 4290 πολὺ
1247 4226 1443 4309 χαλιπνιτίριον
1464 4223 1483 4297 ἢ
1507 4231 1672 4303 σωματικῆς
1695 4231 1830 4313 διαφθορᾶς

256 4308 366 4405 pientia
379 4334 406 4381 et
421 4321 498 4380 artis.
514 4322 636 4380 Renovat
645 4335 793 4382 creaturam
804 4324 889 4405 priori
903 4327 1005 4388 adven·
1058 4323 1235 4404 ίλεοθιρώσας
1248 4319 1331 4393 αὐτὴν
1346 4317 1490 4379 κακώσιιον
1500 4316 1547 4377 καλ
1559 4322 1666 4379 παθῶν·
1673 4323 1830 4391 ἀνακαινίίει

256 4429 305 4491 tu,
324 4430 353 4474 ut
372 4412 466 4474 nullus
488 4412 539 4473 tibi
557 4410 702 4472 dubitandi
724 4414 799 4475 locus
821 4417 872 4491 sit,
894 4440 953 4479 earn
973 4422 1003 4480 in
1057 4415 1101 4476 διὰ
1115 4420 1162 4487 τῆς
1179 4413 1288 4496 πρώτης
1306 4409 1453 4492 παρουσίας
1462 4409 1512 4480 τὴν
1523 4408 1623 4485 κτίσιν,
1638 4412 1685 4473 ίνα
1698 4414 1831 4496 μα’θηςδτι

262 4506 379 4568 secundo
394 4505 480 4586 ipsius
495 4503 612 4565 adventu
627 4526 679 4565 uon
701 4523 859 4570 renovatum
873 4511 924 4586 iri,
939 4527 966 4573 et
978 4528 1005 4573 te
1059 4508 1136 4575 αὖτίς
1147 4510 1217 4568 ἔστιν
1229 4510 1243 4566 ὅ
1254 4505 1301 4565 καί
1314 4505 1361 4563 ἀπ’
1373 4506 1458 4583 ἀρχῆς
1472 4501 1556 4575 “isit
1570 4502 1790 4587 δημιουργίαι·
1797 4511 1832 4568 bl

259 4615 321 4662 aute
335 4598 412 4658 illam
428 4597 456 4655 in
477 4597 780 4678 incorruptibilitatem,
801 4600 828 4661 iu
843 4602 1005 4683 impatibili·
1058 4599 1110 4679 γὰρ
1131 4599 1211 4658 ἄλλου
1234 4595 1281 4675 μίν
1297 4595 1410 4670 κτίζειν,
1423 4594 1503 4653 ἄλλοι*
1517 4592 1545 4655 ll
1558 4595 1760 4681 διαφθῑρῑῑπν
1776 4603 1832 4660 dtfl·

258 4706 363 4762 tutem,
380 4689 408 4749 iu
422 4687 652 4770 pulchritudinem
666 4691 831 4753 ineffabilem
845 4715 1002 4757 eonversum
1058 4691 1200 4762 καινίζειν,
1213 4690 1282 4749 ἀλλά
1300 4691 1349 4759 τῆς
1363 4687 1443 4757 αὐτῆς
1462 4684 1587 4766 θιᾶιῑφιι
1611 4686 1714 4769 σοφίας
1734 4690 1782 4753 καί
1797 4691 1832 4750 τί·

256 4785 303 4847 iri.
320 4783 352 4846 si
366 4781 460 4854 enim,
475 4779 584 4859 quando
599 4781 686 4842 libens
699 4783 824 4845 Christus
838 4789 866 4845 in
886 4787 1003 4850 infirmi·
1020 4819 1038 4866 μ
1056 4808 1131 4865 χνηι.
1145 4780 1317 4850 Ἀνακαινίζει
1328 4777 1376 4850 elo
1388 4776 1474 4836 κτίσιν
1489 4776 1557 4835 κατὰ
1572 4777 1625 4850 τὴν
1643 4782 1762 4860 πρώτην
1779 4787 1831 4844 δτι·

256 4892 312 4943 tate
334 4875 425 4938 earnis
450 4886 526 4951 erat,
551 4874 579 4934 iu
603 4874 766 4951 sudoribus,
790 4879 818 4937 in
842 4879 1003 4957 doloribus,
1057 4876 1165 4955 δημίαν,
1176 4874 1219 4933 ίνα
1232 4871 1352 4951 μηδεμία
1366 4894 1407 4930 σοι
1420 4870 1497 4949 χώρα
1512 4871 1683 4954 καταλαιφθῇ
1698 4876 1833 4946 ἀπιστίαι,

257 4969 366 5055 qrmndo
381 4967 506 5030 seductor
517 4980 543 5027 et
556 4967 741 5028 Samaritanus
752 4970 916 5048 vorabatur,
930 4995 1003 5034 crea·
1056 4972 1092 5036 ὧι
1110 4966 1179 5027 κατά
1196 4964 1245 5038 τὴν
1259 4962 1383 5044 δευτίραν
1403 4960 1550 5043 παρουσίαν
1564 4965 1596 5023 nb
1617 4968 1831 5042 καινιοθιίσιτιιι·

257 5079 347 5126 turam
361 5063 398 5124 ab
415 5062 459 5122 bis
475 5060 611 5138 mnusque
623 5073 650 5119 et
669 5073 724 5118 tam
742 5060 880 5123 diuturnis
899 5064 1002 5126 morbis
1056 5062 1102 5119 καί
1124 5059 1156 5120 σὺ
1172 5059 1223 5141 πρὸ
1245 5059 1326 5126 αὐτῆς
1342 5059 1378 5124 εἷς
1399 5053 1563 5136 ἀφθαρσίαν,
1577 5056 1617 5124 tls
1635 5058 1832 5131 ludlow&

256 5169 283 5215 et
303 5151 418 5213 maculis
442 5149 586 5211 mundavit
605 5173 613 5207 ι
634 5147 742 5230 quando
756 5151 845 5211 veniet
863 5168 894 5213 ut
916 5154 1002 5233 judex
1055 5152 1153 5231 ἄφατον
1176 5149 1319 5221 καλλονήν.
1332 5150 1366 5208 Εἰ
1380 5145 1442 5227 γὰρ,
1458 5147 1501 5205 ὅτι
1516 5137 1550 5219 ἦν
1570 5147 1642 5208 ἑκὼν
1664 5153 1695 5211 ἐν
1716 5154 1833 5233 ἀσθενείᾳ

256 5240 386 5306 rivorum
399 5253 425 5300 et
438 5253 606 5300 mortuorum
616 5282 625 5315 ,
634 5236 743 5319 quando
756 5240 914 5322 angolorum
926 5243 1004 5304 iuuu-
1055 5243 1160 5323 σαρκὸς,
1175 5246 1201 5303 ἰν
1212 5243 1328 5321 ἱδρῶσιν,
1344 5244 1371 5302 ἐν
1386 5239 1497 5301 πάθεσιν
1511 5245 1525 5300 θ
1539 5240 1667 5323 Χριστὸς,
1678 5246 1729 5308 ὅτι
1740 5246 1833 5313 πλάνας
