3750 6052
287 659 358 751 154
750 682 782 731 s.
809 679 954 733 scaurus
978 676 1215 731 cnnrsosrom
1239 676 1337 743 utra,

281 829 326 870 me
339 806 477 869 invehitur
487 805 712 890 chrysostomus,
723 807 769 868 vel
781 807 847 869 hinc
862 806 1025 868 abolendam
1080 817 1150 879 rent,
1159 817 1187 865 et
1196 802 1313 863 interdiu
1326 800 1651 887 precesfundereotipsae
1660 850 1670 877 ,
1679 804 1753 887 quie
1761 802 1842 865 diur-

282 903 363 962 talem
389 899 608 961 consuetudinem
626 922 683 961 esse
706 898 822 976 dicens,
844 900 917 1004 quod
933 898 1028 959 multis
1079 896 1122 958 nis
1144 894 1221 957 boris
1234 895 1287 957 viri
1302 942 1311 965 ,
1324 894 1440 975 negotiis
1453 908 1480 959 et
1504 898 1544 957 rei
1565 896 1704 963 &miliari
1725 918 1841 980 operam

281 994 447 1057 offendiculo
466 1008 545 1054 esset.
567 994 613 1053 Ex
632 993 766 1053 consortio
790 993 930 1073 virginum
953 990 1028 1051 nasci
1079 988 1190 1059 dantes,
1203 988 1330 1071 precibus
1345 988 1500 1049 incumbere
1513 1010 1567 1051 non
1581 990 1733 1053 valebant.

280 1089 426 1175 necessario
440 1087 683 1169 concupiscentiam
694 1088 822 1147 affirmat.
833 1086 921 1145 Aliam
932 1084 1027 1169 paucis
1119 1082 1187 1154 Quas
1203 1080 1239 1141 de
1250 1080 1391 1140 nocturnis
1403 1081 1531 1163 preribus
1544 1080 1592 1143 ille
1611 1084 1838 1143 statues-etsen-

280 1181 445 1262 interpositis
467 1179 565 1239 diebus
584 1180 679 1240 eadem
697 1179 733 1239 de
753 1200 782 1239 re
803 1179 899 1239 habuit
920 1177 1027 1237 oratio·
1078 1174 1329 1255 stantinopolitenos
1349 1173 1463 1237 ciericos
1485 1174 1651 1251 mordebat,
1671 1176 1728 1255 qni
1750 1176 1839 1257 negli-
1825 1204 1874 1245 -ιιι

126 1284 266 1349 τψιριιι
278 1294 340 1334 nem
343 1295 446 1353 ,quam
460 1294 508 1349 per
522 1273 744 1332 exclamationem
759 1271 888 1347 orditur,
896 1270 1027 1331 adversus
1078 1268 1185 1347 gentius
1199 1267 1364 1328 reedivinas
1377 1281 1541 1345 tractantes,
1555 1282 1612 1329 tota
1635 1284 1721 1331 nocte
1743 1292 1838 1333 ιιιιιιιι

278 1366 398 1446 virgines
419 1366 501 1440 illas,
516 1386 578 1444 qua
597 1364 764 1445 virginitatis
784 1366 900 1445 speeiem
920 1386 977 1446 prae
998 1384 1028 1423 se
1078 1358 1166 1421 dediti
1179 1372 1265 1421 erant.
1291 1358 1350 1419 lmo
1372 1381 1455 1436 vero,
1469 1361 1534 1442 qnia
1553 1362 1667 1443 J‘emdiu
1690 1364 1838 1425 clericatus

277 1457 392 1518 ferentes
400 1503 409 1533 ,
422 1457 496 1519 viros
509 1457 555 1537 qui
569 1478 661 1517 secmn
672 1457 747 1517 dorni
763 1471 900 1518 manerent
912 1456 1029 1517 induce-
1078 1454 1169 1513 officia
1184 1455 1266 1513 missa
1279 1452 1413 1527 fecerant,
1428 1454 1590 1515 haecomnia
1603 1454 1685 1537 apud
1697 1456 1766 1517 illos
1776 1478 1838 1539 pso·

277 1548 355 1609 hane
372 1549 471 1628 hisque
485 1550 619 1629 virginem
633 1570 685 1610 non
699 1550 794 1609 decere
808 1549 912 1609 cultum
927 1570 1028 1631 corpo-
1078 1560 1139 1628 pter
1153 1560 1314 1607 vetustatem
1328 1544 1527 1607 obsoleverant.
1539 1545 1651 1607 Divites
1662 1560 1765 1609 autern
1778 1568 1838 1608 ma-

278 1641 320 1701 ris
332 1656 486 1721 vestemque
505 1643 671 1722 pretiosam,
686 1643 850 1723 nuptiasque
869 1641 1027 1723 hujusmodi
1079 1638 1173 1713 xisne,
1187 1638 1227 1697 uti
1250 1637 1353 1697 solebat
1365 1636 1448 1697 etiam
1462 1637 1683 1713 Antiochise,in
1700 1640 1839 1701 concioni·

279 1732 428 1813 virginitati
452 1733 638 1793 anteferendas
650 1756 726 1794 esse:
746 1734 866 1812 talesque
887 1732 1026 1813 uirgines,
1079 1736 1132 1795 hiis
1143 1734 1295 1813 heqtienter
1307 1732 1344 1793 ed
1361 1734 1484 1794 officium
1503 1734 1670 1809 revocabat,
1689 1734 1797 1797 doeens
1809 1758 1841 1797 ne

278 1824 350 1909 dicit
356 1871 367 1903 ,
379 1826 485 1885 etiamsi
507 1848 560 1887 non
577 1828 648 1887 male
669 1841 778 1907 agerent
790 1872 799 1903 ,
815 1827 865 1887 hoc
886 1826 945 1907 ipso
967 1846 1029 1907 pee-
1078 1826 1196 1885 sublime
1208 1840 1348 1906 saperent,
1363 1839 1391 1885 et
1404 1826 1539 1887 bonorum
1551 1840 1662 1909 partem
1674 1830 1778 1911 egtmis
1790 1830 1839 1889 im·

279 1938 341 1980 care
360 1918 433 1998 quod
454 1918 517 1979 aliis
536 1919 702 1980 offendiculo
727 1935 823 1981 essem.
839 1923 919 1982 Vera
942 1918 1028 1999 virgi·
1079 1916 1221 1999 pertirent.
1250 1916 1315 1977 llaec
1343 1918 1380 1977 ab
1406 1917 1487 1979 initio
1509 1918 1615 1981 monite
1637 1940 1721 2003 saepe
1742 1923 1839 2004 saepiae

280 2011 323 2071 nis
344 2030 431 2071 mores
449 2025 541 2092 postea
560 2010 692 2072 describit
698 2014 889 2091 ,demumque
914 2011 1024 2071 concio·
1078 2010 1162 2071 dabat
1182 2010 1237 2072 ille.
1253 2012 1292 2071 Ea
1307 2032 1388 2087 vero,
1407 2033 1467 2091 que
1480 2010 1578 2093 primis
1589 2010 1775 2118 episcopatus
1798 2017 1838 2077 sni

280 2124 342 2163 nem
358 2100 472 2163 claudit.
1079 2103 1236 2165 mensibus
1228 2126 1256 2164 sn
1267 2056 1443 2165 concionibus
1455 2103 1530 2165 dixit
1535 2104 1709 2187 ,speciatim
1722 2120 1753 2167 et
1763 2106 1838 2169 ordi-

182 2213 267 2260 ιιι.ιιιι
319 2195 513 2255 HincGlerum
526 2216 607 2256 sirum
620 2194 805 2258 adortusest.
821 2216 883 2255 nam
904 2195 1027 2277 plerique
1080 2217 1114 2256 ne
1134 2198 1263 2257 recensita
1276 2218 1330 2257 nnn
1342 2212 1511 2279 comparent
1523 2198 1597 2259 rel'
1589 2218 1618 2259 an
1636 2198 1703 2281 ejus
1717 2201 1839 2283 ecs-iptio,

127 2274 203 2337 l'··⁴⁵
278 2288 373 2351 eedem
395 2289 493 2349 morbo
516 2290 683 2350 tenebantur.
704 2289 779 2365 Quia
802 2310 868 2348 vero
892 2290 1027 2349 ferventer
1079 2290 1124 2351 vel
1136 2290 1213 2372 apud
1229 2292 1374 2372 scriptores
1386 2289 1581 2351 ecclesiasticos
1594 2290 1643 2351 sui
1660 2292 1733 2353 eei.
1749 2294 1839 2377 lpsma

277 2406 328 2466 pro
347 2404 423 2443 more
442 2402 492 2443 suo
513 2383 580 2442 vitia
602 2382 828 2459 insectabatur,
821 2402 849 2440 tn
867 2380 1026 2442 clericorum
1079 2404 1185 2463 semper
1206 2383 1315 2443 assidue
1338 2383 1526 2442 concionatum
1550 2402 1610 2443 esse
1634 2384 1760 2447 sci-os.
1781 2388 1837 2447 lano

276 2475 458 2558 complurium
474 2476 650 2537 offensionem
669 2475 806 2551 incurrit,
822 2488 854 2533 ut
874 2487 965 2555 postea
979 2474 1025 2535 vi·
1080 2474 1182 2535 multas
1195 2474 1326 2535 habemus
1339 2473 1466 2535 homilias
1475 2474 1652 2555 episcopatus
1667 2476 1720 2537 soi
1736 2491 1838 2561 ternpo-

277 2566 411 2629 debimns.
440 2568 473 2627 ln
502 2567 666 2639 avaritiam,
681 2588 765 2647 quarn
786 2580 866 2627 vocat
886 2565 1028 2626 Palladius
1080 2568 1432 2648 rehabitas;sedqueruna
1444 2568 1646 2651 maximopere
1667 2570 1783 2633 nullam
1797 2572 1838 2633 sel

277 2661 413 2720 malorum
439 2659 562 2719 omniurn
592 2658 775 2741 metropolin,
802 2680 874 2739 saepe
905 2657 1027 2719 vidimus
1080 2660 1180 2720 mensis
1192 2660 1310 2721 velanni
1325 2674 1417 2720 notam
1430 2660 1605 2743 praesefert.

278 2753 504 2835 chrysostomum
519 2750 668 2811 Antiochiae
680 2752 904 2824 concionantem,
916 2764 945 2811 et
961 2750 1027 2829 quia
1122 2754 1226 2815 Verum
1238 2774 1281 2813 res
1293 2752 1400 2835 pridem
1414 2766 1490 2813 ιιιιι
1503 2754 1582 2837 longe
1595 2754 1837 2835 pejoremditin-

278 2845 384 2905 malum
397 2844 556 2925 hujusmodi
569 2864 624 2905 non
639 2844 729 2905 minus
742 2845 864 2926 serpebat
874 2844 1027 2904 Constanti·
1080 2866 1124 2906 ne.
1140 2847 1269 2925 illaquam
1280 2845 1359 2905 nobis
1371 2846 1398 2905 in
1407 2844 1596 2926 chrysostomi
1605 2846 1741 2931 episcopi
1756 2848 1837 2911 histo-
1853 2850 1857 2856 ’

278 2938 371 3019 nopoli
394 2957 478 3016 quam
504 2937 671 3012 Antiochiae,
697 2936 931 3015 frequentissime,
957 2934 1026 2995 duna
1080 2940 1229 2999 maliacem
1250 2938 1871 3027 stitutionemittauamptahomttiaroep

278 3051 421 3111 episcopus
434 3044 507 3105 erat,
522 3029 550 3091 iu
560 3050 656 3089 avaros
666 3042 693 3089 et
706 3050 815 3110 rapaces
829 3027 1024 3089 invehebatur:
1080 3031 1213 3104 accessio,
1227 3053 1289 3111 quse
1301 3030 1374 3091 haud
1386 3030 1423 3090 ita
1432 3029 1538 3111 pridem
1552 3028 1597 3091 vel
1607 3050 1646 3091 ex
1655 3033 1837 3105 musetum

280 3121 307 3181 in
321 3120 476 3182 adulatores
489 3122 617 3181 similiter
635 3135 662 3181 et
680 3122 830 3203 parasitos,
847 3120 895 3201 qui
907 3118 1026 3181 divitum
1080 3137 1112 3183 nt
1126 3123 1251 3203 quidam,
1264 3123 1308 3183 vel
1317 3145 1352 3183 ex
1367 3122 1455 3183 insula
1470 3122 1597 3197 Pathmo,
1611 3122 1714 3185 otalii
1725 3126 1837 3201 solunt,

279 3234 384 3275 mensas
407 3214 580 3273 sectabantur
587 3228 691 3294 ,atque
714 3214 754 3274 sic
773 3212 957 3273 multorum
948 3234 977 3272 ιι
998 3233 1028 3274 ss
1080 3236 1110 3277 sn
1118 3214 1482 3276 llrhlrothecemVattcanam
1493 3212 1582 3273 allate
1583 3214 1837 3290 ,sandalibusno-

279 3307 376 3369 odium
389 3308 546 3368 concitavit.
1079 3308 1143 3370 stris
1145 3307 1283 3387 ,quitum
1295 3308 1387 3368 Rornae
1401 3306 1630 3387 congregationis
1642 3310 1741 3372 sanai
1751 3312 1837 3373 ldaori

183 3424 270 3470 uwttu
321 3402 417 3461 Tanta
440 3399 591 3461 severitatis
613 3414 748 3461 oratorem
768 3400 950 3461 necessarium
968 3413 1027 3461 erat
1080 3414 1195 3483 neqotus
1205 3398 1410 3480 advigilabant
1421 3400 1726 3465 aGrarcoamanuensi
1739 3404 1837 3473 desci-

126 3484 202 3549 t‘wlfi
280 3514 328 3554 sua
342 3507 424 3559 ettam
437 3506 561 3555 accurate
570 3493 719 3576 dispicere,
734 3515 768 3553 ne
780 3493 871 3573 qnod
865 3515 891 3553 ιι
902 3494 963 3555 alus
978 3516 1024 3554 re-
1079 3509 1143 3575 pta,
1158 3494 1321 3555 transmissae
1334 3492 1402 3553 mihi
1418 3492 1512 3567 fuere;
1526 3491 1748 3559 nimirumel).
1763 3500 1836 3561 Petro

279 3585 455 3691 prehensicne
468 3584 585 3666 dignum
605 3587 790 3669 predicabat,
808 3588 861 3648 sibi
878 3588 1025 3648 etiamob-
1080 3587 1201 3663 lllaloct,
1226 3586 1273 3666 qui
1300 3599 1358 3645 tum
1373 3584 1560 3647 Procuratoris
1578 3588 1728 3665 genualia
1752 3590 1837 3653 officio

146 3711 149 3717 v
275 3699 326 3759 ιιιι
338 3693 437 3761 posset
454 3678 507 3739 llic
519 3680 576 3740 duo
589 3694 665 3739 erent
679 3678 878 3753 examinanda,
893 3680 1023 3739 Ecclesiae
1079 3682 1243 3761 fungebatur
1257 3694 1283 3739 et
1295 3701 1366 3739 nunc
1378 3700 1408 3739 ιι
1419 3690 1582 3739 monasterio
1596 3682 1695 3743 sancei
1709 3684 1837 3747 Germani

278 3785 305 3832 et
327 3775 446 3877 episcopt
439 3771 574 3833 reditus.
589 3773 681 3832 Primo
695 3786 786 3832 antem
801 3772 928 3833 Ecclesia
950 3793 1026 3831 oeco-
1080 3774 1199 3833 apr-atis
1221 3773 1299 3833 Prior
1319 3786 1377 3847 est,
1391 3772 1506 3831 etal).
1527 3772 1651 3855 Josepho
1681 3778 1810 3841 Asril'
1786 3798 1838 3861 eJns

278 3865 354 3923 nomi
385 3864 492 3923 tabulas
520 3878 672 3935 scrutatur,
697 3865 902 3972 impensasque
916 3863 1028 3922 inutiles
1081 3864 1155 3923 socio
1163 3865 1241 3945 j,atn
1254 3865 1453 3926 inmonasterio
1471 3865 1631 3927 Gorbciensi
1650 3868 1760 3933 Priore
1767 3871 1834 3953 ,qai

277 3957 404 4061 abrogari
424 3959 526 4039 J'ubet.
519 3959 607 4018 ·hinc
627 3958 747 4040 episcopi
774 3971 881 4017 sumtus
902 3957 1027 4027 exctrtit,
1081 3956 1162 4016 amhn
1175 3978 1298 4039 semper,
1311 3959 1379 4020 dum
1388 3960 1482 4019 Roma
1494 3973 1580 4019 esseut
1588 3962 1837 4039 ,essidmnihi

278 4049 392 4108 nimiam
413 4051 599 4130 profusionem
626 4050 761 4123 ostendit,
783 4049 945 4131 jubetque
937 4048 1027 4109 inuti·
1080 4050 1361 4133 prestitereoperam.

279 4139 317 4199 les
338 4140 400 4199 illas
419 4161 549 4222 expensas
572 4140 607 4201 ad
625 4143 777 4203 nosocomia
800 4142 948 4202 transferri.
971 4144 1027 4203 Νι-
1118 4142 1254 4223 Qtiodque
1265 4164 1376 4225 prorsus
1389 4163 1491 4203 novum
1505 4140 1713 4229 insolitumque
1726 4164 1787 4231 est,
1798 4162 1836 4211 at-
1854 4174 1870 4219 ιΙ

280 4232 403 4293 cessitate
421 4234 555 4294 autemid
576 4236 746 4315 postulante,
762 4236 915 4295 nosocomia
938 4237 1027 4318 pluri-
1078 4257 1130 4315 que
1139 4237 1264 4296 utilitatis
1278 4236 1394 4295 multum
1406 4236 1500 4309 affert,
1517 4236 1559 4295 har
1581 4236 1717 4303 homilia
1736 4238 1869 4305 deuoti-³¹l

279 4345 324 4386 sna
338 4327 507 4398 construxit,
524 4327 624 4406 qnibus
646 4329 817 4410 presbyteros
836 4329 906 4388 duos
928 4331 1027 4411 pietate
1078 4345 1132 4412 ptae
1144 4331 1218 4390 fuere
1231 4329 1374 4409 aquodam
1390 4330 1437 4408 qui
1451 4336 1481 4393 S.
1494 4328 1615 4389 doctoris
1629 4330 1720 4397 lateri
1740 4336 1835 4399 hede-

279 4418 423 4481 instructos
449 4421 612 4527 preposuit,
628 4422 747 4482 medicos
769 4424 834 4483 item
855 4436 882 4483 et
904 4444 1025 4531 coquos,
1078 4444 1107 4483 se
1120 4423 1232 4483 videtur
1238 4424 1362 4526 ,quique
1380 4422 1406 4481 in
1426 4422 1834 4491 homiliarumtitulislooere

278 4511 398 4594 aliosque
413 4515 450 4575 ad
471 4514 622 4575 ministeria
642 4514 806 4590 destinatos,
820 4538 870 4577 nec
892 4519 1026 4599 conjuga·
1077 4519 1129 4577 fert
1143 4518 1190 4576 ubi
1210 4516 1350 4576 conciones
1364 4514 1464 4575 habitas
1483 4528 1546 4576 sunt
1555 4530 1707 4601 et,saepe
1730 4540 1833 4583 ιιιιιιι

281 4617 321 4664 tos
331 4627 403 4685 ,ιιιιι
397 4608 590 4668 'advenientes
607 4608 727 4691 hospites
748 4624 776 4670 ct
801 4630 887 4691 aegros
900 4626 1026 4673 curarent
1077 4632 1127 4671 cur
1138 4609 1310 4670 concionatus
1323 4608 1358 4668 sit
1372 4608 1489 4684 indicat,
1500 4628 1597 4669 acuon
1611 4632 1711 4692 pauca
1726 4614 1833 4699 pracla-

280 4716 312 4755 ec
325 4697 454 4758 foverent.
1077 4725 1120 4778 ra,
1131 4702 1167 4763 ed
1179 4702 1318 4763 historiam
1334 4702 1478 4761 illiusanni
1492 4701 1677 4783 pertinentia,
1688 4708 1830 4771 admiscet.

182 4824 267 4869 PM
312 4790 373 4851 Sub
387 4791 444 4852 lucr
457 4807 546 4853 autern
560 4793 595 4854 ad
610 4794 710 4856 viduas
724 4816 869 4856 convmsus
884 4809 941 4869 est,
964 4819 1025 4876 qua
1078 4795 1318 4875 Certissimumqne
1333 4810 1372 4853 est
1395 4794 1456 4854 illas
1470 4796 1716 4879 Constantinopoli
1731 4802 1831 4865 hhiras

126 4889 200 4950 ιιι·
280 4896 346 4943 tunc
371 4882 399 4943 in
424 4884 543 4945 Ecclesia
563 4886 681 4965 aliquem
704 4887 820 4969 gradum
847 4902 874 4949 et
900 4888 1025 4951 ordinem
1077 4890 1161 4949 fuisse
1180 4889 1258 4948 annis
1276 4892 1337 4952 398
1358 4903 1384 4948 et
1402 4890 1470 4951 otto.
1484 4890 1615 4969 [Omnes
1635 4892 1762 4959 fonesoe
1784 4916 1830 4957 nno

279 4976 455 5054 obtinebant,
471 4992 500 5037 ut
521 4999 613 5037 earum
625 4995 652 5040 et
665 4996 748 5041 urtam
763 4996 788 5041 et
802 4996 875 5062 gesta
886 5004 1025 5064 perquire
1077 4984 1227 5045 ann0599
1241 4982 1301 5061 ].lu
1317 5002 1380 5040 vero
1395 4994 1562 5041 continenter
1572 4994 1601 5041 et
1615 4982 1669 5047 allo
1684 4986 1829 5067 qnodiete

279 5083 337 5149 ret,
352 5070 419 5131 etsi
442 5091 510 5151 quas
530 5071 661 5131 inveniret
683 5094 772 5134 earnis
784 5073 889 5135 delicus
903 5075 1025 5153 deditas
1077 5074 1152 5133 fuere
1169 5072 1265 5134 ordine
1278 5073 1323 5131 hnc
1342 5074 1510 5149 referantur,
1525 5072 1560 5132 de
1577 5076 1681 5139 multas
1694 5080 1829 5161 liquidos!

279 5117 406 5224 mohebat
425 5165 634 5245 utjejunarent,
654 5166 980 5257 abstinerentabalpeis,
998 5181 1026 5229 et
1077 5180 1134 5241 est,
1141 5165 1648 5227 deommhusaltirmarcnonausim·
1638 5170 1829 5245 ,imorms'e

279 5255 315 5314 ab
328 5271 470 5336 exquisitis
483 5257 604 5317 vestibus
619 5272 689 5335 aut
702 5273 827 5340 protinus
846 5259 882 5320 ad
894 5261 1025 5325 secundas
1078 5257 1274 5318 mileestalias
1283 5279 1363 5336 ,quae
1383 5256 1441 5337 J'arn
1460 5279 1512 5318 non
1531 5272 1643 5319 exstant
1651 5263 1828 5347 ,interJertas

281 5349 389 5429 nuptias
409 5349 595 5427 convolarent,
608 5372 643 5412 ιι
663 5351 710 5411 lex
732 5353 844 5413 Domini
866 5353 1024 5415 violaretur.
1078 5352 1167 5413 fuisse.
1181 5351 1293 5430 [Unam
1306 5363 1332 5408 et
1347 5350 1458 5409 alteram
1480 5350 1665 5415 indicavimus
1685 5356 1827 5441 inpub-

279 5439 444 5501 llortabatur
457 5443 537 5502 etiam
553 5442 687 5525 populos,
701 5459 732 5504 ut
744 5443 772 5504 in
784 5445 923 5505 nocturnis
937 5445 1024 5527 preci·
1078 5446 1150 5507 tione
1159 5443 1216 5504 ad
1209 5458 1275 5503 istas
1289 5443 1455 5520 llomilias.]

279 5532 331 5593 hus
344 5534 445 5597 assidui
458 5551 559 5613 essent;
573 5556 672 5599 uxores
685 5550 775 5599 autern
785 5583 794 5610 ,
806 5551 836 5597 ut
845 5534 921 5599 domi
933 5560 1025 5601 mane·
1118 5535 1210 5597 Prima
1220 5536 1362 5597 verudioto
1374 5536 1426 5595 luit
1439 5558 1501 5597 cum
1510 5534 1635 5601 nondum
1642 5542 1824 5627 trigintadies
