3714 5970
206 464 211 471 ·
250 417 321 494 266
874 439 991 488 srunta
1016 437 1178 503 annru.

245 566 321 645 rint,
339 563 477 656 proposito
498 576 587 624 tamen
607 563 689 624 occisi
708 575 771 623 sunt
784 585 791 620 τ
806 563 879 622 Deus
899 577 990 623 autem
1044 568 1183 644 ἀγαπητοῦ
1202 565 1235 624 δι’
1258 561 1319 642 ίμί·
1341 563 1389 631 ,οὔκ
1410 562 1507 644 ίριίσω
1527 565 1561 644 τῇ
1583 561 1694 644 γνώμη,
1713 564 1763 644 ipah
1778 568 1800 628 il

251 667 304 706 non
317 645 429 725 requirit
448 643 567 716 exitum,
587 642 830 710 redintenticnem.
849 642 990 720 Siquidem
1043 645 1192 722 ἐτισάμην
1213 646 1247 724 τῇ
1265 643 1357 724 πείρα.
1379 641 1484 710 Οίτινες
1502 642 1551 703 tat
1586 647 1636 715 τῆς
1658 648 1744 725 ψυχῆς
1761 669 1802 724 μω

250 739 277 786 ct
287 726 424 786 Abraham
435 723 524 781 lilium
536 722 680 799 mactavit,
695 722 819 801 quamvis
829 742 882 780 non
893 736 991 781 macta·
1043 667 1088 783 vir
1102 727 1202 783 ἑαυτῶν
1214 722 1349 804 τράχηλον
1362 721 1506 795 ὑπέθηκαν.
1520 668 1625 802 Αίματι
1636 725 1681 784 τὸν
1702 724 1801 785 άπόετο·

250 804 301 878 vit,
318 803 425 884 gladius
435 803 507 861 enim
517 802 696 862 suitmnndus
709 826 716 859 z
728 816 755 861 et
765 801 846 876 dicit,
861 803 931 860 Non
940 824 990 880 pe·
1044 804 1090 862 λον
1108 802 1275 872 ὑπεδέξαντο.
1292 800 1431 872 Συνήκατε
1443 800 1472 861 τί
1490 791 1579 877 alnou,
1593 806 1625 864 ὠ
1638 801 1691 884 γάρ
1712 802 1802 883 χοίρως

248 889 367 967 percisti
380 883 526 965 filiosuo
545 896 664 972 propter
682 902 737 944 me.
762 882 822 940 Non
847 880 991 961 pepercisti
1043 883 1090 941 καὶ
1110 881 1193 965 ὄρνεις
1214 884 1286 964 αὐτῷ
1309 882 1419 954 ίθυσαν,
1433 880 1502 942 titt
1522 881 1554 942 τθ
1575 872 1645 962 αἷμα
1664 880 1697 942 τὸ
1717 885 1801 943 ἑαυτῶν

250 963 354 1036 animo,
370 982 419 1041 ego
436 982 500 1021 vero
515 982 603 1043 reipsa
614 962 730 1042 peperci.
750 962 807 1039 Qui
819 965 990 1040 procerrima
1009 964 1027 1011 F
1043 960 1160 1042 ἐξέχεαν.
1176 951 1215 1020 Ὦ
1233 958 1378 1042 φιλοξενίας
1392 959 1542 1063 θπιρόολή·
1608 985 1634 1021 οι
1646 960 1695 1021 tto
1712 961 1803 1024 θῶευοι

249 1065 315 1103 mea
329 1063 398 1104 suas
409 1045 532 1101 cervices
543 1054 764 1121 supposuerunt.
778 1039 914 1118 Sanguine
925 1061 989 1120 apo·
1044 1041 1108 1101 δέκα
1132 1039 1253 1116 θόολοίις,
1275 1043 1403 1112 σκυλῆναι
1425 1064 1455 1100 ου
1473 1040 1656 1110 καταξιοῶσιν·
1678 1043 1803 1102 introiri

249 1123 349 1183 stolum
368 1134 539 1202 exceperunt.
563 1126 603 1178 An
625 1120 795 1179 intellexistis
813 1118 886 1196 quod
908 1118 989 1177 dixi?
1044 1111 1112 1198 αἷμα
1132 1123 1232 1180 ἑαυτῶν
1251 1119 1372 1200 ίξέχεαν,
1385 1119 1433 1180 καί
1444 1120 1644 1202 κατεφρόνησαν
1658 1122 1804 1202 τῆςπαροί-

249 1205 311 1263 Non
325 1203 397 1262 enim
416 1220 511 1281 percos
523 1200 568 1258 vel
581 1220 665 1278 agnos
679 1213 847 1274 mactarunt,
864 1197 912 1257 scd
926 1198 988 1257 san-
999 1221 1093 1279 ,,,σης
1112 1203 1190 1271 ζωῆς.
1204 1199 1239 1260 Ὁ
1261 1196 1394 1278 φιλόξενος
1415 1197 1485 1258 οὕτω
1502 1199 1642 1281 ραίνεται,
1666 1205 1717 1280 οίεχ
1736 1205 1804 1268 beel

249 1283 359 1361 guinem
368 1280 512 1395 proprium
525 1278 688 1338 effuderunt.
705 1280 730 1337 0
744 1278 938 1358 hospitalitatis
951 1279 990 1336 sa·
1010 1295 1029 1339 Α
1044 1285 1102 1353 νῦν,
1119 1281 1239 1361 βλοσυρῷ
1252 1284 1291 1360 τῷ
1301 1278 1453 1361 προσώπῳ,
1467 1280 1514 1339 καί
1526 1279 1574 1348 τάς
1595 1282 1678 1360 eppo<
1694 1281 1805 1359 ἐπαίρω-

248 1362 375 1442 stigium.
389 1358 446 1420 rllii
459 1359 482 1418 si
495 1358 587 1417 decern
601 1358 695 1419 obolos
706 1357 838 1431 dederint,
853 1358 990 1417 molestari
1042 1382 1099 1430 τες,
1123 1359 1169 1419 ἐὰν
1187 1357 1292 1418 δῶσωσι
1310 1357 1404 1427 πένητι
1422 1358 1486 1418 δέκα
1507 1359 1630 1432 diobolae,
1643 1359 1692 1420 καὶ
1712 1358 1805 1428 τούτοις

249 1462 320 1521 aegre
341 1443 430 1515 lerunt
443 1464 449 1496 :
462 1438 505 1496 illi
522 1438 678 1517 sanguinem
700 1458 779 1497 suum
797 1436 941 1508 l'uderunt,
965 1451 992 1497 et
1017 1476 1020 1483 ·
1044 1438 1087 1496 διὰ
1097 1447 1143 1498 τοῦ
1156 1427 1357 1499 οἰκέτουθίιτοι
1370 1437 1398 1498 il
1410 1437 1483 1518 οὐχί,
1496 1441 1555 1498 ἀλλ’
1569 1439 1645 1500 αὐτοὶ
1660 1438 1806 1499 erichthei

249 1534 407 1600 praesentem
418 1516 501 1580 vitam
512 1519 723 1579 contemnebant.
740 1517 792 1578 Vir
802 1516 942 1597 hospitalis
953 1515 991 1575 ita
1044 1521 1058 1576 έ
1077 1517 1168 1577 ίνοντο.
1189 1517 1269 1578 Obrue
1284 1517 1331 1577 καί
1352 1521 1368 1576 θ
1388 1517 1511 1600 Ἀόραθμ
1528 1517 1576 1578 καί
1597 1522 1615 1590 ή
1639 1517 1749 1599 Σάρρα·
1768 1520 1806 1579 καί

222 1663 225 1667 ,
249 1600 411 1680 conspicuus
434 1597 540 1672 evadit,
562 1619 614 1657 non
636 1600 706 1658 sicut
727 1596 746 1654 11
761 1596 808 1674 qui
823 1618 894 1655 nunc
915 1611 990 1656 torro
1044 1542 1097 1676 γάρ
1112 1597 1198 1671 ἐκείνη
1207 1597 1320 1679 έρόρασι
1333 1596 1368 1656 τά
1382 1598 1480 1677 ἄλευρα
1486 1598 1619 1670 ,abacti
1630 1598 1681 1671 τὴν
1693 1597 1806 1676 βλαιιιίαν

122 1686 128 1697 “
249 1679 329 1739 vultu
339 1692 365 1739 et
375 1676 526 1758 superciliis
536 1677 628 1750 elatis,
639 1678 662 1737 si
672 1675 763 1735 decem
775 1676 867 1735 obolos
878 1697 926 1756 per
938 1696 992 1734 ser·
1017 1685 1020 1689 ’
1044 1680 1098 1736 τῶν
1116 1682 1161 1736 νῦν
1174 1681 1318 1758 γυναικῶν,
1332 1675 1349 1748 ἡ
1366 1685 1421 1744 τοῖς
1435 1676 1553 1756 χρυσίοις
1565 1678 1614 1738 καί
1632 1673 1690 1744 τοῖς
1706 1678 1808 1756 ἱματίοις

250 1779 300 1818 vos
310 1780 372 1818 suos
381 1757 494 1841 pauperi
504 1755 638 1817 dederint.
650 1756 687 1815 lli
697 1777 762 1818 vcro
776 1776 828 1814 nun
840 1756 905 1814 item
909 1778 918 1830 ς
929 1776 992 1814 uam
1044 1765 1099 1824 τοῖς
1113 1766 1232 1839 σηρικαῖς
1243 1755 1434 1836 μαλακωτέραν
1448 1757 1498 1829 τήν
1507 1758 1585 1838 ρύσιν
1595 1754 1809 1837 έργάζετει.’Λλλ’

250 1851 277 1898 et
289 1838 342 1918 ipsi
358 1837 422 1898 sacti
442 1851 503 1896 sunt
516 1837 597 1895 servi.
613 1836 659 1898 Sic
672 1849 698 1895 et
716 1835 853 1896 Abrabam
864 1848 891 1893 et
903 1836 990 1895 Sarae
1045 1835 1133 1908 ἐκείνη
1158 1835 1319 1917 μυλωθρίδος
1337 1834 1401 1917 έργα
1419 1837 1548 1897 ἐπιτελεῖ·
1566 1836 1613 1897 καί
1628 1835 1703 1915 λέγει
1717 1839 1777 1916 α’πῇ
1794 1840 1810 1896 θ

250 1938 314 1977 nam
327 1918 375 1976 illa
392 1916 704 1991 commiscuitiarinam,
719 1935 770 1974 non
786 1914 934 1974 secundum
948 1935 994 1973 ea·
1046 1916 1113 1997 ἀνήρ
1123 1962 1131 1988 ,
1142 1918 1262 1976 Σπεῦσον
1278 1915 1324 1975 καί
1338 1915 1454 1996 ρόρασον
1469 1916 1531 1996 τρία
1547 1917 1634 1998 μέτρα
1646 1917 1807 1994 «spumaue

250 2019 311 2057 rum
335 2018 396 2074 qnae
416 2017 488 2055 nunc
511 2009 574 2054 sunt
589 1996 735 2055 mulierum
755 1995 913 2069 mollitiem,
933 2015 993 2068 quae
1047 1996 1100 2055 Καὶ
1123 1997 1172 2054 οὐκ
1193 1987 1263 2070 εἶπε,
1280 1999 1365 2055 ταῦτα
1378 1997 1501 2071 ’ἀνεκτάς
1514 1995 1659 2078 άρτοποιόν
1676 2020 1712 2074 με
1726 1994 1807 2061 έλαόες

250 2097 317 2136 αυτο
338 2075 483 2155 sericisque
501 2076 622 2134 restibus
636 2089 760 2135 naturam
777 2074 880 2134 elliciti
903 2074 996 2133 navic·
1045 2075 1094 2148 τήν
1118 2074 1257 2154 συγγενίθα
1267 2097 1277 2152 ;
1292 2077 1321 2135 οὐ
1343 2083 1441 2155 προῖκα
1453 2075 1609 2154 εἰσήνεγκας
1624 2078 1675 2135 αιἰκ
1696 2074 1807 2154 ίλωθίρε

249 2177 316 2217 rem.
336 2157 385 2215 llla
405 2175 469 2215 vero
487 2155 629 2232 molitricis
647 2155 705 2215 obit
722 2174 833 2214 munera
851 2177 858 2210 τ
875 2095 996 2231 dicitque
1013 2170 1031 2217 n
1047 2153 1121 2232 είμίς
1137 2158 1171 2214 τά
1185 2154 1313 2215 διακόνων
1333 2178 1378 2233 μοι
1397 2155 1564 2223 ἐπιτάττεις·
1579 2158 1625 2215 tut
1638 2153 1747 2224 ταίιταις
1757 2162 1810 2222 ταῖς

100 2257 237 2310 cudae,
251 2235 292 2294 illi
306 2236 419 2295 maritus
434 2234 619 2308 adroderet,
643 2238 700 2294 tria
713 2246 781 2294 sata
794 2234 901 2294 similar
914 2253 995 2291 com·
1047 2234 1151 2294 ἐλπίσιν
1164 2227 1243 2307 ἦλθόν
1264 2256 1311 2294 σου
1322 2238 1363 2309 ιεἷς
1382 2232 1431 2306 τὴν
1442 2234 1546 2310 οίκίανς
1559 2234 1647 2296 Οθδίν
1660 2234 1808 2295 solemnit

251 2319 348 2375 misce.
359 2317 452 2393 Neque
462 2313 609 2394 respondit,
619 2314 743 2373 llaecciue
752 2328 815 2372 sunt
825 2312 997 2373 tolerabilia?
1049 2304 1134 2388 εἶπεν,
1157 2314 1214 2375 ἀλλ’
1233 2313 1346 2374 ἔσπευσε
1363 2314 1409 2373 καί
1424 2314 1555 2396 ίριίρασεε
1569 2313 1637 2393 γυνή
1655 2315 1709 2396 γάρ
1727 2305 1810 2387 lucei

251 2415 328 2455 mene
341 2409 481 2474 cognatam
495 2394 621 2475 accepisti
655 2416 686 2452 ro
700 2392 834 2474 pistoria?
847 2413 935 2452 nonne
948 2392 998 2451 do·
1048 2391 1190 2472 Ἆόραάμ,
1204 2396 1234 2452 οὔ
1254 2393 1329 2473 νόμῳ
1342 2393 1401 2472 βίου
1417 2397 1515 2472 μόνω,
1530 2395 1600 2454 titt
1613 2395 1661 2455 καὶ
1674 2396 1753 2476 άρετῆ
1763 2417 1808 2453 αα·

252 2488 307 2534 tem
327 2474 432 2533 attuli?
452 2494 539 2532 nonne
554 2496 614 2532 sum
630 2417 739 2532 libera?
759 2493 818 2550 quae
834 2472 997 2531 famularum
1048 2474 1235 2552 τορθωμάτων.
1254 2470 1337 2543 Κοινὴ
1355 2473 1486 2552 γενέσθω,
1507 2473 1605 2554 φησίν,
1627 2478 1647 2546 ἡ
1671 2459 1808 2554 pulchri«,

251 2567 315 2614 sunt
329 2553 446 2634 imperas
462 2553 541 2612 mihi.
559 2552 675 2612 Haecine
689 2573 736 2634 spe
749 2552 816 2611 lulta
830 2548 892 2611 veni
905 2552 933 2610 in
945 2551 998 2610 do-
1048 2557 1123 2624 κοινῆ
1141 2553 1186 2612 καί
1199 2552 1244 2611 τὸν
1262 2552 1363 2632 καρπὸν
1381 2553 1566 2634 τρυγήσωμεν.
1578 2553 1724 2633 Θησαυρός
1742 2555 1806 2621 ἐστι.

252 2653 326 2693 mum
341 2633 439 2692 tuam?
456 2632 534 2692 Nihil
546 2631 644 2691 horum
657 2631 740 2703 dixit,
756 2630 803 2690 sed
820 2631 959 2692 festinavit
972 2644 997 2689 et
1049 2618 1145 2712 φησίν·
1159 2637 1225 2709 ὁμοῦ
1243 2632 1453 2710 μεταλάόωμεν·
1473 2632 1526 2712 έγῶ
1540 2633 1586 2693 τὸν
1604 2631 1725 2712 μόσχον,
1739 2630 1809 2693 atet

252 2713 422 2772 commiscuit
437 2737 444 2771 ε
457 2733 527 2772 uxor
545 2711 618 2770 enim
635 2726 691 2771 erat
707 2710 838 2783 Abrahae,
860 2732 911 2771 non
935 2712 997 2769 titre
1049 2712 1158 2793 άλευρα.
1170 2710 1269 2772 ”Eleae
1288 2710 1404 2791 μόσχον,
1415 2712 1461 2771 καί
1472 2710 1551 2772 έλαόε
1569 2713 1615 2773 τὸν
1630 2711 1742 2772 Ἰσαάκ·
1754 2711 1808 2793 tp!-

252 2792 312 2871 lege
325 2792 429 2865 solum,
444 2790 491 2850 sed
509 2790 590 2850 ctiam
604 2792 736 2851 bonorum
751 2811 864 2870 operum
882 2790 994 2849 virtute.
1051 2814 1114 2872 ρασε
1125 2791 1159 2851 τά
1169 2792 1282 2871 άλευρα,
1294 2791 1347 2850 Καί
1361 2791 1462 2870 ἐγένετο
1472 2793 1504 2851 τὸ
1514 2790 1624 2871 σπέρμα
1642 2793 1725 2862 αὐτῆς
1735 2795 1769 2859 ῶς
1780 2791 1807 2851 τί

253 2872 429 2942 Communis,
450 2871 537 2949 inquit
575 2870 610 2929 sit
625 2870 813 2952 hospitalitas,
828 2890 997 2929 communem
1048 2869 1134 2950 ἄστρα
1154 2879 1201 2930 τοῦ
1219 2874 1328 2970 οὐρανοῦ
1349 2871 1394 2930 καὶ
1413 2874 1448 2940 ῶς
1463 2875 1481 2943 ἡ
1497 2871 1587 2950 άμμος
1603 2874 1655 2944 τῆς
1674 2870 1807 2943 θαλάσσης.

252 2972 359 3031 quoque
379 2952 496 3009 fructum
516 2916 669 3010 celeremus.
695 2950 852 3009 Thesaurus
873 2963 924 3025 est,
949 2950 996 3020 ait,
1049 2949 1219 3029 ’1ἀῶταλέγω
1232 2971 1276 3008 τον
1287 2948 1450 3030 ἀνθρώπινον
1461 2957 1540 3030 τῶρον
1548 2950 1808 3024 ταπεινῶν,κα“ιπάε·

253 3051 306 3090 una
318 3032 403 3090 simus
436 3029 560 3112 anticipes
572 3053 579 3085 ε
591 3049 641 3109 ego
654 3029 788 3104 vitulum,
802 3042 832 3087 tu
845 3029 945 3088 farinas
956 3029 998 3089 ol·
1014 3046 1033 3094 c
1048 3052 1101 3088 των
1115 3028 1302 3101 clodericum
1315 3034 1367 3088 τῶν
1382 3030 1564 3090 πλουτούντων
1583 3026 1807 3102 elamitarum

253 3109 330 3170 lenes.
345 3053 473 3172 vitulum
485 3110 624 3184 mactavit,
639 3122 665 3168 et
678 3108 780 3189 accepit
792 3108 868 3167 lsaac
881 3107 996 3167 :farinas
1048 3108 1284 3189 παραμυθούμενος
1299 3107 1358 3176 τοθς
1382 3109 1511 3181 πένητας,
1530 3109 1574 3168 ἵνα
1594 3109 1689 3185 μηδείς
1703 3109 1767 3188 μήτε
1786 3110 1807 3167 b

253 3189 362 3249 miscuit
370 3190 476 3262 illa,Et
481 3187 818 3268 factumestsemenejtts
827 3196 901 3248 sicut
909 3188 997 3247 stella
1048 3188 1125 3267 πενία
1138 3188 1309 3268 βαπτίζηται,
1325 3189 1392 3266 μήτε
1409 3194 1434 3248 ἐν
1448 3187 1554 3271 πλούτῳ
1564 3189 1724 3272 έπαίρηται·
1735 3193 1808 3248 ταῦτα

253 3270 330 3342 coeli,
345 3283 373 3329 et
387 3273 460 3328 sicut
474 3290 565 3327 arena
580 3272 676 3327 maris.
696 3269 758 3327 llaec
770 3266 831 3325 dico
846 3268 994 3326 humanum
1049 3266 1078 3328 δέ
1092 3271 1162 3326 ἐστιν
1177 3266 1314 3348 ἀμφότερα
1330 3271 1424 3348 ἀρετῆς
1437 3265 1593 3346 κωλύματα.
1603 3266 1641 3329 Ὁ
1657 3267 1808 3346 ditareris

252 3349 352 3408 fastum
375 3347 544 3429 deprimens,
568 3361 595 3407 et
614 3347 732 3407 divitum
757 3348 878 3406 omnium
904 3367 995 3405 amen·
1048 3346 1209 3428 κυόερνήτου
1237 3347 1309 3416 τάξιν
1333 3346 1438 3428 ἐπίχει,
1464 3347 1524 3408 οὔτε
1547 3348 1600 3407 ὑπὸ
1621 3353 1669 3408 τοῦ
1691 3350 1809 3428 χειμῶνος

252 3416 319 3487 tiam
331 3442 510 3500 contemnens,
522 3448 705 3507 pauperesque
716 3426 866 3502 consolans,
879 3440 908 3485 nt
918 3446 996 3484 nemo
1051 3429 1255 3506 βαπτιζόμενος,
1269 3427 1328 3486 οὔτε
1349 3427 1401 3485 ὑπὸ
1421 3431 1469 3498 τῆς
1486 3426 1605 3504 γαλήνης
1625 3427 1808 3507 γαυνοόμειος,

251 3508 297 3566 vel
309 3508 336 3566 in
370 3520 508 3589 anper-tate
521 3528 549 3566 se
559 3505 679 3586 dejiciat,
695 3507 737 3565 vel
754 3507 781 3564 in
793 3505 897 3565 divitiis
909 3526 937 3564 se
948 3527 996 3564 ex·
1051 3507 1109 3565 ἀλλ’
1125 3509 1152 3565 έν
1164 3510 1249 3585 καιρῷ
1264 3505 1419 3583 ἀνωμαλίας
1431 3505 1480 3578 τὴν
1497 3506 1559 3577 ἴσην
1580 3495 1655 3587 αὐτῶ
1668 3504 1812 3587 φιλοσοφίαν

252 3531 409 3646 tollat:haec
419 3587 599 3646 autemambo
609 3584 994 3664 suntvirtutisimpedimenta.
1050 3585 1191 3667 διατηρῶν,
1206 3585 1363 3665 μηδέπωτῇ
1380 3586 1492 3667 διαφορᾷ
1505 3585 1808 3662 σαλευόμενος,κα1τῶ·

253 3667 335 3726 Ratio
347 3681 438 3725 autem
457 3667 644 3744 gubernatoris
654 3666 756 3738 nautici
771 3664 858 3723 vicem
873 3664 994 3740 obtinet,
1048 3686 1080 3722 το
1098 3662 1116 3734 ἢ
1131 3668 1215 3724 έκεῖνο
1229 3665 1382 3744 γινόμενος·
1395 3663 1485 3746 ῶσπερ
1500 3657 1545 3726 οὖν
1560 3670 1575 3725 ό
1590 3665 1658 3727 ’tut
1673 3665 1734 3726 orire
1745 3667 1809 3743 ίντῇ

254 3767 315 3823 quae
328 3767 414 3823 neque
426 3767 441 3802 a
455 3758 610 3823 tempestate
621 3744 815 3822 submergitur,
831 3765 940 3822 nequea
954 3765 996 3801 se·
1050 3744 1129 3827 πενίομ
1143 3744 1245 3822 ἐγένετο
1263 3745 1500 3824 βλάσρημος,οὔτε
1515 3746 1541 3804 έν
1555 3749 1595 3827 τῷ
1613 3744 1724 3826 πλυότιρ
1734 3749 1809 3824 ἐπηρ-

254 3825 368 3883 renitate
380 3823 488 3883 mollior
501 3822 634 3894 efficitur3
654 3823 700 3882 sed
714 3824 741 3881 in
758 3838 877 3902 ternpore
893 3823 996 3912 dispari
1051 3823 1138 3898 μένος,
1151 3826 1209 3884 ἀλλ’
1224 3823 1267 3882 ὅτε
1284 3822 1331 3901 μίν
1345 3815 1377 3896 ἦν
1393 3823 1527 3892 πλούσιος,
1543 3822 1592 3898 τήν
1608 3820 1692 3905 θύραν
1702 3824 1809 3904 ήνέιμξεν,

255 3924 347 3983 parem
363 3924 472 3962 servans
488 3901 686 3982 philosophiam
703 3923 751 3960 nec
769 3902 824 3960 ulla
842 3901 998 3961 diversitate
1050 3901 1093 3961 ὅτε
1107 3901 1133 3961 δὲ
1145 3902 1226 3974 πίνης
1239 3902 1354 3981 ἐγένετο,
1367 3902 1413 3969 τὰς
1427 3901 1542 3983 πλευράς
1554 3904 1604 3971 τίς
1619 3909 1715 3965 ἑαυτοῦ
1729 3901 1811 3977 ἤνοιξε·

256 3997 390 4055 movetur,
408 4002 439 4041 ac
449 3982 495 4040 vel
511 3982 562 4040 hoc
575 3982 617 4040 vel
634 3980 702 4039 illud
713 3982 831 4040 efficitur
843 4006 850 4039 ε
863 3982 932 4041 sicut
945 3982 998 4042 Job
1015 3989 1034 4036 Ι)
1050 3981 1170 4060 adreptis
1186 3976 1230 4042 οὖν
1246 3982 1431 4081 φιλόπτωχος,
1450 3980 1559 4061 ὔστερον
1580 3984 1610 4043 δὲ
1627 3983 1766 4064 φιλόσοφος
1774 4006 1808 4061 γι·

257 4083 342 4140 neque
360 4062 387 4121 in
408 4074 565 4143 paupertate
581 4060 755 4141 blasphemus
775 4061 846 4134 fuit,
866 4082 950 4139 neque
971 4061 998 4121 in
1052 4061 1464 4140 νόμενος,κα1καταπατωντήν
1481 4062 1608 4143 διαφοράν
1622 4067 1677 4123 τῶν
1693 4064 1809 4143 procu&

256 4141 361 4200 divitiis
376 4140 481 4213 elatus,
503 4140 549 4199 sed
565 4162 627 4199 cum
641 4139 718 4199 dives
732 4154 815 4213 esset,
826 4141 923 4220 januas
935 4162 1000 4219 ape-
1052 4142 1226 4219 πραγμάτων.
1240 4142 1310 4201 Ἀλλ’
1332 4139 1422 4212 ἐπειδὴ
1439 4147 1556 4201 τοσαῦτα
1576 4143 1641 4223 περὶ
1660 4150 1708 4203 τοῦ
1727 4164 1808 4215 σκηνο-

257 4221 330 4298 ruit;
347 4242 409 4280 eum
431 4241 496 4280 vcro
519 4242 623 4302 pauper
645 4233 727 4295 esset,
748 4221 832 4280 latera
856 4221 997 4300 patefecitt
1052 4227 1128 4280 ποιοῦ
1140 4268 1147 4289 ,
1161 4222 1223 4302 φέρε
1237 4221 1281 4280 καὶ
1293 4225 1346 4279 τῶν
1362 4219 1507 4300 εἰρημένων
1521 4221 1577 4281 ένια
1590 4221 1807 4304 μεταχειρισάμε·

260 4315 324 4360 tnnc
335 4302 443 4380 quidem
456 4300 741 4381 pauperihnsamicus,
758 4315 849 4380 postea
864 4321 927 4358 reto
939 4301 1001 4380 phi·
1054 4305 1096 4369 θα,
1110 4301 1186 4378 ὀλίγα
1200 4299 1247 4378 μὲν
1264 4290 1307 4359 οὗν
1323 4300 1430 4382 ῥήματα
1443 4304 1479 4368 τίς
1493 4300 1574 4378 μέσον
1594 4301 1720 4380 άγοντες,
1736 4301 1809 4362 πίλα·

257 4381 402 4461 losophns,
427 4402 460 4440 ac
482 4402 572 4439 rerunt
595 4379 794 4439 mundanarum
815 4370 1000 4438 diversitatem
1052 4402 1096 4458 γος
1119 4379 1146 4438 δέ
1163 4380 1259 4461 ἀχανὲς
1282 4381 1422 4457 νοημάτων
1440 4386 1505 4458 ἡμῖν
1525 4380 1684 4459 ἀνοίγοντες.
1700 4384 1807 4444 Τοιῶτνς

259 4460 372 4525 calcans.
387 4464 532 4537 Postquam
544 4482 609 4519 cero
623 4474 695 4519 tauta
708 4460 742 4517 de
754 4462 928 4519 tentoriorum
941 4461 1000 4541 opi·
1052 4459 1104 4540 γάρ
1119 4465 1133 4518 ὁ
1146 4460 1275 4539 θησαυρὸς
1288 4464 1340 4518 τῶν
1354 4461 1468 4540 Γραρῶν
1480 4483 1486 4497 ·
1498 4461 1527 4520 οὗ
1540 4465 1580 4519 τῶ
1593 4461 1693 4533 πλήθει
1706 4464 1756 4520 τῶν
1768 4464 1805 4539 pt·

258 4541 309 4598 lice
322 4540 455 4611 diximus,
468 4563 518 4619 age
531 4540 611 4599 etiam
623 4541 752 4600 nonnulla
763 4561 856 4598 eorum
867 4560 926 4619 quac
938 4559 1001 4619 pro·
1054 4539 1160 4615 μάτων,
1173 4541 1285 4618 ἀλλάτῇ
1298 4537 1407 4615 δυνάμει
1421 4542 1473 4597 τῶν
1485 4520 1628 4617 νοημάτων
1640 4542 1689 4614 τήν
1701 4539 1806 4619 εὐπορίαν

259 4619 372 4677 tulimus
386 4620 474 4678 denuo
489 4635 643 4696 tractemuS,
655 4641 741 4700 pauca
756 4619 865 4697 quidem
877 4619 959 4678 verba
972 4619 1000 4677 in
1052 4621 1114 4694 ὑμῖν
1139 4620 1322 4701 ἐνδείκνυνται.
1342 4619 1379 4678 Τί
1401 4609 1444 4677 οίίν
1467 4620 1575 4697 φησίνί
1598 4619 1767 4692 σκηνοποιθς,
1783 4614 1809 4675 al

260 4697 380 4757 medium
391 4699 561 4777 proferentes,
570 4701 729 4759 immensum
743 4721 808 4758 vero
823 4713 999 4778 conceptumn
1052 4698 1140 4774 στόμα
1157 4703 1204 4770 τῆς
1219 4698 1366 4778 άγιωσόνης
1382 4698 1620 4777 ἐμπεπλησμένον,
1639 4706 1658 4772 ἡ
1679 4702 1777 4781 γλῶττα
1791 4697 1805 4766 l

160 4845 165 4853 ,
260 4779 371 4860 pelagus
392 4774 473 4837 nohis
495 4777 560 4856 ipsis
581 4779 738 4857 aperientes.
764 4778 841 4837 Talis
864 4779 935 4837 enim
960 4791 999 4836 est
1016 4775 1036 4823 Ε
1052 4781 1091 4856 τῷ
1106 4777 1210 4858 θανάτῳ
1224 4778 1341 4858 ροόεράς
1356 4778 1383 4837 τί
1395 4779 1520 4859 γράρειή
1537 4779 1610 4848 δεξιὰ
1624 4780 1712 4850 ἐκείνη
1724 4783 1741 4850 ἡ
1752 4774 1805 4836 tti-

260 4858 406 4921 thesaurus
419 4860 638 4937 Sccipturarum,
655 4880 714 4936 quae
727 4878 779 4917 non
792 4859 940 4917 verborum
953 4878 1013 4917 co-·
1053 4880 1101 4925 σει,
1117 4858 1336 4936 καλλωπιζομένη
1357 4858 1404 4917 καὶ
1424 4856 1509 4935 δεσμά
1532 4858 1759 4939 περιὸεόλημένη,
1771 4851 1806 4915 καί

281 4940 318 5014 ia,
334 4938 381 4998 sed
399 4951 575 5017 conceptuum
598 4932 627 4995 vi
648 4937 842 4997 abundantiam
859 4938 937 5003 nobis
949 4960 998 4996 ex·
1053 4935 1158 5017 νεκροὺς
1174 4938 1328 5016 irripuerit,
1341 4938 1367 4996 τί
1390 4935 1502 5014 γράφεις
1515 4937 1543 4997 τί
1561 4938 1637 5015 λέγει
1659 4945 1677 5010 ἡ
1702 4941 1807 5017 plebat

259 4961 363 5078 hibent.
384 5017 459 5089 Quid
483 5017 568 5096 igitur
586 5017 624 5075 ait
646 5017 821 5076 tentoriorum
844 5018 947 5097 opilea,
971 5036 1001 5075 os
1053 5017 1079 5075 τί
1093 5015 1188 5096 γράρει
1201 5023 1218 5089 ἡ
1233 5016 1321 5090 δεξιάς
1332 5016 1426 5094 Ἡμεῖς
1439 5018 1481 5087 δὲ,
1496 5019 1520 5076 εί
1530 5019 1577 5077 καὶ
1589 5012 1805 5120 ἐγνῶκαμιντατθ

260 5100 398 5158 sanctitate
420 5097 569 5178 repletum,
591 5097 683 5175 lingna
706 5098 785 5155 murti
807 5096 1001 5156 formidanda?
1054 5097 1141 5176 σάρκα
1155 5096 1284 5175 Χριστὸν,
1300 5095 1369 5155 titt
1382 5103 1426 5157 νῦν
1448 5095 1538 5156 οὐκέτι
1551 5094 1806 5178 prementem&

260 5177 327 5256 qnid
340 5177 434 5237 scribit
449 5178 559 5237 dextera
574 5176 622 5236 illa
637 5175 781 5236 avinculis
794 5189 886 5235 ornata
899 5191 925 5235 et
945 5197 1002 5234 rna·
1055 5175 1131 5242 εἴτις
1147 5178 1174 5234 έν
1190 5178 1319 5256 Χριστῷ,
1341 5174 1418 5247 καινὴ
1434 5175 1528 5243 κτίσις.
1539 5177 1682 5258 Πρόσιχε,
1695 5180 1731 5245 είς
1743 5172 1806 5254 βάθος

261 5257 328 5318 nicis
352 5258 535 5335 circumdata,
559 5271 732 5335 mortuosque
755 5256 908 5317 suscitans?
932 5255 1001 5334 quid
1054 5254 1258 5335 καταόείνομεν.
1273 5255 1361 5316 Ὥστε
1375 5255 1400 5316 εί
1411 5279 1450 5322 τις
1461 5259 1488 5316 έν
1501 5257 1625 5339 Χριστῷ,
1636 5257 1715 5330 καινὴ
1727 5252 1806 5317 arluc
