3714 5970
155 464 223 560 146
651 476 682 523 s.
709 471 849 522 sorssors
873 470 1108 520 cunrsosrour
1134 470 1229 535 vrrs,

151 610 389 695 gitionem.virum
398 620 443 666 aut
452 604 669 665 mulieremtotos
678 601 737 661 dies
746 598 775 658 in
784 594 893 679 popinis
947 595 1063 656 Paulum
1076 596 1279 657 samosatenum
1289 592 1377 655 obiter
1385 588 1690 674 perstringitctpostn·

151 706 326 786 transigentes
337 698 453 759 rideri.»
946 690 1010 751 latis
1023 689 1052 751 in
1065 690 1287 750 lrnwnctorum
1307 686 1449 767 precibus,
1462 682 1607 746 homiliam
1619 682 1689 744 clau·

25 840 55 871 a.
77 827 140 868 n-n,
191 795 338 858 Homiliam
352 792 379 852 in
391 792 422 852 S.
437 789 578 849 lulianum
590 800 739 868 martyrem
759 781 892 858 Cilicem,
945 781 998 843 dit.
1013 785 1096 843 Notes
1116 782 1198 842 velim
1217 795 1320 841 certum
1335 779 1449 859 quidem
1465 798 1525 839 esse
1543 777 1614 839 hanc
1630 798 1690 839 ono·

60 844 74 886 p
103 860 111 884 i
151 891 257 970 qnipro
270 886 377 947 Christo
392 882 509 942 ceruices
521 880 641 955 dederat,
657 877 755 937 babuit
769 876 894 956 Chryso·
947 876 1051 937 cionem
1064 876 1185 936 habitam
1197 875 1281 935 luisse
1292 872 1338 934 die
1350 875 1451 935 [ωῑιιω
1463 872 1497 933 8.
1509 869 1643 931 Bneharm
1653 869 1689 931 in·

67 1008 72 1017 ·
150 997 254 1043 stomus
267 976 427 1049 Antiochiae,
437 988 468 1033 ot
480 975 652 1056 exploratum
669 984 793 1046 est,tum
812 966 895 1027 exiis
947 983 1136 1058 seqrrente,.at
1153 988 1205 1029 nnn
1221 966 1333 1049 perinde
1344 966 1521 1048 exploratum
1543 983 1601 1023 esse
1616 983 1687 1023 anm

152 1096 212 1154 qnae
230 1071 264 1134 de
278 1071 408 1153 Daphnes
427 1067 578 1137 suburbio,
593 1065 682 1144 deque
695 1059 896 1123 comessationi·
948 1083 1019 1121 anno
1032 1084 1087 1142 quo
1100 1062 1241 1123 homiliam
1254 1061 1332 1121 istam
1343 1059 1379 1120 de
1388 1057 1578 1121 &barlaamo
1589 1054 1684 1135 habeb,

151 1169 203 1229 hus
218 1181 299 1247 atque
311 1161 440 1244 tripudiis
448 1160 552 1219 ibidem
563 1158 658 1217 baberi
670 1156 758 1216 solitis
779 1172 897 1214 comme·
948 1174 983 1213 an
996 1154 1061 1216 alio.

151 1273 238 1321 morat
248 1281 257 1333 ;
269 1272 326 1317 tum
340 1255 419 1315 etiam
439 1252 503 1331 quia
521 1250 643 1331 ejusdem
657 1247 744 1309 sancti
763 1245 896 1324 Reliquiae
990 1246 1153 1307 Contionem
1169 1266 1234 1307 cero
1250 1244 1286 1306 de
1302 1258 1393 1305 saneta
1406 1242 1528 1305 Drocide
1537 1255 1653 1325 martyre
1662 1240 1714 1303 iota

151 1345 325 1409 Antiochiam
344 1341 481 1402 translatae
501 1340 624 1398 inerant:
640 1351 750 1416 eratque
762 1333 858 1395 eadem
868 1332 896 1391 in
949 1360 1015 1418 agno
1029 1339 1196 1399 Antiocheno
1209 1337 1306 1398 habuit
1317 1337 1541 1418 Chrysostomos,
1551 1356 1613 1395 eum
1624 1354 1684 1395 aree·

152 1438 220 1498 urbe
233 1436 357 1510 eeclesia,
373 1431 494 1514 ejusdem
507 1431 593 1491 sancti
605 1429 714 1491 nomine
725 1439 897 1497 mnsccrata,
950 1446 996 1512 pta
1008 1452 1106 1491 serenae
1119 1430 1174 1490 diei
1187 1430 1338 1505 occasione,
1352 1429 1490 1510 populum
1504 1426 1681 1489 Antiocheno!

152 1556 212 1615 quae
226 1534 254 1593 in
262 1531 377 1593 historia
389 1528 575 1589 Ecclesiastico
583 1546 635 1587 non
647 1525 828 1603 infrequenter
837 1543 896 1582 me-
950 1524 1101 1585 eodednxit
1109 1524 1256 1583 flavianus
1264 1522 1678 1604 episcopusmtnarraturnuml.

152 1639 282 1686 moratur.
301 1626 344 1684 De
356 1642 426 1682 anno
446 1634 536 1680 autem
554 1641 609 1699 qno
620 1618 691 1678 banc
702 1615 777 1676 dixit
787 1615 899 1677 concio·
952 1618 1040 1697 Hujus
1054 1637 1135 1698 porro
1145 1628 1243 1675 sancta
1254 1614 1381 1696 martyris
1387 1634 1475 1695 pauca
1488 1624 1679 1694 supermntme·

152 1740 223 1789 nem,
237 1716 308 1777 nihil
317 1713 450 1796 expiscari
465 1712 613 1795 potuimus.
952 1722 1097 1768 numentar
1112 1705 1295 1787 uixquealiud
1305 1705 1527 1789 quidpiamcircn
1538 1704 1677 1787 macyatus

1 1806 141 1891 renota
193 1810 271 1869 Circa
287 1806 432 1867 Hominem
446 1805 474 1864 in
488 1817 612 1863 sanctum
626 1801 802 1861 Barlaamum
821 1819 898 1858 mer·
951 1802 1151 1880 certaminaque
1164 1801 1224 1881 ejus
1232 1799 1369 1869 novimus,
1378 1818 1461 1877 quam
1471 1796 1547 1877 quod
1557 1796 1678 1859 sisso

153 1918 241 1984 tyrem
264 1913 340 1960 notat
358 1900 461 1959 Fronto
480 1897 597 1956 Dorceus
615 1895 643 1954 in
657 1893 812 1972 Menologio
833 1910 900 1969 quo·
952 1909 1022 1970 otor,
1031 1916 1090 1953 eam
1101 1895 1128 1953 in
1140 1914 1238 1973 rogum
1250 1894 1397 1973 conjectam
1408 1890 1502 1951 luisse.
1510 1890 1601 1969 Neque
1609 1888 1676 1949 ωΙιιιι

152 1994 217 2053 dam
236 1993 396 2052 Graecorum
418 1986 601 2068 manuscripto
623 1984 660 2045 ad
677 1983 752 2044 diem
778 1986 815 2043 to
841 1983 899 2041 No·
953 2001 1074 2047 sonoram
1097 1985 1259 2062 brendon,
1285 1984 1335 2045 sed
1357 1984 1428 2046 alios
1454 1982 1538 2045 mam
1568 1982 1677 2064 plurimrs

152 2084 272 2146 vembris
293 2081 447 2143 annuantiari
461 2082 561 2139 lestum
574 2079 605 2139 S.
633 2075 769 2137 Barlaami
792 2087 901 2155 marty·
952 2094 1098 2161 martyros,
1108 2076 1401 2158 qnonnmoooanndoin
1411 2074 1675 2159 locodepooium,

41 2246 46 2255 ι
154 2178 212 2254 ris,
225 2190 256 2236 ut
278 2190 306 2236 et
328 2175 357 2234 in
382 2170 581 2255 martyrologio
595 2173 729 2235 Romano.
755 2169 817 2230 elia
836 2187 901 2227 vcro
953 2170 1082 2233 laudibus
1093 2172 1263 2233 commendat
1276 2172 1501 2253 chrysostomus,
1515 2167 1673 2249 eommqre'n

156 2270 315 2330 Graecorum
336 2266 488 2346 Menoloqia
515 2264 568 2324 boc
589 2264 687 2323 festum
710 2262 745 2321 ad
766 2260 901 2320 decimam
953 2263 1089 2325 daemonas
1098 2279 1125 2325 et
1139 2265 1166 2326 in
1174 2260 1674 2345 morbosquoslibetpotestatemdqm

157 2381 256 2421 nonam
268 2358 433 2421 Novembris
452 2358 581 2417 referunt.
602 2353 655 2416 Sed
671 2354 750 2432 longe
763 2353 817 2412 alia
837 2353 901 2412 anni
955 2359 1043 2434 dinae,
1056 2381 1088 2421 oo
1099 2373 1227 2439 qnoniam
1236 2380 1272 2418 ex
1284 2378 1378 2418 eornm
1394 2356 1473 2417 adiro
1489 2352 1672 2417 utilitatemle·

155 2463 311 2533 tempestate
324 2470 355 2511 ea
367 2448 521 2510 solemnitas
530 2447 717 2528 Chrysostomi
728 2461 848 2526 tempore
860 2465 902 2503 ce·
955 2473 1062 2533 ooopere
1074 2452 1163 2524 liceat,
1177 2451 1431 2533 pluribusexponit.
1443 2450 1574 2519 Deanno.
1582 2446 1672 2527 quola

154 2544 321 2603 lebrabatur.
341 2543 411 2603 Nam
433 2540 552 2601 llomilia
575 2542 603 2599 in
626 2538 697 2599 illud
718 2537 833 2619 apostoli
856 2535 903 2596 di·
955 2543 1230 2626 pionuntioeaooncio
1244 2541 1392 2617 inionibil
1406 2562 1519 2623 prorsus
1531 2540 1651 2601 balaeum.

4 2654 144 2715 otnant.
156 2650 241 2699 cturn.
257 2636 335 2696 Nolo
358 2655 413 2695 uos
432 2638 588 2711 ignorare,
613 2635 735 2709 fratres,
752 2634 831 2712 quod
847 2651 903 2711 po·
991 2636 1138 2697 Horniliam
1149 2638 1177 2696 in
1187 2652 1265 2698 terra
1275 2634 1473 2697 contumetiam
1486 2632 1670 2695 edidimmiete
1694 2652 1713 2711 1

156 2741 215 2787 tres
222 2729 314 2787 nostri
323 2729 481 2787 omuessub
492 2726 704 2803 nubesuerunt,
712 2739 777 2784 etc:
787 2746 848 2803 quae
857 2723 904 2784 bo-
957 2728 1104 2790 Conciones
1113 2730 1148 2790 de
1158 2731 1268 2806 lazaro,
1277 2729 1325 2789 ubi
1336 2727 1431 2789 multis
1439 2716 1713 2808 commonui&

156 2820 233 2880 milia
243 2818 394 2881 dielesturn
405 2820 436 2879 S.
446 2818 582 2879 Barlaami
593 2817 746 2895 insequente
756 2817 848 2876 habita
854 2829 903 2890 est,
957 2837 1017 2884 enin
1030 2823 1147 2883 oliorum
1167 2822 1326 2883 testimoniis
1339 2822 1518 2903 probavimus
1532 2784 1713 2880 Antirrhium

158 2927 188 2972 ut
200 2910 303 2972 ibidem
316 2911 355 2970 ait
365 2910 592 2991 Chrysostomus:
606 2909 705 2969 diserte
716 2909 782 2969 dicit
794 2908 841 2969 ille
849 2909 904 2968 hie
956 2917 1142 2995 frequentibus
1150 2908 1672 2989 onnaemoobussnoonmamsuimmni·

157 3024 230 3065 mem
238 3004 296 3085 jann
309 3002 457 3083 praeterisse
467 3000 904 3081 astaternqueadsenissmbibe·
958 3027 1051 3085 meque
1071 3004 1340 3088 Cbrysostorniaevo.
1360 3005 1673 3073 iumentorum,
1702 3048 1713 3079 a

156 3102 227 3170 reici,
243 3093 347 3174 inquit,
363 3115 463 3155 sumus
482 3096 587 3167 hieme,
602 3109 629 3153 et
653 3107 755 3153 testate
773 3093 904 3174 perfrui-
958 3096 993 3157 de
1006 3119 1060 3177 quo
1071 3120 1143 3158 nrrnc
1156 3098 1258 3179 agitur,
1271 3111 1336 3157 tunc
1348 3097 1449 3159 accidit
1460 3118 1523 3157 cum
1539 3097 1674 3179 ΟΜΝ·

157 3209 233 3259 mur,
249 3188 358 3247 blande
369 3186 496 3270 afflante
508 3189 657 3268 Zephyro.
675 3187 745 3247 llinc
764 3209 828 3246 sane
846 3209 906 3249 oon·
958 3212 1019 3250 rous
1030 3212 1102 3270 aeger
1111 3191 1138 3251 in
1149 3192 1218 3252 lerto
1230 3191 1421 3252 decumberetr
1434 3190 1482 3270 qui
1497 3203 1528 3250 ut
1537 3188 1625 3251 erdem
1634 3196 1676 3247 αἱ

157 3280 280 3359 sequitur
292 3279 373 3359 longe
384 3278 492 3338 diverso
506 3279 570 3339 anni
582 3293 701 3360 tempore
716 3294 781 3339 tunc
789 3278 907 3338 celebra·
958 3282 1049 3345 strrdio
1058 3284 1225 3345 instituendae
1235 3284 1459 3366 plebismoestam
1468 3282 1546 3344 illem
1554 3276 1677 3343 omoud

159 3387 218 3431 turn
232 3371 314 3432 fnisse
328 3374 360 3433 S.
373 3370 507 3431 Radaami
522 3374 651 3454 martyris
661 3373 760 3433 festum
776 3396 783 3430 ε
801 3394 906 3433 namen
959 3378 1127 3457 ingruentem
1137 3377 1327 3449 calamitatem,
1338 3370 1679 3437 nulloall'ectosmorhiret·
1707 3412 1712 3437 ι

161 3463 271 3524 murhe
284 3465 377 3523 concio
392 3463 449 3523 baec
468 3464 560 3525 habita
574 3481 627 3539 est,
645 3467 672 3526 in
687 3468 765 3548 cujus
780 3487 861 3546 agro,
877 3481 907 3526 ut
960 3469 1051 3546 su,ad
1063 3491 1170 3551 gregem
1180 3469 1420 3549 advolavitrqood
1431 3469 1545 3549 quidem
1560 3460 1682 3529 ottoni
1710 3488 1712 3493 ·

163 3555 263 3616 ibidem
272 3556 384 3630 dicitur,
395 3558 543 3636 frequentia
553 3574 707 3641 martyrum
722 3560 845 3641 sepulcra
860 3580 906 3619 ex·
965 3565 1097 3624 comsit:
1113 3566 1348 3623 Verhidoctn'no
1357 3565 1560 3644 aegritudinem
1570 3558 1683 3619 tami!

163 3650 300 3723 sistebant,
311 3672 365 3730 quo
375 3651 508 3709 conssuere
517 3651 638 3710 solebant
648 3667 779 3731 quotquot
790 3673 825 3711 ex
836 3651 907 3712 civi·
962 3660 1070 3717 bonam
1083 3655 1287 3716 valetudinem
1302 3659 1436 3717 mutator.
1462 3654 1529 3715 llaec
1541 3674 1617 3735 porro
1636 3668 1684 3711 ert·

162 3745 216 3803 bus
238 3742 393 3803 eorumdem
416 3756 567 3822 martyrum
590 3744 747 3803 memoriam
771 3743 907 3819 recolere,
961 3740 1686 3828 cioextraurbeminaliquaocclesiarum‚quarpcptl

165 3838 339 3917 ipsorumque
345 3835 462 3916 preasidii
474 3849 608 3894 cotusortes
618 3835 910 3914 essevolebanttqund
963 3842 1122 3902 Antiocheni
1146 3843 1244 3924 pietate
1256 3841 1331 3901 ducti
1347 3839 1566 3919 frequentabant,
1585 3836 1687 3898 habita!

164 3929 383 3988 saoeAntioclriac
393 3941 543 4009 competere
555 3949 632 3987 nemo
643 3928 791 4008 negaverit.
801 3929 842 3987 Ad
853 3928 910 3986 haec
963 3935 1054 4009 luisse,
1066 3934 1179 3995 suadent
1192 3956 1243 3994 noo
1258 3955 1343 4015 parma
1354 3933 1546 4015 chrysostomi
1558 3924 1687 4009 verboqtl¹

167 4044 239 4097 vern,
253 4021 304 4080 sub
318 4022 399 4079 sunem
416 4019 535 4101 ejusdem
550 4042 630 4101 supra
648 4034 801 4080 memoratae
821 4019 910 4080 homi·
963 4030 1095 4109 populum
1107 4049 1160 4087 non
1175 4028 1256 4088 oomni
1270 4028 1363 4087 londos
1375 4027 1412 4086 oh
1425 4041 1583 4109 sumptum
1594 4023 1712 4091 andin-fl

165 4115 209 4174 liae
230 4119 281 4174 τῶν
304 4115 438 4194 προέδρων
454 4112 593 4185 ἁπάντων,
617 4113 764 4194 praesulum
778 4114 911 4187 omniurn,
963 4122 991 4181 di
1007 4143 1086 4181 consa
1099 4124 1202 4183 itineris
1211 4123 1332 4182 laborem
1345 4119 1462 4179 multum
1474 4134 1559 4198 atque
1570 4118 1687 4179 andorn.

169 4219 258 4292 preces
290 4209 419 4290 postulat.
439 4213 486 4268 elt-
501 4209 733 4290 Constantinopoli
762 4209 911 4290 presulum
963 4216 994 4273 ln
1008 4214 1159 4274 huncvero
1173 4230 1248 4276 terrae
1269 4227 1373 4274 motum
1392 4211 1517 4273 seetiam
1536 4211 1688 4294 pridiem!-

168 4303 276 4362 oullum
306 4301 519 4382 Chrysostomus
538 4314 649 4360 noverat
661 4345 671 4379 ,
694 4301 751 4382 ipse
770 4323 912 4382 supremus
965 4307 1167 4368 cinnatumesse
1182 4308 1340 4368 testificator
1353 4300 1688 4387 chrysostomusinudn

167 4397 289 4453 omnium
303 4394 402 4475 presul
418 4418 425 4452 ε
439 4393 587 4454 Antiochiae
605 4415 669 4455 vero
685 4395 812 4475 presules
828 4396 912 4456 vicini
965 4401 1102 4461 concione.
1125 4404 1245 4474 Annum,
1257 4420 1313 4479 quo
1326 4398 1372 4458 hic
1384 4411 1463 4458 terras
1484 4412 1576 4458 motus
1588 4390 1686 4463 actidll.

168 4486 354 4567 Cluysostomi
374 4486 549 4547 concionibus
575 4487 710 4547 interdum
738 4489 865 4561 aderant,
882 4504 912 4549 ut
965 4513 999 4552 ne
1023 4494 1176 4573 conjectura
1201 4491 1311 4572 quidem
1335 4490 1472 4570 assignare
1493 4498 1687 4570 possumusaet

168 4572 297 4637 vidimus.
315 4581 422 4637 Annium
437 4602 512 4654 vero,
526 4601 579 4659 quo
595 4579 643 4640 has
662 4581 758 4641 habuit
772 4581 909 4656 homilias,
965 4585 1126 4664 egritudine
1144 4605 1261 4663 namque
1280 4582 1468 4665 Chrysostomi
1485 4581 1591 4641 nullam
1609 4572 1687 4639 atel

169 4690 201 4727 ne
213 4671 363 4749 conjectura
376 4670 485 4748 quidem
502 4693 645 4753 possumus
655 4674 771 4752 assequi.
965 4677 1082 4757 ponendi
1093 4699 1186 4736 ansam
1196 4677 1314 4758 arripere
1323 4676 1386 4736 licet
1395 4699 1401 4732 :
1411 4696 1472 4736 nam
1482 4671 1687 4736 valetudinisotfl

133 4807 156 4857 3.
208 4762 238 4819 ln
262 4760 373 4819 bomilia
395 4783 458 4821 vcro
478 4765 599 4842 sequenti
620 4765 665 4824 die
681 4766 774 4825 hahita
798 4766 825 4841 in
842 4767 912 4827 illud
965 4787 1006 4830 sat
1019 4771 1103 4831 firma
1117 4771 1172 4840 vir,
1187 4791 1258 4851 sepe
1270 4790 1331 4830 cum
1344 4768 1446 4829 morbis
1459 4765 1663 4829 malleolum·

18 4807 62 4852 Η
77 4822 132 4868 ΓΜ
167 4853 300 4935 apostoli,
311 4854 389 4912 Nolo
400 4876 455 4914 ons
468 4859 747 4937 ignorare‚sratres,
761 4861 841 4939 quod
859 4882 913 4939 po·
1005 4863 1150 4923 llorniliarn
1166 4863 1210 4922 rui
1225 4862 1321 4922 titulus
1337 4873 1399 4919 est:
1416 4864 1449 4919 in
1463 4860 1562 4931 ettad,
1577 4846 1711 4925 9⁸¹⁸»ss

168 4962 226 5008 tres
240 4952 332 5006 nostri
344 4967 443 5006 ornnes
453 4951 506 5007 rob
528 4952 605 5009 trube
625 4951 755 5028 suerunt,
770 4965 799 5011 et
813 4974 912 5012 omnes
966 4954 1094 5034 possibile
1109 4968 1157 5022 est,
1175 4966 1290 5013 transcat
1303 4975 1319 5011 a
1334 4972 1377 5011 me
1394 4951 1468 5011 calix
1485 4950 1555 5019 iste:
1570 4958 1689 5009 vennu-

164 5063 218 5119 per
234 5062 316 5100 coare
331 5047 528 5115 transierunt,
544 5041 730 5122 Clrrysostonri
754 5064 852 5125 scopus
874 5060 913 5104 est
967 5069 1026 5107 rrren
1043 5070 1094 5107 non
1108 5048 1178 5107 sicut
1196 5067 1246 5127 ego
1264 5045 1337 5115 volo,
1353 5043 1401 5103 sed
1413 5044 1484 5103 sicut
1502 5057 1531 5103 tu
1545 5067 1554 5103 a
1567 5054 1596 5101 ct
1608 5050 1692 5101 watra

166 5133 360 5205 ‹temonsoarn
374 5155 415 5193 res
423 5134 449 5193 in
466 5135 549 5194 veteri
560 5135 619 5215 lege
629 5150 712 5214 actas,
724 5138 823 5198 suturis
833 5139 912 5199 rebus
967 5144 1175 5200 Marciouistas
1192 5131 1220 5199 et
1234 5139 1429 5209 Maniehoeos,
1445 5150 1474 5197 et
1488 5136 1571 5217 quod
1582 5138 1694 5216 iugem

165 5225 248 5284 lirlem
261 5226 355 5302 lacere,
367 5247 477 5307 esseque
490 5228 550 5287 illas
563 5249 655 5287 rerum
667 5229 733 5291 nori
745 5231 912 5291 Testamenti
965 5255 997 5295 se
1009 5235 1148 5313 periculis
1160 5253 1218 5292 noo
1229 5242 1373 5313 oporteat.
1384 5229 1533 5291 redomiti
1548 5226 1695 5299 onomat,

163 5332 260 5400 typrun
277 5335 302 5381 et
326 5321 462 5382 irminam.
482 5323 657 5400 lllarcionern,
677 5326 859 5387 Manicheum
884 5343 911 5387 et
969 5332 1023 5388 Dei
1036 5327 1219 5389 velocitatem
1240 5326 1411 5395 anteferre:
1426 5324 1513 5405 lunc,
1532 5324 1658 5405 inquam,
1670 5338 1698 5379 tt
