3750 6052
673 572 718 620 llll
744 572 990 624 CHRYSOSTOMO
1017 576 1191 625 ORATOR!-

157 711 261 780 partem
272 697 401 758 orationis
410 695 533 769 abstulit,
545 694 625 756 modo
632 695 723 757 brevis
731 710 898 776 argumento·

157 813 219 850 sum
233 791 357 851 tractatio
378 791 512 871 ingentem
531 803 591 871 post
603 811 631 850 se
645 789 728 850 trahit
738 791 901 852 sermocina-

156 885 266 945 tionem.
284 885 316 944 ln
330 878 436 965 priorih
449 903 553 963 genere,
572 904 635 943 cum
646 881 721 942 dicta
734 883 901 943 Litterarum

156 999 294 1037 sacrarum
305 963 485 1059 explicantur,
501 976 615 1037 elocutio
630 973 768 1036 interdum
779 989 900 1036 nontam

155 1072 243 1130 tenuis
256 1084 282 1129 et
294 1069 401 1130 subtilis
411 1083 464 1144 est,
479 1067 553 1147 quod
563 1068 658 1128 merito
670 1067 841 1148 probaretur,
852 1067 900 1128 sed

154 1161 237 1236 lenta,
250 1162 357 1242 supina,
376 1160 527 1239 negligens,
543 1157 683 1219 fastidium
697 1180 713 1217 a
728 1158 897 1239 repetitioni·

154 1253 346 1314 busadferens.
356 1254 388 1312 ln
401 1252 485 1312 altero
504 1272 600 1330 genere
612 1249 716 1332 sapius
732 1247 814 1309 nimis
824 1271 897 1329 quae·

154 1344 205 1404 sita
217 1358 255 1404 est
270 1344 395 1417 elocutio,
411 1343 544 1404 continuis
566 1364 597 1402 ac
610 1341 790 1402 dissimilibus
804 1355 897 1401 trans-

154 1436 300 1496 lationibus
312 1438 417 1508 referta,
431 1435 547 1497 floribus
565 1435 658 1495 multis
674 1449 700 1494 et
717 1435 898 1496 discoloribus

153 1528 259 1601 obsita,
276 1527 311 1588 ad
334 1527 536 1588 ostentationem
557 1540 583 1586 et
596 1527 705 1586 aurium
728 1526 895 1607 voluptatem

153 1622 311 1702 composita,
334 1623 404 1681 mole
417 1621 553 1692 laborans,
572 1620 661 1679 inilata
671 1665 679 1691 ‚
691 1633 796 1679 tumens
807 1633 843 1690 et,
866 1635 897 1680 ut

152 1715 238 1796 ipsius
255 1715 348 1776 verbis
360 1729 441 1789 utar,
459 1713 589 1795 βρύουσα,
608 1712 748 1794 βρίθουσα,
773 1715 895 1789 septies,

152 1812 299 1890 σφριγῶσα.
317 1805 453 1888 Epistolas
467 1805 654 1887 Chrysostomi
667 1801 769 1862 nemini
796 1823 895 1882 magno

151 1921 231 1982 opere
241 1897 497 1973 commendaverim,
511 1897 562 1957 nisi
576 1898 620 1969 iis,
636 1896 683 1975 qni
693 1895 833 1954 historiam
848 1916 894 1953 ex·

151 1994 208 2053 silii
220 1994 278 2054 eius
291 1993 404 2072 cupiunt
416 2011 582 2071 cognoscere.
596 1992 710 2066 Paucae,
725 2007 815 2065 eaeque
829 1986 894 2046 lon-

151 2087 238 2165 giores
256 2083 290 2144 ad
307 2082 512 2167 Olympiadem,
527 2085 597 2142 inter
610 2081 728 2159 reliquas
741 2079 894 2152 excellunt3

151 2176 200 2237 sed
218 2175 353 2237 excedunt
370 2174 545 2255 epistolarum
566 2171 688 2232 modum.
717 2171 858 2248 Pleraque
870 2182 896 2228 et

152 2268 289 2328 sententiis
318 2279 344 2325 et
367 2264 456 2327 verbis
484 2277 547 2323 sunt
575 2266 646 2322 inter
668 2282 696 2320 se
718 2261 830 2321 similes.
855 2261 896 2322 Τὸ

152 2361 260 2435 ἠθικόν,
279 2359 353 2441 quod
370 2358 497 2440 epistolas
518 2357 664 2417 familiares
676 2353 810 2438 inprimis'
823 2373 896 2414 com·

1628 562 1696 630 215

955 698 1077 777 mendat,
1092 699 1120 759 in
1133 700 1178 762 his
1199 701 1299 782 partim
1309 702 1429 763 cernitur
1440 702 1468 763 in
1479 703 1545 764 solis
1558 705 1698 768 vocabulis

955 791 1131 874 formulisque
1145 795 1314 873 vulgaribus,
1328 795 1436 876 partim,
1451 809 1481 855 ut
1493 796 1588 858 lictum
1600 811 1628 859 et
1639 812 1697 858 stu·

953 885 1002 946 dio
1019 885 1178 966 quesitum,
1193 886 1330 968 displicet.
1345 886 1401 948 Sed
1413 887 1473 947 bec
1483 887 1518 948 de
1529 887 1607 948 vitiis
1617 890 1694 969 ejus,

954 999 1013 1057 quae
1036 979 1142 1059 magnis
1162 977 1310 1039 virtutibus
1335 979 1363 1039 in
1388 979 1503 1060 singulis
1522 981 1576 1040 t'ere
1597 982 1697 1042 oratio·

953 1072 1036 1131 nibus
1056 1085 1222 1153 compensat.
1245 1070 1330 1131 Modo
1351 1072 1422 1132 enim
1449 1071 1585 1132 subtiliter
1609 1072 1697 1148 docet,

952 1161 1034 1223 modo
1054 1163 1183 1225 acerrime
1209 1177 1323 1244 pugnat,
1352 1163 1435 1223 modo
1457 1163 1567 1245 proprie
1592 1177 1618 1222 et
1641 1165 1696 1224 ele-

952 1268 1047 1333 ganter
1060 1301 1068 1328 ,
1082 1255 1177 1314 'modo
1202 1255 1309 1335 copiose
1332 1268 1358 1314 et
1383 1270 1477 1316 ornate
1501 1255 1590 1334 dicit,
1613 1255 1694 1317 ιιιοάο

952 1347 1074 1406 acumine
1088 1360 1115 1406 et
1133 1346 1241 1427 ingenio
1251 1345 1377 1425 delectat,
1393 1347 1474 1408 modo
1491 1347 1605 1407 fulmine
1617 1361 1643 1408 et
1653 1362 1696 1409 to·

952 1440 1027 1499 nitru
1039 1438 1176 1502 terrethd
1189 1439 1246 1500 haee
1257 1438 1389 1515 imorum,
1398 1459 1467 1518 quos
1477 1439 1596 1499 oratione
1606 1440 1695 1521 expri-

951 1533 1011 1609 mit,
1023 1532 1158 1604 honestas,
1175 1531 1366 1592 sententiarum
1380 1530 1501 1611 gravitas
1522 1543 1547 1591 et
1565 1530 1694 1591 sublimi-

951 1639 1002 1701 tas,
1012 1625 1127 1701 animus,
1138 1623 1280 1701 vitiorum,
1295 1624 1477 1705 voluptatum,
1489 1644 1579 1684 rerum
1591 1624 1695 1683 huma·

950 1737 1047 1777 narum
1059 1729 1217 1790 contemtor,
1227 1716 1289 1796 pius
1308 1729 1335 1775 et
1347 1715 1487 1796 religionis,
1495 1717 1624 1777 acerrime
1638 1731 1695 1776 stu·

951 1808 1054 1869 diosus.
1068 1810 1107 1867 Ac
1121 1807 1252 1888 proiecto,
1269 1807 1291 1866 si
1313 1806 1427 1866 Athenis
1451 1821 1499 1866 aut
1512 1808 1617 1883 Romae,
1631 1829 1694 1868 mo-

951 1901 1035 1962 destis
1053 1900 1194 1959 bominum
1214 1912 1241 1960 et
1260 1897 1415 1980 compositis
1440 1898 1564 1959 moribus
1579 1915 1606 1960 et
1625 1900 1695 1961 inter

950 1992 1088 2052 auditores
1109 2011 1204 2070 graves
1213 2012 1337 2070 veraeque
1349 1983 1506 2070 eloquentiae
1520 1993 1696 2055 estimatores

951 2096 979 2144 et
995 2081 1102 2164 judices
1122 2082 1247 2154 dixisset,
1267 2081 1437 2141 simillimum
1457 2103 1520 2141 eum
1535 2082 1695 2144 haberemus

950 2177 1073 2240 AEsehini
1087 2189 1113 2236 et
1123 2176 1256 2251 Ciceroni,
1266 2189 1326 2256 post
1335 2196 1403 2255 quos
1416 2175 1545 2236 secundas
1558 2178 1627 2238 ferre
1641 2191 1696 2238 ter-

951 2270 1037 2334 tiasve
1062 2268 1116 2352 ipsi
1139 2269 1281 2330 honestum
1299 2281 1349 2328 est.
1398 2259 1401 2263 ’

183 2585 199 2626 h
216 2583 314 2650 1is‚qui
325 2581 440 2633 nondum
454 2578 551 2633 adsueti
563 2578 741 2631 suntorationi
752 2577 908 2647 chrysosto-
934 2575 1062 2642 superior3
1080 2573 1180 2625 tametsi
1192 2571 1242 2640 hic,
1255 2574 1340 2626 neseio
1363 2585 1449 2625 utrum
1460 2572 1546 2626 dicam
1562 2572 1696 2639 Hebraico,

150 2664 195 2727 mi,
203 2666 225 2714 si
241 2673 326 2712 tamen
339 2657 468 2727 exegetica
483 2661 534 2727 ejus
545 2661 572 2709 in
584 2660 617 2710 N.
625 2659 816 2709 Testamentum
829 2655 910 2723 legere
934 2671 968 2705 an
979 2652 1115 2720 Hebraico,
1127 2654 1241 2721 apprime
1247 2651 1351 2704 caluisse
1361 2653 1488 2709 credatur.
1496 2650 1622 2720 Equidem
1628 2664 1697 2704 certe

148 2742 237 2803 veiint,
245 2752 336 2791 auctor
349 2741 406 2802 sim,
419 2749 448 2789 ut
461 2755 476 2787 a
490 2739 674 2788 commentario
685 2738 711 2786 in
723 2734 866 2803 Epistulam
876 2731 911 2784 ad
934 2748 966 2784 ex
976 2733 1049 2783 istius
1069 2731 1170 2798 scriptis
1182 2730 1231 2782 hoc
1247 2729 1343 2782 discere
1356 2748 1409 2782 non
1419 2731 1508 2797 potui,
1520 2745 1568 2783 nec
1580 2728 1696 2781 Hostius.

148 2819 251 2873 Galeam
269 2817 401 2884 incipiunt,
416 2817 534 2868 desinant
547 2815 573 2865 in
587 2816 771 2867 commentario
781 2816 807 2866 in
819 2816 910 2879 Actus,
968 2811 977 2852 t
993 2811 1038 2862 Uti
1046 2813 1113 2862 enim
1125 2813 1191 2862 inter
1203 2822 1319 2861 oratores
1327 2810 1440 2871 Grecos,
1459 2824 1511 2860 non
1527 2806 1696 2870 Christianos,

148 2901 192 2965 qui
209 2910 247 2950 est
265 2899 379 2949 omnium
399 2895 510 2947 iniimus.
530 2895 622 2946 llinori
633 2893 735 2961 quidem
756 2910 816 2944 cura
838 2909 911 2944 com-
933 2889 1001 2942 civili
1013 2893 1107 2944 virtute
1118 2888 1322 2943 commendanda
1333 2905 1409 2941 nemo
1425 2887 1556 2940 honestate
1568 2885 1698 2939 antecellit

149 2978 301 3028 meritorium
319 2977 346 3026 in
357 2973 499 3042 Epistulam
509 2973 544 3025 ad
552 2973 662 3031 Galatas,
668 2971 827 3042 elaboratum
846 2970 911 3024 dicit
933 2970 1074 3020 leocratem
1087 2993 1093 3022 :
1106 2971 1141 3020 ita
1151 2967 1365 3038 chrysostomus,
1378 2978 1437 3033 post
1446 2965 1577 3018 Christum
1594 2976 1619 3017 et
1630 2968 1705 3031 Apo-¹

148 3053 422 3116 Montefalconius‚sed
432 3071 493 3105 eura
502 3053 619 3120 proiecto
628 3064 667 3104 est
677 3050 775 3113 eadem,
789 3062 815 3103 et
826 3052 910 3103 oratio
933 3046 1031 3113 stolus,
1047 3046 1080 3099 de
1093 3047 1186 3102 virtute
1204 3046 1348 3099 Christiana
1375 3043 1475 3112 dicens,
1488 3047 1615 3097 neminem
1631 3044 1697 3094 iuter

148 3130 229 3184 multo
240 3144 279 3183 est
287 3134 395 3199 pressior
408 3144 434 3184 et
444 3129 600 3183 adstrictior.
610 3132 642 3181 In
659 3130 867 3196 interpretatione
876 3130 908 3181 V.
933 3125 1092 3179 Christianos
1104 3127 1217 3192 Graecos,
1228 3143 1261 3178 ne
1271 3125 1357 3178 dicam
1370 3127 1434 3178 inter
1444 3124 1559 3191 batim
1572 3124 1696 3190 gravitate

147 3213 303 3266 Testamenti
322 3210 368 3261 sihi
381 3222 420 3262 est
430 3208 576 3262 dissimilior
587 3249 595 3273 ,
608 3209 715 3277 Origene
731 3219 817 3260 tamen
828 3205 909 3258 multo
933 3206 1087 3272 superiorem
1099 3216 1144 3258 aut
1153 3203 1261 3257 similem
1272 3201 1359 3255 habet.
