3714 5970
148 452 195 521 88
750 465 908 513 ructanti
934 462 1103 512 nrauoous

148 601 220 678 latii,
235 601 263 660 in
283 600 370 680 agello
386 619 435 658 suo
448 594 585 677 Bithynia
604 592 690 653 vitam
707 593 772 672 agit
791 594 887 654 Plures
938 594 1191 670 ’ίλαιοκομοοσιῦῃ
1206 585 1382 669 προσικτνάιι
1399 590 1440 669 τῷ
1453 586 1523 667 ξύλιρ
1534 629 1544 661 ,
1555 586 1648 668 ταηιλς
1659 611 1703 666 με·

148 708 240 753 autem
248 688 478 771 Constantinopoli
489 687 649 748 delitescunt
661 709 668 743 r
681 684 729 745 alii
742 685 771 744 in
786 684 888 766 patrias
940 683 1069 764 σονοκτίιρ
1082 682 1158 761 παρά
1165 685 1219 742 τῶν
1229 685 1307 741 τοῦτο
1318 678 1472 761 δρασάντων
1481 681 1638 760 topazum,
1649 704 1704 740 σνν-

148 802 209 841 suas
222 781 354 841 abierunt.
362 778 507 850 Silvanus,
520 789 627 835 sanctus
636 774 789 856 episcopus,
802 776 888 833 Troa-
941 775 1204 859 errpupeuploeecoe
1214 781 1260 835 τοῦ
1270 776 1341 835 θεοῦ
1349 777 1389 855 τῷ
1402 768 1509 853 θανάτῳ
1517 769 1706 856 διπασίρψαλ·

146 876 182 935 de
195 876 324 957 piscatur,
340 887 366 932 et
387 872 491 953 piscatu
511 868 583 931 vivit
601 893 608 926 ε
624 867 778 948 Stephanus
792 888 885 926 mona·
905 889 925 934 [ι
942 869 1042 929 λόντων
1057 867 1141 928 διὰτὸ
1152 867 1309 949 σύμμορφον
1321 872 1367 926 τοῦ
1377 864 1511 946 σωτηρίαι
1523 863 1633 931 πάθοις.
1644 867 1705 938 Διη-

145 970 226 1042 chus,
246 968 293 1047 qui
310 969 494 1026 Romanorum
516 962 644 1044 epistolas
668 960 776 1033 detulit,
799 960 835 1020 ob
858 959 887 1019 id
941 961 1043 1040 γήσατο
1056 960 1084 1021 δὲ
1098 965 1112 1020 δ
1126 958 1261 1026 ἀναλύσας
1272 958 1390 1025 διάκονος
1404 957 1458 1017 ἀπὸ
1471 960 1524 1017 τῶν
1538 956 1707 1032 ἐπισκόπων,

146 1061 236 1141 ipsum
253 1059 421 1127 verberatus,
434 1056 526 1116 decem
540 1074 643 1114 menses
657 1051 889 1133 Constantinopoli
940 1052 982 1113 δτι
1003 1057 1028 1113 οῖ
1042 1051 1186 1134 ἔπαρχικολ
1206 1054 1230 1111 ol
1252 1049 1385 1131 διάγοντες
1407 1046 1503 1117 αὐτούς
1522 1048 1570 1109 ἐπὶ
1590 1052 1708 1109 τοσοῦτον

146 1149 175 1207 in
194 1168 298 1207 carcere
316 1147 403 1206 vitam
417 1145 483 1225 egit.
505 1144 575 1203 Cum
589 1156 679 1201 autem
694 1141 719 1200 ei
735 1142 889 1201 communio
942 1143 1050 1226 ἔθλιψαν
1064 1147 1123 1204 κατ’
1139 1141 1247 1210 ἐντολάς
1257 1165 1336 1202 τινων
1347 1187 1356 1215 ,
1366 1145 1402 1210 ὡς
1416 1140 1543 1222 εὔχεσθαι
1558 1136 1653 1206 αύτούς
1666 1137 1709 1199 δάε

147 1241 284 1323 proposita
304 1252 384 1314 esset,
405 1252 432 1298 et
448 1257 501 1296 non
519 1233 706 1314 acquievisset,
720 1232 853 1293 lateribus
863 1246 890 1292 et
942 1259 1020 1295 νατον
1034 1239 1170 1308 ἐπελθεῖν,
1193 1234 1240 1294 καλ
1262 1234 1294 1295 eh
1315 1236 1362 1314 ζῇν
1384 1237 1584 1316 παραιτεῖσθαι.
1603 1228 1648 1292 Τδ
1666 1228 1708 1307 tab

146 1347 255 1414 pectore
272 1331 435 1411 ungularum
454 1328 582 1389 violentia
598 1326 735 1399 laceratis,
757 1326 834 1406 cujus
849 1323 887 1383 rei
942 1331 994 1411 γὰρ
1009 1334 1038 1389 ἐν
1049 1327 1183 1410 ἀργυρίοις
1197 1326 1383 1403 ἀναλώματα,
1397 1326 1496 1386 άκαεδ
1510 1325 1560 1400 τλν
1575 1326 1634 1386 tots
1643 1322 1709 1396 allal-

147 1423 205 1504 ipse
215 1424 339 1483 oculatus
351 1422 426 1483 testis
439 1420 491 1494 sui,
504 1420 607 1482 Christi
621 1417 793 1500 providentia
803 1419 831 1476 in
846 1437 889 1477 se-
943 1446 1037 1502 ριισσιν
1045 1468 1053 1498 ‚
1068 1425 1111 1503 ὑφ’
1124 1421 1152 1481 ἓν
1163 1419 1368 1487 ἀποσπάσαντες
1381 1462 1390 1491 ‚
1403 1422 1441 1489 ςις
1454 1419 1587 1491 ᾶλλήλσσς
1599 1414 1614 1451 b
1624 1419 1709 1496 δινρν.

148 1514 236 1577 cunda
249 1516 361 1574 fortasse
370 1512 516 1573 certamina
529 1525 661 1587 servmus,
676 1524 736 1592 post
748 1510 888 1569 decimum
944 1515 1091 1594 ρίσθησαν,
1115 1513 1201 1595 ξηροῖς
1222 1512 1250 1572 δὲ
1271 1520 1326 1581 τοῖς
1340 1511 1481 1591 ὀνοζογίοις
1490 1508 1710 1590 teraphim,

149 1606 294 1665 curationis
309 1626 363 1665 suae
381 1624 513 1676 mensem,
533 1602 670 1663 Pelusium
686 1602 819 1680 relegatus
840 1613 890 1661 est.
945 1610 996 1665 τῶν
1010 1605 1056 1666 δύο
1065 1609 1173 1686 ἡμερῶν
1182 1603 1230 1677 τὴν
1245 1605 1304 1664 θδδν
1316 1603 1379 1683 μίαν
1394 1602 1510 1677 ίποίαιν,
1522 1605 1632 1680 βαθεῖαν
1642 1599 1710 1661 ἱστί-

150 1698 329 1758 provincialis
342 1696 454 1777 quidam
473 1694 562 1773 miles,
577 1717 610 1755 ex
624 1694 733 1754 Schelis
747 1692 889 1771 Palatinis,
945 1721 992 1778 ραν
1009 1696 1173 1777 εἰσάγοντες,
1193 1696 1240 1756 καλ
1258 1697 1345 1779 ὄρθρῳ
1364 1698 1492 1776 σκοτεινῷ
1512 1693 1710 1771 ῖξάγοντεςνύις

107 1850 111 1857 ,
150 1803 288 1851 accusatus
302 1788 671 1869 tamquamJoannislautor,
684 1798 745 1867 post
758 1784 828 1845 varii
840 1804 891 1865 ge·
907 1809 927 1856 lt
946 1790 1014 1863 μηδὲ
1024 1790 1072 1855 τὰς
1085 1787 1177 1856 ἀθλίας
1187 1789 1287 1869 τρορθις
1299 1786 1479 1868 κατίχσινσὸν
1494 1781 1711 1865 σςόμσχσνῇρή.

148 1882 219 1941 neris
233 1881 327 1963 plagas
335 1895 361 1940 et
372 1879 556 1939 atrocissimas
568 1879 721 1937 abrasiones
731 1878 824 1936 Petras
838 1897 891 1935 ex·
946 1881 1013 1960 μσσί
1024 1904 1054 1940 σε
1067 1884 1185 1961 αἰσχροῖς
1194 1881 1241 1941 κοιλ
1253 1880 1377 1959 ἀσέμνοις
1391 1878 1535 1959 βάλλοντες
1545 1881 1594 1938 ούκ
1605 1874 1710 1957 ῖρείδω·

148 1975 192 2034 sul
204 1974 302 2034 missus
316 1987 364 2036 est.
381 1972 487 2053 Elpidii
507 1993 571 2032 vero
588 1970 738 2056 presbytcri
752 1969 891 2044 famulus,
945 1996 983 2032 το.
996 1972 1182 2033 Παλλαδίουδλ
1194 1972 1294 2033 κολεὸν
1304 1970 1551 2050 παῖδαύρείλαντο,
1562 1967 1712 2047 βιασάμενοι

147 2067 400 2147 quinquaginta,ut
412 2065 500 2140 aiunt,
512 2063 601 2123 aureis
611 2061 772 2135 conductus,
786 2075 815 2120 ut
824 2081 889 2120 san-
945 2064 1023 2124 αύτδν
1042 2063 1089 2123 καὶ
1112 2070 1295 2146 γραμματεῖον
1319 2061 1452 2123 ἐκθέσθαι.
1466 2059 1711 2141 Δημήτρωνδδιίς

147 2175 221 2220 etum
237 2161 367 2222 Joannem
388 2157 451 2216 dolo
466 2156 648 2215 interficeret:
662 2176 725 2214 cum
736 2152 889 2234 deprehen·
943 2160 1067 2216 τοσοῦτον
1084 2156 1188 2236 ἔθλιψεν
1204 2146 1241 2223 εἷς
1252 2156 1305 2213 τῶν
1317 2153 1479 2234 διαγόντων,
1490 2157 1529 2222 ὡς
1542 2151 1590 2214 καλ
1600 2150 1711 2231 ιΖιδιλη

148 2270 193 2308 sus
207 2261 274 2307 esset
295 2261 349 2306 tres
364 2246 469 2326 gladios
486 2244 603 2317 habere,
621 2258 722 2324 septem
742 2263 776 2301 ex
795 2241 829 2300 iis
843 2240 890 2320 qui
945 2253 1053 2328 βπσςῑσν
1074 2248 1188 2328 ερπίρσιν
1214 2250 1355 2322 ξπσλοιῑν,
1379 2245 1501 2325 θςπσρλ
1522 2244 1609 2313 σίδας
1627 2247 1665 2312 εἰς
1685 2242 1751 2309 αλλ

146 2341 236 2421 ipsum
246 2337 488 2420 apprehenderant,
496 2335 656 2415 singillatim
667 2334 891 2416 percussit:quo-
944 2345 1023 2420 πῶμπ
1037 2340 1222 2414 εὸσσσνίσοη,
1251 2338 1391 2407 ἐπωδύνως
1413 2338 1445 2398 πὸ
1470 2339 1519 2417 ζἠν
1543 2334 1711 2417 ἀπορρήξας,

146 2453 209 2491 rum
228 2444 344 2509 quatuor
363 2431 491 2489 continuo
511 2428 608 2508 sepulti
631 2440 709 2501 sunt,
728 2426 776 2485 alii
798 2440 889 2485 autem
943 2436 979 2501 ὡς
999 2431 1061 2500 zob<
1087 2431 1283 2501 ἐπιθειάζοντας
1306 2428 1445 2510 γνωρίζειν
1468 2426 1519 2501 che
1542 2431 1597 2487 τῶν
1622 2424 1715 2508 ύόριιιν

146 2537 201 2583 tres
212 2537 273 2603 post
287 2522 446 2581 diuturnam
461 2521 627 2579 curationem
640 2518 709 2579 salvi
728 2531 887 2590 evaserunt,
944 2524 1056 2598 πσινήν·
1071 2523 1244 2603 πρσιιπόνσσς
1258 2526 1330 2604 αὑπῷ
1343 2523 1389 2583 sat
1407 2520 1583 2595 Ππλλαδίσσ,
1602 2523 1639 2589 ὡς
1649 2524 1664 2579 a
1676 2521 1715 2579 ίλ.

147 2615 273 2674 absoluto
294 2613 439 2672 homicida.
461 2613 561 2671 Beatus
580 2610 745 2692 Eutropius,
767 2633 852 2692 purus
874 2632 889 2670 a
944 2616 996 2677 θὼν
1010 2617 1156 2697 διηγήσατο
1179 2614 1400 2696 συστρατιώτης,
1420 2612 1464 2674 ὅτι
1486 2615 1574 2687 ἄλλην
1594 2612 1655 2672 θδδν
1672 2612 1717 2695 day

147 2706 324 2781 mulieribus,
344 2719 452 2777 (antor,
474 2704 633 2764 verberibus
647 2725 742 2775 caesus,
758 2718 784 2763 ct
798 2702 890 2763 lateri·
909 2718 926 2764 F
944 2708 1080 2780 θδεύοεις,
1101 2711 1212 2788 οἰκτρῶς
1231 2707 1404 2780 τελευτήσας.
1425 2703 1583 2786 Ἐκκλησίερ
1604 2704 1652 2783 pla
1670 2703 1717 2787 γδρ

148 2801 201 2858 bus
217 2798 346 2858 aclroute
360 2794 526 2875 usqueadeo
545 2795 693 2868 laceratus,
709 2810 778 2855 utet
792 2817 890 2876 super·
944 2801 975 2861 τὸ
997 2800 1105 2860 σύνολον
1129 2799 1361 2873 πλησιάζεινοῦκ
1391 2798 1474 2871 eloe,
1500 2792 1716 2867 καταλύοντςςλ

148 2890 212 2951 cilia
226 2911 333 2970 quoque
347 2889 440 2951 evulsa
453 2889 517 2963 sint,
535 2889 639 2948 lacibus
652 2903 786 2970 postremo
799 2887 833 2947 ad
847 2888 891 2947 la·
944 2895 972 2951 lv
986 2891 1174 2973 πανδοχείοις,
1197 2890 1260 2951 ίνθα
1283 2890 1422 2973 ἑταιρίδων
1443 2891 1568 2962 πλῆθος,
1593 2888 1613 2961 ἢ
1626 2891 1653 2948 δν
1664 2896 1716 2955 ταῖς

147 2998 205 3043 tera
215 3028 224 3061 ,
242 2996 302 3063 post
325 3003 384 3042 ussa
405 2981 520 3057 nudata,
532 2982 669 3061 utrimque
693 2982 809 3042 admotis
831 2982 890 3041 oleo
945 2992 1110 3061 συναγωγαῖς
1123 2984 1299 3065 Σαμαρειτῶν
1315 2982 1332 3054 ἣ
1347 2978 1506 3055 Ἰουδαίων,
1528 2980 1650 3061 μάλιστα
1667 2978 1715 3039 διδ

96 3104 102 3114 ·
149 3075 247 3155 plenis,
259 3076 287 3133 in
300 3076 357 3156 ipso
370 3074 485 3153 equuleo
495 3074 613 3133 animaru
623 3074 776 3152 exhalavit,
788 3073 891 3134 media-
904 3139 916 3175 7
944 3078 1066 3157 Ταρσοῦ,
1078 3075 1125 3135 καλ
1137 3076 1191 3134 latei
1204 3079 1240 3144 ὡς
1259 3076 1523 3155 στενσρωροομίνοος
1534 3072 1653 3147 αύτούς,
1675 3070 1714 3133 aet

149 3189 203 3246 que
221 3182 298 3228 nocte
312 3168 433 3248 sepultus
445 3181 486 3226 est
498 3189 514 3226 a
528 3166 647 3242 clericis,
665 3168 712 3247 qui
728 3168 779 3228 hoc
798 3183 889 3249 patra·
909 3139 929 3241 ,ί
946 3167 1034 3249 ἔτερόν
1046 3191 1073 3225 τι
1083 3173 1095 3199 ⁸
1106 3169 1211 3242 bresit,
1223 3168 1237 3227 8
1250 3159 1283 3240 ἦν
1296 3167 1471 3248 ἀπρονόητον.
1486 3165 1570 3246 Λέγει
1581 3164 1611 3227 dl
1622 3156 1657 3234 είς
1667 3168 1714 3225 σῦν

150 3273 211 3319 rant
216 3258 301 3337 ,cum
313 3260 387 3318 Deus
399 3259 480 3317 morti
491 3258 550 3338 ejus
564 3258 748 3318 testimonium
760 3261 892 3340 praebuis·
946 3260 1114 3321 ἐπισκόπων·
1130 3259 1157 3319 τί
1169 3259 1323 3337 λοπαύμεθα
1336 3260 1399 3340 περὶ
1413 3260 1467 3317 τῶν
1482 3256 1670 3337 καταγωγίων,
1679 3254 1712 3334 μὴ

151 3369 191 3415 set
212 3355 316 3415 visione
335 3354 525 3435 psallentium,
539 3354 575 3413 eb
595 3355 746 3414 servatoris
761 3356 893 3435 passionis
947 3352 998 3434 γὰρ
1015 3356 1054 3433 ἐρ’
1078 3357 1144 3430 ἡμῖν
1164 3356 1221 3412 ἐστι
1241 3356 1291 3413 ποῦ
1319 3358 1423 3430 μεῖναι,
1448 3348 1493 3409 ἵνα
1516 3348 1606 3431 οἰκείᾳ
1627 3346 1714 3427 αίρίπι

152 3446 376 3507 conformitatem.
397 3446 502 3505 Retulit
521 3458 612 3504 autem
630 3440 770 3519 diaconus,
791 3447 839 3526 qui
859 3447 894 3507 ab
948 3451 1172 3526 ἀσχημονοῦντες,
1189 3444 1263 3513 δίκας
1281 3441 1485 3524 θρλήσωμενςῆ
1504 3446 1553 3503 οῦκ
1572 3439 1712 3516 secreto

152 3541 286 3621 episeopis
297 3538 391 3612 rediit,
407 3562 423 3599 a
435 3538 557 3598 Praefecti
573 3538 723 3614 militibus,
735 3539 781 3619 qui
796 3561 840 3600 eos
852 3540 896 3599 de·
948 3545 1031 3598 ταῦτα
1045 3538 1132 3599 πάντα
1146 3536 1192 3599 καλ
1211 3537 1350 3618 γεγένηται
1363 3536 1409 3595 καί
1427 3534 1582 3615 γενήσεται,
1594 3540 1641 3595 τοῦ
1651 3536 1712 3595 om

153 3628 306 3702 duxerunt,
319 3647 402 3705 usque
421 3626 488 3686 adeo
497 3628 577 3706 jussu
594 3626 749 3706 aliquorum
768 3642 894 3702 vexatos,
950 3631 994 3691 διλι
1008 3631 1114 3691 πάντων
1134 3631 1319 3709 δοξαζομένου;
1334 3627 1421 3689 Πόσαι
1439 3626 1542 3687 τούτων
1554 3631 1609 3687 τῶν
1622 3620 1712 3705 ἑταιρί-

155 3735 185 3780 ut
198 3721 268 3780 mori
280 3733 402 3801 optarent
415 3733 442 3778 et
454 3720 545 3780 rivere
560 3733 721 3779 recusarent.
735 3723 805 3780 Nam
817 3742 897 3802 pecu·
952 3724 1004 3783 δων
1017 3724 1100 3797 λήθην
1113 3726 1184 3785 Θεοῦ
1200 3722 1340 3793 λαόοῦοαι,
1353 3718 1371 3792 ἢ
1388 3719 1439 3794 τὴν
1453 3718 1541 3802 ἀρχὴν
1565 3718 1633 3797 μηδὲ
1644 3720 1713 3797 γνοῦ-

155 3812 224 3886 nias,
234 3816 303 3890 ¹quas
324 3810 351 3869 in
366 3824 470 3869 sumtus
487 3810 590 3869 itineris
603 3809 656 3868 sibi
671 3826 832 3890 sumserunt,
849 3834 897 3893 pe·
951 3838 1009 3890 σαι,
1024 3820 1097 3893 ἡμᾶς
1115 3815 1183 3875 ούτω
1197 3814 1369 3893 θεασάμενοι,
1386 3815 1422 3880 εἰς
1436 3811 1518 3893 ρόδον
1529 3814 1602 3873 Θεοῦ
1613 3811 1659 3871 καλ
1673 3806 1713 3869 άν-

156 3904 230 3962 nitus
250 3904 374 3981 abreptas
396 3904 466 3961 inter
479 3922 507 3960 se
523 3900 616 3981 partiti
638 3917 717 3973 sunt,
727 3917 754 3962 et
769 3904 795 3963 in
807 3925 896 3964 macra
951 3931 1023 3968 νοιαν
1037 3899 1127 3985 ἦλθον,
1139 3907 1202 3975 ίσως
1220 3906 1265 3966 ἐπὶ
1285 3905 1316 3966 ch
1335 3911 1453 3985 κρεῖττον
1467 3911 1624 3984 τραπεῖσαν,
1638 3900 1655 3972 ἢ
1671 3896 1714 3961 κδ’

154 3996 276 4075 jumenta
287 4015 331 4053 eos
345 3993 505 4074 injicientes,
523 3993 600 4052 bidui
618 3996 669 4054 iter
687 4017 741 4055 uno
754 3995 799 4057 die
812 3998 897 4058 facie·
915 4034 934 4081 B
953 4000 997 4060 ἐπὶ
1008 4000 1039 4059 τὸ
1047 4009 1135 4081 χεῖρον
1149 3998 1186 4078 μὴ
1198 3997 1432 4080 καταρῤιύσασαι;
1448 3998 1490 4056 Ob
1502 3996 1600 4075 petephre
1611 3994 1639 4054 δδ
1649 3993 1714 4073 buxi
1728 3998 1748 4053 l.

157 4089 224 4147 bant
236 4109 243 4146 :
256 4087 341 4147 multa
355 4100 431 4145 noete
441 4086 468 4144 in
479 4086 630 4146 diversoria
643 4087 858 4165 introducentes,
871 4103 898 4150 et
953 4096 1047 4171 λογικῇ
1063 4093 1114 4151 ὑπὸ
1125 4091 1223 4157 πάθους
1235 4087 1409 4168 Ι’κανιονμίνη
1424 4087 1472 4146 καλ
1488 4086 1586 4168 μικρδν
1595 4088 1716 4147 ἀναπνεῦ-

157 4200 263 4239 summo
277 4199 354 4238 mane
364 4177 523 4238 antelucem
534 4175 701 4250 reducentes,
716 4180 752 4239 ita
766 4194 837 4241 utne
850 4180 901 4240 mi·
955 4208 1010 4254 σαι,
1024 4183 1090 4264 ὅπερ
1100 4183 1171 4243 ἐστὶν
1186 4182 1305 4258 ἔνανσμα
1319 4178 1506 4259 σωφροσύνης·
1517 4182 1555 4245 ὣς
1566 4179 1716 4237 ταῦταθιιο-

127 4310 133 4323 ·
156 4294 229 4333 seras
237 4270 348 4350 quidem
357 4290 429 4329 escas
439 4270 593 4329 stomachus
604 4268 717 4330 retinere
724 4275 899 4352 posset'sur·
955 4275 1054 4337 στάντα
1067 4278 1148 4335 εἰπεῖν
1163 4274 1206 4334 τὸν
1218 4271 1372 4354 ίεροράντην
1388 4272 1511 4331 Παῦλον·
1526 4272 1645 4353 Χριστοῦ
1655 4271 1715 4329 rto-

156 4366 238 4446 pihus
255 4378 382 4445 praeterea
404 4376 431 4421 ct
447 4361 595 4421 inhonestis
605 4362 698 4423 verbis
715 4385 760 4423 eos
773 4365 900 4444 impetere
955 4368 999 4428 δία
1013 4367 1093 4446 ἐσμὲν
1107 4371 1134 4427 ἐν
1148 4376 1202 4433 τοῖς
1217 4363 1373 4443 σωζομένοις
1393 4363 1439 4422 καλ
1452 4365 1480 4422 ἐν
1497 4372 1554 4431 τοῖς
1569 4356 1716 4438 ambrul-

159 4478 211 4518 non
232 4457 386 4538 parcebant.
402 4453 527 4514 Palladio
544 4454 625 4513 etiam
639 4455 771 4516 famulum
785 4457 903 4517 abstule-
955 4485 1022 4533 νοις,
1033 4459 1078 4520 διδι
1095 4459 1126 4519 τὸ
1144 4459 1251 4538 θέατρον
1263 4459 1420 4536 γεγενῆσθαι
1434 4455 1558 4535 άγγόλοις
1571 4478 1601 4516 τε
1616 4452 1660 4513 καλ
1673 4454 1716 4511 άν-

158 4562 233 4624 runt,
247 4549 304 4606 vim
320 4547 372 4626 ipsi
391 4546 550 4622 inserentes,
564 4559 595 4605 ut
616 4547 728 4607 tabellas
743 4548 898 4630 deponeret.
955 4552 1077 4632 θρώποις.
1094 4553 1142 4618 Εἰς
1165 4555 1288 4610 τοσοῦτον
1309 4546 1337 4608 δὲ
1352 4546 1490 4626 ὠμότητος
1509 4551 1536 4607 oi
1557 4545 1628 4607 κατὰ
1646 4542 1716 4604 τόπον

160 4640 328 4699 θανασίμων]
336 4651 426 4697 autem
437 4636 730 4699 unusedeductoribus
739 4663 824 4721 usque
832 4642 901 4702 adeo
955 4651 966 4676 ⁰
981 4643 1106 4722 ἤκμασαν
1120 4640 1260 4701 ἐπίσκοποι
1273 4644 1325 4699 τῶν
1340 4640 1502 4700 κοινωνικοῦν
1513 4638 1648 4721 Oropum
1657 4631 1717 4697 αστδ

160 4733 281 4807 vexavit,
301 4744 331 4788 ut
342 4729 431 4787 multa
450 4743 525 4788 nocte
538 4730 650 4810 Bizyam
673 4735 837 4812 pervenerit3
851 4733 899 4813 qui
954 4733 1306 4807 plenitudinemque
1322 4731 1411 4810 ἔλεγεν
1424 4735 1439 4790 θ
1450 4729 1534 4791 tatto
1548 4728 1717 4803 ἄσκητλεόί

160 4826 251 4885 statim
268 4821 434 4903 gravissimis
446 4819 585 4881 doloribus
598 4836 653 4883 toto
666 4845 778 4906 corpore
791 4827 898 4887 crucia-
917 4844 936 4889 c
959 4828 1031 4895 τινὰς
1050 4830 1136 4887 αὐτῶν
1150 4825 1209 4906 ούχλ
1230 4823 1307 4903 μόνον
1325 4821 1364 4901 μὴ
1377 4820 1541 4891 ἐνδείξασθαι
1557 4821 1607 4896 ele
1620 4822 1716 4901 δριιλν·

193 5011 204 5035 “
220 4991 384 5062 [Legebalffl
405 4999 543 5055 ἕδῦῑῑόκωμοί
559 4996 597 5045 ὧν·
608 4993 699 5062 Georg·
712 5003 779 5064 ἐλαίῳ
791 5011 915 5065 nepotesu-
999 5016 1009 5038 ¹¹
1027 4999 1119 5066 Geotg.
1138 5004 1265 5056 ίννοηθιῖναι
1280 5011 1388 5067 προῆγον.

159 5076 225 5125 llinc
236 5072 340 5123 fecimus
351 5080 535 5137 ελαιοκομσοοσν.
550 5070 627 5121 Paulo
640 5085 699 5124 urite
711 5074 771 5127 sort.
786 5076 834 5141 leg.
847 5100 917 5149 προο-
999 5079 1012 5117 b
1030 5077 1102 5128 ldcm
1114 5085 1258 5147 κρατουμένη
1274 5083 1312 5127 καί
1322 5082 1395 5144 ροπὴν
1404 5080 1550 5127 ἀναπνεῦσαι.
1572 5071 1645 5143 [llos
1657 5072 1715 5139 lege·

159 5158 306 5211 πιλαθειααν.
318 5163 345 5201 et
361 5149 482 5201 articulus
492 5162 551 5201 ante
563 5156 655 5215 ὀστέοις,
667 5153 836 5220 μαντοσύνη]
966 5156 1041 5207 batim
1052 5164 1128 5209 πάντα
1139 5162 1215 5214 brom,
1226 5149 1271 5202 sed
1283 5149 1426 5205 rotraCod.
1436 5150 1641 5221 etGeorg.Fort.
1649 5151 1715 5202 eren

191 5229 310 5297 l'GWS·
323 5235 487 5298 luturbam,
500 5239 527 5278 ‘l
536 5244 596 5280 ⁰¹⁰¹
604 5234 728 5297 ὑποζυγίοις
734 5250 781 5297 pro
788 5242 915 5301 δνοζυγῖαις.
966 5231 1097 5285 addendus
1108 5230 1229 5283 articulus
1238 5228 1298 5297 τόν]

192 5323 203 5346 ⁰
215 5308 284 5359 Fm
295 5313 370 5376 nrgtq.
384 5309 465 5377 bigot.
478 5307 536 5357 M⁰¹
544 5307 637 5375 GWK·
645 5322 725 5377 γνῶναι
734 5329 781 5378 pro
793 5324 915 5384 γνωρίζειν.
999 5328 1009 5352 e
1030 5313 1121 5380 θεοῖς.
1137 5317 1237 5377 illapsas.
1251 5309 1321 5360 Fort.
1331 5313 1419 5369 ἤλασαν
1429 5308 1513 5377 bigot.
