3714 5970
893 564 915 611 Χ

147 696 281 758 ticanum
300 695 401 757 denuo
417 708 533 756 nostros
544 694 575 753 in
593 713 665 755 usus
682 689 771 752 vellet
787 701 936 751 excutere.
951 688 1021 767 Quo
1034 687 1162 748 fortuna
1174 686 1276 749 lavore
1295 687 1384 749 nobis
1408 699 1472 750 taur
1497 685 1678 751 lacunassli·

147 806 222 875 quot
236 791 375 872 supplere
395 790 531 871 contigit,
552 809 645 869 quam
668 799 807 867 corrupta
830 783 979 847 vocabula
991 804 1054 845 non
1071 803 1166 864 parvo
1186 805 1313 846 numero
1329 783 1510 858 emendam
1528 805 1600 847 nam
1612 808 1678 868 apo·

147 888 295 970 graphum
310 885 538 948 Montsaueonio
561 885 769 946 transmissum
784 903 849 942 non
862 901 898 943 ea
916 902 978 961 qua
998 879 1122 941 decebat
1140 901 1212 942 cura
1225 880 1395 943 coniectum
1417 893 1494 944 erat.
1515 880 1676 958 (Commen-

147 987 240 1053 tarius
259 984 291 1043 in
316 981 480 1043 Homiliarn
501 979 665 1042 secundam
688 992 717 1040 et
736 979 867 1050 tertiam,
890 997 983 1058 quem
1005 975 1087 1038 idem
1108 977 1156 1038 vir
1176 978 1376 1058 promiserat,
1391 976 1493 1039 lucem
1512 998 1577 1040 non
1600 978 1674 1055 vidit,

147 1083 210 1143 sive
223 1081 323 1162 potius
337 1098 505 1158 numquam
527 1090 571 1139 est
594 1076 746 1156 scriptus)
767 1074 821 1136 llis
844 1073 936 1154 igitur
956 1072 1098 1135 subsidiis
1118 1084 1149 1133 et
1165 1093 1184 1133 a
1203 1072 1305 1135 codice
1322 1085 1353 1134 et
1371 1093 1391 1134 a
1416 1070 1509 1135 docto
1529 1075 1675 1156 interprete

149 1174 288 1237 simulet
306 1173 409 1234 critico
428 1171 660 1233 subministratis
678 1190 718 1229 ne
740 1182 843 1230 nostra
861 1189 951 1249 opera
968 1167 1094 1249 indigna
1116 1167 1401 1249 deprehenderetur,
1421 1188 1480 1250 pro
1493 1167 1577 1231 virili
1587 1191 1673 1234 esrae

150 1271 334 1333 studuimus.
356 1267 500 1348 Diligenti
525 1267 608 1326 enim
636 1285 709 1325 cura
735 1266 767 1325 in
787 1264 900 1343 verbis,
923 1278 1075 1346 quantum
1096 1277 1225 1344 poterat,
1251 1278 1330 1327 reete
1351 1264 1593 1342 constituendis,
1613 1281 1673 1331 reete

146 1365 366 1448 distinguendis
377 1376 407 1425 et
419 1360 651 1443 interpretandis
664 1363 770 1422 versati
783 1381 907 1434 sumus3
922 1361 998 1423 adeo
1012 1374 1047 1422 ut
1065 1374 1095 1421 et
1108 1373 1207 1423 textus
1216 1373 1248 1422 et
1270 1361 1478 1442 interpretatio
1497 1360 1593 1424 latius
1603 1361 1672 1445 louge

148 1484 243 1544 quam
267 1460 350 1542 apud
372 1458 623 1522 hlontlaueonum
642 1455 858 1519 emendatiores
873 1459 1029 1519 eraserint.
1056 1460 1101 1520 De
1122 1455 1371 1519 annotationibus
1389 1455 1583 1520 historiciset
1603 1458 1673 1522 cluo

151 1557 318 1638 nologicis,
340 1576 406 1636 quae
426 1576 508 1615 nunc
532 1566 737 1624 accesserunt,
768 1551 830 1629 jam
849 1574 939 1634 supra
958 1552 1050 1615 verbo
1068 1554 1254 1615 monuimus.
1289 1552 1362 1634 Pag.
1384 1554 1444 1616 385
1477 1552 1673 1629 (Montlauoo-

148 1657 263 1730 nisnae,
289 1676 357 1735 quae
377 1650 459 1733 apud
480 1672 536 1711 nos
548 1670 664 1730 semper
672 1648 866 1729 intelligenda
881 1655 935 1723 est)
949 1649 986 1727 B,
1006 1649 1062 1711 lin.
1075 1657 1105 1725 1,
1127 1649 1347 1722 restituendum
1359 1662 1405 1711 est
1428 1648 1470 1729 μὴ
1484 1651 1672 1730 mmmmm

150 1751 250 1813 locum
272 1763 419 1829 corrupta
435 1748 589 1827 scriptura
613 1744 836 1824 μεταλλευομένη.
855 1745 941 1807 conl.
967 1746 1027 1809 vol.
1052 1760 1088 1806 vt
1099 1791 1109 1822 ‚
1128 1768 1160 1827 p.
1184 1745 1257 1821 tat,
1275 1743 1311 1806 A.
1328 1744 1402 1827 Pag·
1426 1744 1554 1823 324,c,
1578 1746 1628 1811 lin.
1645 1751 1674 1823 5,

152 1845 335 1927 κεκαρωμένος
356 1843 511 1924 prolapsu
534 1841 696 1923 typothetae
707 1840 902 1922 saepissume,
926 1855 957 1904 et
975 1845 1007 1903 in
1020 1842 1122 1905 latinis
1143 1864 1175 1924 p.
1189 1840 1261 1920 337,
1276 1843 1301 1904 E
1315 1888 1324 1920 ,
1338 1842 1393 1904 lin.
1410 1854 1536 1924 antep,
1550 1858 1618 1907 ante
1628 1866 1673 1908 rae

152 1945 334 2019 relicturum,
350 1938 487 2001 addenda
501 1952 545 2000 est
556 1937 703 2018 particula
711 1939 861 2019 negativa,
877 1958 946 1999 non.
1130 1936 1134 1941 ’

164 2106 166 2111 ’
189 2102 366 2183 Sequuntur
378 2099 537 2181 Florilegia
548 2119 584 2161 ex
600 2099 716 2177 scriptis
727 2096 929 2178 chrysostomi
941 2145 950 2176 ‚
964 2119 1031 2180 quae
1048 2103 1117 2180 iure
1128 2121 1205 2181 opus
1218 2099 1402 2163 tessellatum
1412 2101 1465 2164 rel
1477 2105 1622 2164 musivum
1631 2124 1672 2185 rp-

69 2262 71 2266 ,
152 2197 253 2278 pelles.
277 2196 357 2258 Sunt
377 2197 531 2258 sententia
551 2195 767 2274 undecumque
790 2192 926 2256 locorum
947 2209 1114 2277 excerpta,
1139 2196 1249 2258 deinde
1260 2198 1292 2258 in
1305 2198 1403 2278 capita
1416 2196 1548 2261 redscoe
1563 2214 1594 2263 et
1612 2220 1672 2263 noro

153 2295 287 2376 quodam
297 2309 411 2370 tenore,
424 2292 476 2354 sed
488 2314 524 2354 eo
534 2293 604 2354 satis
616 2291 684 2352 laxo
696 2302 726 2350 et
738 2288 876 2363 elumbi,
891 2292 923 2351 in
935 2291 1130 2355 homiliarum
1141 2293 1269 2356 somnam
1281 2295 1465 2374 conjunctas.
1486 2294 1585 2378 cujus
1604 2296 1672 2359 colle

153 2391 260 2451 ctiouis
272 2411 342 2451 cum
356 2388 506 2469 duplicem
523 2408 585 2449 esse
598 2407 683 2466 posse
696 2385 858 2448 utilitatem
868 2388 1050 2464 videremur,
1062 2402 1098 2450 ut
1107 2402 1137 2450 et
1146 2392 1342 2472 superstitum
1361 2392 1543 2455 orationum
1558 2393 1671 2456 verbm

153 2490 189 2549 iis
202 2487 445 2562 emendarentur,
455 2501 484 2547 et
494 2485 717 2567 deperditarum
727 2484 821 2546 frusta
829 2485 1050 2567 detegerentur,
1061 2507 1182 2568 operam
1191 2498 1325 2547 nostram
1335 2485 1671 2566 prateroeteraadlrune

153 2606 278 2666 scopum
291 2596 421 2664 spectare
429 2583 536 2645 debere
544 2580 756 2642 intelleximus.
764 2580 794 2642 Is
809 2595 911 2642 autem
924 2581 964 2643 ab
975 2581 1062 2644 nobis
1072 2582 1178 2664 attingi
1190 2602 1252 2642 non
1262 2593 1390 2663 poterat,
1400 2582 1464 2644 uisi
1477 2581 1586 2645 sedulo
1605 2582 1672 2644 inre·

153 2683 267 2761 stigatis
283 2682 498 2742 sententiarum
510 2680 649 2738 omnium
663 2676 783 2738 sedibus
799 2678 830 2736 in
841 2678 910 2757 ipsis
923 2679 1039 2759 scriptis
1057 2678 1260 2761 chrysostomi
1272 2697 1280 2733 =
1294 2676 1373 2738 nihil
1385 2678 1471 2739 eninr
1483 2678 1673 2760 proliciebstar
1712 2756 1714 2761 Ι

153 2776 301 2856 ejusmodi
312 2776 493 2837 indicatione
502 2774 653 2849 codicum,
664 2775 711 2831 Ex
723 2776 836 2834 Hamil.
852 2775 1013 2857 inEplres.,
1025 2778 1073 2836 Es
1081 2780 1194 2841 Comm.
1206 2781 1236 2836 in
1246 2778 1366 2850 Mettis,
1375 2777 1503 2858 qualem
1512 2778 1573 2841 lere
1581 2778 1673 2859 ultique
1711 2764 1714 2825 l

154 2871 346 2953 reliquerunt
359 2868 555 2931 Benedictini.
574 2870 675 2950 Quare
688 2869 870 2934 fastidiosam
886 2893 1053 2937 erumnam
1070 2874 1177 2940 breves
1190 2874 1270 2937 locos
1285 2875 1316 2936 in
1332 2876 1438 2957 magni
1449 2876 1674 2957 ambitusoptti-

155 2970 214 3043 bus
227 2965 483 3047 deprehendendi,
495 2966 544 3028 cui
560 2964 689 3028 Sarilius
701 2979 817 3027 cratem
832 2973 972 3052 integram
983 2972 1173 3056 asserendam
1182 2992 1245 3033 esse
1256 2970 1406 3047 censebat,
1416 2993 1475 3034 nos
1488 2972 1608 3034 tandem
1616 2970 1674 3033 ab·

157 3067 290 3140 ivimus,
305 3066 336 3124 in
352 3064 407 3125 hac
421 3083 510 3144 opera
524 3076 617 3124 totam
633 3063 693 3123 lere
706 3061 817 3125 horum
832 3064 1063 3148 Florilegiorum
1083 3068 1243 3131 utilitatem
1254 3067 1385 3129 velutin
1401 3067 1528 3130 cardine
1539 3069 1609 3130 verti
1625 3087 1675 3128 rer·

157 3175 273 3224 nentes.
291 3161 388 3242 Atque
402 3182 439 3222 eo
453 3161 647 3240 pervenimus
657 3158 767 3222 laboris
781 3162 875 3223 nostri
887 3165 1066 3244 pertinacia,
1078 3180 1114 3227 ut
1125 3166 1156 3224 in
1169 3163 1325 3227 nonnullis
1336 3163 1481 3229 llomiliis
1496 3164 1585 3247 plane
1594 3162 1674 3227 orauit

157 3260 219 3336 jam
234 3261 294 3320 sint
309 3260 493 3338 investigata,
508 3257 540 3315 in
555 3257 619 3317 aliis
630 3277 697 3334 pars
707 3255 795 3339 longe
806 3261 956 3337 maxima,
970 3263 1002 3322 in
1019 3261 1124 3323 multis
1137 3274 1236 3323 autem
1248 3262 1390 3343 pauciora
1400 3261 1537 3324 inventis
1548 3260 1673 3342 supersint

157 3353 318 3434 quaerenda
331 3379 339 3414 :
363 3353 414 3415 sed
436 3351 609 3414 carebamus
623 3352 825 3416 instrumento
837 3356 921 3436 quod
932 3360 1128 3421 scrutationes
1139 3371 1255 3421 nostras
1268 3358 1419 3438 imprimis
1431 3370 1497 3420 erat
1509 3356 1672 3439 adjutum.

156 3456 182 3515 si
190 3457 252 3535 jam
266 3466 332 3513 tum
341 3451 515 3524 exstitisset,
528 3451 658 3512 indicem
669 3451 795 3515 dicimus
804 3451 903 3514 multo
911 3457 1116 3535 copiosiorem,
1126 3476 1217 3536 quem
1228 3467 1296 3516 tum
1305 3455 1513 3516 cummaxime
1521 3451 1672 3535 colligebant

159 3550 255 3611 Rcrr.
265 3548 448 3610 Benedictini
459 3547 666 3610 Solesmenses.
679 3548 777 3629 Atque
785 3551 883 3611 multo
895 3549 984 3629 plura
994 3553 1025 3611 in
1033 3551 1237 3633 chrysostomi
1248 3550 1388 3632 operibus
1399 3550 1557 3613 ernendari
1565 3566 1670 3632 ponet

159 3644 206 3706 his
217 3644 242 3705 F
245 3645 384 3724 lorilegiis
398 3665 490 3724 quam
503 3665 636 3723 quorum
649 3643 891 3706 emendationem
904 3645 974 3707 inde
987 3646 1075 3708 duxit
1088 3646 1230 3725 Servilius,
1244 3646 1465 3710 declaravimus
1487 3644 1670 3730 speeirninibut

159 3740 277 3820 aliquot
312 3742 344 3800 in
372 3742 567 3801 annotatione
591 3741 711 3819 positis;
740 3762 811 3801 nam
824 3740 913 3821 plura
927 3740 1080 3805 noluimus
1098 3746 1128 3804 in
1143 3765 1175 3804 re
1195 3765 1260 3805 sera
1278 3756 1308 3805 et
1328 3763 1396 3824 quse
1408 3764 1467 3806 suo
1479 3742 1548 3806 loco
1565 3739 1669 3824 janam?
1704 3771 1708 3774 ·

161 3857 222 3894 nnn
234 3848 358 3912 poterat.
370 3833 487 3894 Deinde
501 3834 577 3894 illud
587 3834 773 3898 confidenter
790 3834 986 3914 affirmamus,
1002 3839 1033 3898 in
1049 3851 1110 3901 tota
1124 3839 1271 3920 farragine
1284 3859 1324 3900 ne
1338 3859 1439 3900 unum
1460 3839 1585 3920 quidem
1592 3836 1669 3899 loeus

160 3952 196 3990 ex
208 3929 363 4009 deperdito
382 3930 492 4009 scripto
512 3933 645 4009 genuino
659 3929 860 4015 chrysostomi
875 3949 1009 3997 exstaret
1022 3938 1105 3999 unde
1119 3936 1176 3999 hoc
1187 3939 1292 4000 conlici
1304 3959 1391 4019 posse
1403 3936 1545 4015 videtur,
1555 3938 1666 4020 paucio!
1707 3969 1708 3974 ¹

161 4024 366 4106 chrysostomi
387 4046 480 4106 quam
499 4024 591 4106 vulgo
605 4040 731 4105 putatur
744 4032 888 4092 interiisse
901 4030 951 4112 ff),
965 4034 989 4093 si
1008 4032 1140 4095 discedas
1165 4033 1204 4095 ab
1217 4035 1334 4113 jactura
1348 4035 1483 4096 niaxima
1496 4056 1588 4116 quam
1604 4031 1667 4093 cas-

162 4123 326 4181 mentarius
338 4123 367 4179 in
381 4120 515 4182 Psalmos
525 4121 593 4182 lecit
605 4144 612 4179 ε
626 4144 659 4183 ea
672 4135 775 4184 autem
795 4124 842 4185 vel
867 4139 986 4188 mature
996 4127 1163 4192 admodum
1177 4131 1252 4193 lacta
1263 4143 1324 4209 est,
1338 4152 1402 4192 non
1422 4130 1526 4194 solum
1537 4144 1603 4193 ante
1613 4126 1667 4189 Pht·

161 4218 265 4292 tium,
304 4215 354 4277 scd
377 4230 446 4277 ante
470 4217 652 4279 catenarum
677 4221 927 4298 concinnatores,
948 4224 1099 4304 siquidem
1123 4248 1225 4289 resera
1247 4227 1324 4289 lacta
1347 4240 1415 4301 est;
1436 4249 1511 4288 nam
1534 4218 1666 4289 teniustult

160 4326 232 4374 sunt
259 4326 437 4392 argumenta
462 4315 573 4394 quibus
593 4315 828 4382 lilontlauconus
855 4321 1056 4403 chrysostomi
1079 4323 1337 4388 commentarium
1365 4328 1397 4386 in
1423 4326 1601 4389 Psalterium
1626 4320 1666 4385 ¹¹⁶.

163 4432 276 4471 versum
289 4413 431 4473 exstitisse
450 4413 614 4474 contendit.
640 4415 756 4478 Rursus
770 4421 842 4500 quia
860 4442 1010 4500 perpauca
1023 4443 1059 4482 ex
1078 4420 1194 4504 Spuriis
1218 4421 1355 4484 dubiisve
1374 4435 1517 4503 excerpta
1537 4422 1665 4505 leguntur,

162 4508 304 4586 leguntur
315 4521 415 4569 tamen
428 4509 539 4589 aliqua,
555 4525 677 4591 apparet
690 4512 745 4577 hos
760 4514 908 4598 florilegus
922 4540 982 4579 nou
998 4520 1066 4581 crisi
1089 4519 1220 4600 quadam
1235 4540 1305 4581 usos
1327 4540 1389 4582 esse
1409 4520 1442 4580 in
1465 4517 1624 4601 expiland'u
1634 4532 1667 4596 yt-

162 4604 264 4663 nuinis
282 4603 484 4684 Chrysostomi
499 4617 528 4665 et
541 4608 707 4686 rejiciendis
730 4614 849 4691 spuriis,
876 4613 928 4675 sed
944 4615 1044 4694 spuria
1058 4615 1110 4677 illa
1133 4616 1239 4694 majori
1256 4637 1292 4676 ex
1309 4627 1393 4696 parte
1410 4629 1478 4696 post
1497 4615 1668 4697 florilegum!

162 4713 279 4760 aetatem
304 4701 352 4762 vel
375 4704 526 4765 emersisse
541 4707 687 4783 primum,
715 4709 765 4768 vel
787 4723 850 4771 tam
866 4710 994 4774 honesto
1009 4715 1134 4774 nostrinc
1158 4712 1197 4773 ab
1221 4712 1375 4793 lucripetis
1402 4714 1547 4793 inscripta
1568 4700 1670 4774 esest

162 4796 352 4859 hlattlraeium
366 4798 523 4876 adjicimus
537 4800 682 4863 Homilias
705 4806 863 4868 Vaticanas
877 4828 999 4889 prorsus
1019 4808 1139 4870 latuisse
1162 4806 1393 4888 Florilegiorurn
1417 4808 1591 4888 scriptores,
1613 4795 1670 4885 qul

201 5058 234 5123 (⁸)
247 5053 389 5107 Suutssne
399 5073 458 5126 quae
472 5076 487 5108 a
502 5057 694 5112 hlontlaueono
709 5060 909 5135 desiderentur,
930 5083 960 5118 ac
973 5067 1059 5120 multo
1072 5068 1148 5138 plura
1159 5087 1174 5121 a
1186 5067 1314 5141 Stiltingo
1328 5090 1335 5121 ·.
1350 5085 1442 5141 neque
1457 5067 1575 5122 dubium
1585 5058 1674 5133 estqt'!

165 5140 266 5196 habim
280 5139 383 5195 suerint
394 5142 529 5196 orationes
542 5143 592 5199 illae
610 5162 713 5215 omncs,
734 5167 852 5220 quarum
865 5151 969 5206 mentio
983 5160 1070 5206 exstat
1089 5152 1117 5205 in
1130 5151 1238 5222 scriptis
1250 5150 1499 5224 Chryssutomicis:
1515 5160 1545 5204 at
1561 5150 1610 5205 hoc
1623 5158 1674 5219 a*

164 5227 291 5292 rendum,
312 5229 450 5298 scr-spaerae
461 5227 561 5283 luerint
581 5241 608 5285 et
623 5232 814 5291 enimomnes.
827 5239 868 5291 Ae
881 5256 928 5311 pcr
937 5255 966 5293 se
978 5237 1091 5311 quidem
1104 5254 1159 5293 non
1169 5236 1292 5294 ridemus
1305 5237 1375 5312 quid
1386 5237 1477 5294 obstet
1488 5236 1676 5311 quominus*

163 5332 255 5368 mones
267 5316 364 5370 urrrltos
373 5315 559 5389 clnysostomi
573 5335 626 5373 non
640 5339 768 5394 umquam
782 5323 866 5380 literis
875 5325 1013 5381 mandatos
1026 5345 1081 5382 csse
1093 5326 1244 5382 credamus.
