3714 5970
535 416 625 501 illihic
651 417 784 465 Pillhfllhf
810 418 1010 469 snoutttst.
1475 426 1540 499 127

125 534 155 595 bs
166 534 320 617 percipitur
334 554 371 595 ex
383 536 418 596 iis
430 556 492 616 quae
505 537 636 600 Sermone
649 539 738 621 primo
793 543 957 604 rusticorum
974 542 1110 603 nationem
1127 541 1156 602 iu
1170 541 1267 603 urbem
1282 542 1430 624 ingressam
1444 565 1536 607 oerne-

137 645 230 692 nutat
248 630 470 714 Chrysostomus.
490 636 572 696 rVos
590 634 662 695 enim
683 636 739 696 for·
790 653 891 705 munus,
907 634 957 694 bos
970 633 1019 695 illo
1031 655 1047 695 a
1061 634 1142 695 nohis
1155 634 1300 696 instructos
1316 635 1416 698 viatico
1430 639 1535 699 censui·

125 725 197 805 quit,
207 745 320 785 aeorum
335 726 414 786 obliti
424 727 497 801 estis,
510 728 623 806 eoquod
638 729 738 789 multos
789 744 851 784 utus
860 723 1072 785 dimittendos.»

125 840 258 894 annones,
273 832 300 878 et
319 818 355 878 de
372 818 434 879 aliis
448 821 530 880 rebus
543 841 592 880 nos
609 821 738 881 habueri·
830 816 932 877 Eadem
951 838 1031 899 porro
1049 817 1119 898 ipsa,
1135 816 1241 897 quade
1259 831 1413 899 martyrum
1426 819 1531 881 festivi-

125 930 262 972 nrevemo
275 932 295 970 a·
303 910 453 991 longinqua
464 913 679 994 peregrinatione
688 915 737 973 Pa·
791 909 891 969 tatibus
901 910 1013 971 bomilia
1027 910 1115 991 prima
1127 907 1162 969 de
1173 912 1250 968 huna
1260 910 1356 986 refert,
1369 910 1398 971 in
1411 910 1532 972 Humilia

125 1021 152 1077 t,
163 1001 347 1062 necaemrium
364 1002 417 1062 fuit
431 1004 521 1063 omnia
538 1024 736 1064 commemora·
787 1024 894 1082 quoque
912 1003 941 1063 in
954 1004 1097 1064 Dominica
1116 1008 1165 1077 τῆς
1184 1003 1381 1081 ἔπισωζομένης
1399 1019 1529 1079 recenset,

125 1092 308 1154 incomitata
326 1093 546 1157 acciderantsae
559 1094 658 1156 deinde
672 1118 735 1157 cum
785 1097 835 1156 etsi
853 1096 967 1178 paulum
979 1096 1088 1160 diverso
1107 1094 1237 1157 narrandi
1259 1095 1357 1172 modo,
1374 1110 1529 1178 martyrum

125 1183 345 1267 tdisputare,ut
358 1186 447 1250 bosri
458 1187 618 1248 calamitatis
629 1188 664 1248 ad
678 1210 735 1249 me·
784 1210 880 1271 nempe
899 1190 1081 1250 solemnitates
1097 1188 1192 1249 multis
1209 1186 1307 1249 diebus
1324 1188 1485 1264 celebratas,
1503 1204 1530 1251 et

125 1298 201 1360 egen
220 1293 374 1349 revocatos,
388 1279 452 1358 qui,
465 1280 570 1340 deserto
590 1279 733 1360 gentilium
784 1285 948 1344 rusticorum
978 1283 1143 1356 aduentum,
1174 1280 1275 1361 quibus
1303 1281 1351 1341 ille
1382 1281 1529 1343 conciona-

125 1369 207 1431 aead
220 1391 271 1430 nos
285 1370 466 1443 contuderunt,
480 1392 530 1454 pro
546 1371 621 1432 virili
633 1373 732 1432 confir·
785 1389 829 1436 tus
847 1391 895 1436 est.
913 1378 1019 1438 Verum
1036 1375 1082 1435 hie
1099 1375 1138 1434 ait
1158 1373 1268 1445 illese,
1285 1370 1353 1435 dutu
1374 1389 1527 1456 martyrum

125 1460 487 1541 ,acdoomemus,quantis
497 1464 615 1525 tenebris
629 1465 732 1526 libera-
783 1470 850 1529 festa
875 1469 1086 1542 celebrarentur,
1107 1467 1265 1527 infirmitate
1287 1466 1426 1527 detentum
1450 1467 1528 1531 domi

125 1566 194 1615 ttam
210 1554 334 1615 rentatis
353 1554 442 1615 locem
461 1556 649 1619 accturissent.
668 1558 733 1618 Post
784 1562 924 1633 mansisse,
945 1581 1031 1640 neque
1054 1574 1206 1640 martyrum
1227 1559 1420 1621 festivitatibus
1441 1561 1528 1624 inter·

125 1666 163 1707 tat
180 1647 276 1707 multis
293 1646 393 1707 diebus
412 1662 567 1730 martyrum
586 1650 733 1711 festivitate
783 1653 874 1716 fuisse.
890 1652 970 1714 Unde
985 1653 1065 1713 infert
1075 1649 1268 1711 Tillemontius
1278 1649 1348 1711 duas
1359 1651 1525 1713 fuissemar·

125 1758 178 1799 nus
198 1761 206 1796 s
220 1759 309 1817 neque
327 1740 443 1820 tempori
461 1741 622 1801 couveniens
635 1741 731 1802 fuisset
783 1759 876 1826 tyrum
891 1745 1050 1807 festivitates
1063 1768 1070 1802 ε
1082 1759 1109 1805 et
1125 1758 1267 1822 utramque
1277 1742 1358 1822 longa
1370 1743 1528 1806 serieduos·

165 1831 299 1914 sepulcris
313 1847 467 1914 martyrum
485 1847 673 1910 versarentur,
686 1856 732 1896 es-
782 1859 835 1916 que
853 1838 1018 1898 rusticorum
1034 1836 1182 1909 adventus;
1196 1848 1276 1912 atque
1295 1856 1418 1896 sermone
1435 1835 1525 1918 primo

125 1928 178 1985 hum
198 1946 261 2004 quae
278 1925 448 2007 martyribus
460 1924 595 1987 debentur
611 1940 731 1988 exsortes
782 1929 816 1989 de
832 1936 921 2004 Anna,
933 1928 969 1990 de
989 1929 1023 1989 iis
1041 1941 1195 2008 martyrum
1212 1926 1416 2004 festivitatibus,
1435 1927 1525 2008 deque

125 2016 284 2080 ‚Successit
301 2018 346 2078 his
363 2018 401 2079 ad
418 2019 611 2080 abstinendum
624 2042 640 2080 a
652 2021 731 2101 jura-
782 2023 946 2083 rusticorum
961 2020 1093 2096 adventu,
1106 2040 1168 2099 qum
1184 2018 1214 2079 iu
1232 2017 1447 2079 hebdomadibus
1463 2033 1524 2100 post

125 2108 345 2170 darentiacum
367 2109 441 2170 euim
460 2124 543 2170 totam
564 2111 730 2172 rusticorum
782 2116 884 2176 Pascha
900 2113 1058 2176 acciderunt
1072 2136 1079 2170 :
1093 2113 1122 2172 iu
1143 2110 1255 2170 humilia
1275 2124 1365 2170 autem
1384 2110 1476 2171 habita
1495 2112 1524 2172 in

125 2200 157 2263 in
166 2202 265 2262 urbem
275 2201 423 2282 ingressam
440 2224 618 2274 cerneremus,
630 2203 681 2265 bos
693 2205 730 2265 il·
781 2208 924 2268 Dominiea
934 2211 982 2280 τῆς
993 2203 1190 2283 immodestius<
1200 2202 1236 2261 de
1248 2216 1399 2282 martyrum
1413 2204 1488 2265 festis
1497 2218 1525 2265 et

125 2292 296 2355 tinstructos
306 2295 407 2356 viatico
420 2297 575 2357 censuimus
586 2296 727 2358 dimitten·
781 2299 817 2360 de
832 2301 995 2361 rusticorum
1005 2297 1128 2358 aduentu
1138 2296 1195 2375 agi,
1206 2294 1254 2374 qui
1264 2294 1293 2355 iu
1308 2296 1523 2376 Quadragesima

781 2393 961 2473 contigerunt.
976 2392 1037 2453 Non
1061 2387 1278 2449 animadvertens
1296 2388 1523 2469 Chrysostomum

125 2500 198 2557 ηρ
211 2479 316 2560 inquit,
329 2500 388 2539 «ex
401 2477 549 2558 longinqua
567 2480 727 2560 peregriua·
781 2485 870 2544 dicere
884 2488 912 2545 iu
927 2483 1021 2544 eadem
1035 2481 1160 2558 bomilia,
1173 2479 1270 2541 ducem
1286 2480 1407 2540 omnium
1420 2481 1523 2543 scilicet

125 2592 146 2633 e
156 2585 264 2645 nostro,
278 2570 459 2630 necessarium
472 2570 524 2629 fuit
539 2572 630 2630 omnia
650 2591 726 2632 com·
781 2577 956 2648 Flavianum,
971 2573 1089 2643 imbisce
1103 2593 1150 2653 per
1166 2570 1262 2630 urbem
1279 2570 1348 2631 actis
1367 2585 1519 2653 martyrum

125 2684 213 2744 gquae
222 2662 251 2721 in
262 2662 399 2722 Comitetu
407 2661 726 2725 acciderant.sfiichaud
779 2662 1523 2748 celebritatibus,populumcircumduxisseeatquiquo·

125 2754 312 2815 rtlfomiliam
323 2754 481 2842 pigesimam
493 2755 609 2834 primam
624 2755 660 2815 ad
674 2758 726 2816 Po·
767 2760 860 2821 'inodo
870 2760 1087 2842 potuittempore
1095 2754 1314 2836 Quadragcsituae
1324 2756 1457 2836 populum
1465 2761 1522 2816 An·

125 2846 283 2909 tioehenum
297 2846 334 2906 Τ.
345 2850 375 2921 2,
389 2868 418 2927 p.
429 2850 489 2907 2¹3
504 2869 511 2902 ι
524 2867 606 2926 quam
618 2847 731 2928 vigesi-·
778 2854 932 2913 tiochenutn
953 2852 1048 2913 multis
1061 2850 1158 2910 diebus
1171 2847 1387 2924 circumducere,
1403 2849 1451 2927 qui
1472 2870 1521 2930 per

125 2940 260 3001 nudant
273 2961 331 3000 esse
344 2939 426 2999 modo
438 2938 615 3017 dicebamus,
628 2941 656 3001 in
670 2962 725 3020 qua
779 2956 865 3003 totum
873 2942 1096 3023 Quadragcsima
1106 2954 1212 3020 tempus
1220 2938 1451 3020 Constantinopoli
1458 2960 1521 3002 ver-

125 3030 211 3091 reditu
222 3031 347 3092 Flaviani
357 3030 489 3112 episcopi,
502 3030 590 3110 deque
604 3033 725 3093 reconci-
778 3050 852 3095 satus
868 3035 925 3095 sit?
936 3035 1024 3095 Miror
1044 3033 1102 3092 baec
1120 3052 1172 3091 nou
1192 3030 1416 3091 animaduertisse
1430 3032 1520 3093 Tille-

125 3122 200 3183 dosii
210 3123 385 3204 Imperatoris
396 3142 460 3181 cum
472 3123 648 3184 Antiochenis
660 3146 730 3205 gra·
779 3127 923 3198 montium,
940 3146 1026 3205 neque
1038 3124 1093 3185 alia
1109 3123 1195 3183 multa
1208 3122 1310 3181 absona
1330 3143 1391 3200 quae
1410 3143 1447 3182 ea
1462 3123 1521 3183 du-

125 3216 215 3279 mnciu
238 3217 266 3276 in
285 3215 331 3276 die
351 3215 490 3275 Paschatis
508 3215 602 3276 habita
623 3219 721 3279 fuerat.
778 3220 842 3302 plici
861 3221 907 3280 illa
920 3220 1048 3279 festorum
1060 3214 1261 3295 serio,duplici
1275 3216 1340 3273 item
1354 3215 1520 3277 rusticorum

125 3310 378 3392 rysostomussshc
389 3307 487 3367 deinde
499 3328 562 3368 cum
576 3310 724 3390 gentilibus
776 3311 894 3370 adventu
908 3309 1088 3388 sequebantur
1100 3305 1262 3387 precepisse.
1279 3311 1373 3383 Neque
1398 3305 1520 3369 diffiteor

128 3400 268 3483 oportuit,
283 3413 315 3459 ut
331 3399 382 3459 hos
394 3399 424 3458 ri
437 3399 602 3460 calamitatis
615 3401 650 3461 ad
664 3423 723 3463 me·
777 3401 882 3480 aliquid
893 3421 1032 3483 superesse
1044 3397 1215 3459 difficultatis
1221 3421 1232 3474 5
1244 3394 1291 3457 sed
1305 3397 1371 3474 quia
1383 3397 1417 3457 iis
1430 3401 1518 3459 omni·

125 3514 200 3575 rgem
218 3507 370 3566 revocatos,
385 3492 446 3572 qui,
460 3491 565 3553 dssemo
579 3494 723 3574 gentilium
776 3497 829 3556 bus
844 3516 904 3574 qua
922 3493 1005 3574 objici
1026 3504 1164 3574 poterant,
1180 3490 1209 3549 in
1226 3488 1283 3549 fine
1296 3489 1465 3551 Praefationis
1481 3488 1519 3552 ad

125 3606 152 3647 te
162 3587 201 3646 ad
213 3585 459 3660 noscuntuleraut,
472 3605 521 3665 pro
536 3585 611 3645 virili
623 3587 725 3647 confir·
777 3600 904 3666 quartum
918 3587 1038 3647 Tomum
1055 3583 1164 3643 abunde
1176 3580 1365 3652 satisfecimus,
1380 3603 1412 3642 eo
1431 3582 1516 3644 leoto-

135 3678 247 3759 quantis
261 3677 379 3738 tenebris
392 3677 501 3738 liberati
514 3677 549 3737 ad
566 3692 667 3739 tanum
682 3679 724 3740 lu·
776 3702 834 3739 rem
849 3679 994 3754 mittimus,
1007 3690 1038 3737 ut
1053 3688 1205 3756 susceptam
1218 3666 1366 3733 historiam
1375 3694 1519 3755 persequa-

125 3770 484 3850 tisaocurrissentsNempe
493 3769 591 3830 diebus
600 3784 662 3851 post
670 3772 723 3831 Pa·
776 3794 848 3835 mur.

125 3863 308 3925 moinum
326 3864 514 3943 sequentibus,
528 3864 641 3943 gentiles
661 3864 723 3924 illos
819 3865 882 3923 Post
901 3861 1004 3922 Pascha
1027 3861 1114 3942 igitur
1138 3859 1250 3939 gentiles
1271 3859 1352 3930 illos,
1376 3858 1424 3937 qui
1448 3858 1517 3920 dum

125 3958 262 4031 estuduit,
273 3958 323 4037 qui
336 3979 372 4018 ex
385 3957 537 4017 calamitate
545 3957 722 4018 Antiochenis
776 3952 947 4014 Theodosios
960 3953 989 4012 iu
1004 3949 1196 4023 Antiocbeuos,
1208 3948 1256 4029 qui
1273 3961 1375 4009 statuas
1392 3968 1456 4008 sitas
1467 3946 1519 4008 de·

125 4050 198 4113 libus
216 4071 299 4129 quam
314 4049 477 4109 Christianis
490 4051 525 4110 oh
542 4071 649 4111 euersas
666 4064 722 4111 sta·
772 4047 909 4127 jecerant,
923 4045 1041 4120 seviret,
1058 4043 1197 4123 majorque
1216 4042 1354 4102 calamitas
1372 4054 1517 4122 exspecta-

125 4164 150 4221 t,
173 4141 210 4202 ad
232 4142 374 4202 meliorem
398 4142 506 4220 frugem
529 4141 665 4219 revocati,
685 4140 721 4203 ad
775 4139 908 4214 retur,ad
920 4137 1102 4197 Christianam
1115 4134 1197 4195 fidem
1209 4146 1387 4209 accesserant,
1399 4133 1517 4213 Chryso·

125 4255 157 4295 m
165 4232 250 4293 fidem
259 4247 426 4293 accesserant
437 4257 444 4290 ε
455 4255 490 4293 an
502 4248 593 4293 autem
605 4255 674 4311 una,
685 4255 720 4294 an
775 4245 878 4292 stomus
893 4231 921 4290 in
935 4243 1057 4309 suscepta
1071 4249 1136 4287 vera
1147 4227 1279 4307 religione
1290 4225 1450 4287 confirmare
1459 4238 1516 4285 stu·

125 4327 289 4389 oncionibus
303 4326 332 4387 id
348 4327 443 4406 egerit,
453 4327 586 4387 incertum
600 4340 639 4395 est
651 4352 660 4402 3
672 4327 720 4387 sed
774 4324 846 4386 duit:
859 4323 958 4384 deinde
968 4343 1032 4382 vero
1042 4319 1223 4381 solemnitates
1234 4331 1385 4398 martyrum
1393 4314 1520 4397 permul-

127 4422 189 4481 sire
200 4421 292 4501 plures
303 4419 443 4494 habuerit,
458 4421 548 4481 omnia
562 4422 716 4481 amisimus.
775 4432 816 4477 tos
834 4416 893 4476 dies
908 4416 936 4475 in
955 4414 1037 4476 variis
1057 4412 1134 4471 urbis
1153 4410 1280 4492 partibus
1293 4408 1432 4468 celebrata
1445 4421 1518 4484 sunt,

125 4514 301 4595 ncjacturam
311 4526 457 4589 utcumque
467 4514 550 4573 sarcit
558 4514 719 4594 Chrysosto·
774 4512 795 4570 F
796 4510 905 4569 laviano
919 4507 1045 4588 episcopo
1058 4503 1191 4589 populum
1204 4501 1435 4578 circumducente,
1449 4501 1517 4561 dum

125 4630 145 4669 a
156 4630 219 4688 quse
229 4608 267 4668 nd
276 4608 390 4687 gentiles
403 4607 512 4668 dixeras
525 4609 553 4668 in
565 4609 617 4669 hac
628 4609 717 4668 homi.
774 4603 883 4662 interim
892 4601 1103 4680 chrysostomus
1120 4595 1216 4655 morbo
1229 4594 1353 4655 detentus
1361 4593 1436 4654 domi
1448 4615 1515 4665 con·

125 4702 183 4763 ucis
201 4701 292 4761 verbis
307 4701 413 4781 repetit.
432 4701 580 4781 subjungit
601 4723 666 4761 vero
686 4704 717 4763 S.
773 4696 889 4771 sisteret,
903 4692 951 4753 sed
964 4705 1052 4751 mente
1064 4704 1091 4750 et
1106 4691 1197 4781 animo
1211 4710 1274 4749 cum
1289 4687 1368 4770 plebe
1378 4687 1413 4747 ad
1424 4688 1515 4748 officia

125 4812 187 4853 iac:
202 4815 218 4848 e
229 4795 292 4853 Post
312 4792 360 4851 illa
381 4813 491 4851 rursum
511 4793 606 4853 multis
619 4794 717 4854 diebus
773 4786 940 4867 martyribus
956 4781 1091 4844 reddenda
1105 4795 1269 4858 accurreret3
1284 4781 1449 4858 demumque
1461 4779 1515 4839 ad·

135 4883 283 4945 festivitate
292 4883 372 4965 potiti
382 4904 495 4958 sumus,
504 4905 590 4963 neque
601 4886 717 4966 tempori
773 4877 945 4941 vertentibus
963 4874 1099 4936 rusticise
1113 4874 1201 4935 vicina
1216 4874 1319 4934 circum
1333 4872 1441 4952 regione
1451 4873 1514 4932 Do·

125 4976 238 5037 sinisset
255 4977 368 5056 eos,qui
378 4978 406 5036 in
416 4978 546 5058 sepulcris
565 4992 717 5061 martyrum
773 4973 872 5035 mirica
887 4985 949 5031 ante
963 4968 1165 5039 ascensionem,
1179 4988 1241 5046 qum
1254 4963 1457 5044 ἐπισωζομένης
1473 4964 1516 5024 in·

125 5090 261 5144 ·r,earum
276 5069 464 5148 laudumque
478 5070 645 5152 martyribus
666 5071 717 5131 de·
773 5065 918 5136 scribitur,
939 5061 1095 5124 concionem
1117 5057 1224 5133 habuit,
1245 5058 1291 5117 ubi
1315 5070 1458 5138 postquam
1478 5055 1515 5116 de

125 5178 205 5226 tortes
219 5162 367 5225 discedere.
382 5163 517 5225 Successit
529 5164 575 5224 his
588 5164 624 5226 ad
636 5165 720 5226 absti·
773 5157 882 5220 rusticis
905 5155 952 5237 qui
975 5166 1119 5237 presentes
1139 5163 1229 5225 eraut,
1249 5171 1301 5211 nou
1324 5168 1410 5231 pauca
1437 5147 1517 5209 dixe·

125 5255 283 5336 juramentis
293 5255 442 5316 cohortatio
457 5275 539 5319 :cum
550 5255 623 5318 enim
634 5271 717 5317 totam
775 5267 828 5330 rat,
841 5265 932 5313 eontra
943 5250 1094 5330 juramenta
1110 5266 1159 5326 pro
1174 5262 1311 5305 moresne
1325 5241 1515 5343 loquutusest.
