3714 5970
499 541 530 586 tn
561 539 721 589 ornamus
748 539 985 590 euersosront
1012 542 1269 589 onsnavanrun.
1537 521 1606 593 225

125 684 170 725 um
190 663 317 724 iisetiam
328 663 444 724 Paulum
462 664 667 726 samosatenum
683 685 813 724 anuume·
863 667 951 735 οὐσίας
972 665 1057 727 fixos
1081 668 1128 741 τὴν
1154 672 1181 729 is
1210 677 1265 738 τοῖς
1287 668 1439 749 προσώποις
1462 671 1606 751 διαφοράν,
1645 680 1648 687 ’

128 756 178 838 qui
190 756 384 818 resurrectioni
394 778 448 817 non
463 757 617 821 credebant.
861 761 960 816 Instat
973 758 1068 819 Arius
1084 762 1115 818 in
1137 762 1334 820 diversitatem
1349 764 1523 822 substantie
1542 784 1607 844 per-

125 849 811 932 elchiscdecitarumquoquehaeresisvigebatChry·
861 871 1001 911 sonarum
1018 853 1236 912 distinctionem
1256 855 1383 915 trahens.
1406 853 1519 914 Dicebat
1536 855 1608 914 enim

125 941 168 1002 nri
186 964 265 1018 aevo,
284 964 351 1022 quos
368 943 624 1004 Melchisedecianos
644 958 724 1004 vocat
743 943 810 1025 Epi·
862 942 914 1002 Dei
932 943 1057 1004 Verbum
1076 965 1129 1006 non
1150 966 1255 1027 semper
1272 946 1373 1023 fuisse,
1394 946 1441 1007 sed
1465 968 1497 1006 ex
1523 949 1609 1007 nihilo

125 1034 187 1095 nne.
198 1036 235 1095 Hi
247 1035 374 1097 dicebant
389 1036 617 1097 Melchisedecnm
633 1037 743 1098 christo
753 1059 811 1097 ma·
861 1033 964 1095 factum
973 1049 999 1095 et
1009 1051 1145 1107 creatum,
1154 1057 1208 1099 non
1217 1051 1362 1114 aternum,
1371 1060 1428 1101 non
1439 1040 1512 1101 Patri
1521 1041 1610 1101 simile

125 1150 142 1189 n
161 1151 231 1190 csse.
255 1129 311 1190 Alii
331 1151 425 1191 rursus
438 1130 564 1190 dicebant
583 1129 810 1209 Melchisedecum
861 1126 1013 1188 secundum
1035 1129 1233 1213 substantiam,
1252 1150 1337 1210 neque
1353 1153 1447 1191 verum
1466 1132 1516 1192 Dei
1537 1131 1609 1193 Ver-

125 1219 265 1305 Spiritum
289 1236 428 1295 sanctum,
450 1222 528 1302 cujus
551 1221 651 1281 erroris
672 1236 810 1281 auctorem
861 1223 951 1300 bum,
973 1239 1020 1284 aut
1043 1225 1225 1306 sapientiam,
1255 1225 1304 1286 sed
1327 1231 1549 1309 καταχρηστικῶς
1572 1228 1609 1287 ita

125 1335 201 1375 eoem
215 1314 319 1395 profert
337 1314 523 1397 Epiphanius.
547 1315 606 1375 Hoc
625 1328 716 1374 autem
729 1336 811 1396 argu·
863 1316 955 1376 vocari
966 1339 973 1374 ε
983 1338 1041 1377 esse
1051 1331 1145 1377 natura
1156 1317 1301 1394 mutabile,
1312 1338 1398 1397 neque
1406 1339 1483 1379 nosse
1493 1319 1609 1391 Patrem,

125 1420 180 1465 mm
193 1404 360 1488 objiciebant
378 1407 632 1485 Melchisedeciani3
653 1409 680 1467 in
690 1406 811 1489 ,Psalmis
862 1408 918 1468 imo
929 1430 962 1469 ne
972 1431 1049 1470 suam
1059 1409 1170 1489 quidem
1183 1411 1268 1491 ipsius
1281 1402 1407 1471 naturam
1421 1435 1428 1468 :
1442 1424 1552 1492 propter
1560 1432 1610 1471 nos

125 1497 216 1561 bristo
229 1498 333 1560 dicitur
348 1524 355 1557 :
369 1502 414 1560 Tu
429 1521 459 1560 es
473 1502 610 1562 sacerdos
626 1504 659 1559 in
670 1514 811 1560 oetmnum
863 1501 963 1561 factum
976 1502 1072 1578 fuisse,
1083 1516 1114 1563 ut
1127 1503 1176 1562 illo
1190 1524 1238 1564 ceu
1254 1503 1433 1563 instrumento
1447 1525 1495 1564 nos
1506 1503 1608 1563 coude-

125 1590 219 1651 ndum
239 1592 371 1651 ordinem
382 1592 580 1653 Melchisedec
600 1617 609 1652 ε
626 1592 701 1652 unde
715 1591 812 1653 infere-
863 1607 904 1653 ret
916 1595 1006 1672 Deus;
1022 1616 1107 1674 neque
1127 1594 1276 1657 creandum
1294 1596 1391 1673 fuisse,
1408 1596 1461 1657 nisi
1474 1618 1523 1658 nos
1535 1598 1611 1656 Deus

129 1702 199 1743 enm
211 1683 261 1762 qui
276 1684 305 1743 in
315 1682 412 1743 ordine
424 1683 617 1744 hlelchisedeci
631 1698 718 1761 esset,
734 1684 812 1744 ordi·
864 1686 977 1749 condere
989 1689 1128 1751 voluisset.

125 1774 199 1857 apiti
217 1789 246 1835 et
264 1776 382 1857 principi
404 1775 557 1836 inferiorem
570 1798 636 1837 esse.
658 1776 813 1859 Respondet
902 1780 979 1840 Hanc
990 1801 1072 1862 porro
1085 1780 1243 1841 sententiam
1261 1782 1337 1861 quasi
1352 1779 1387 1840 ab
1399 1780 1463 1841 Ario
1477 1782 1610 1865 prolatam

125 1885 268 1931 sostomus
300 1870 530 1931 Melchisedecum
557 1873 672 1952 figuram
707 1886 811 1932 tantum
865 1873 945 1934 refert
956 1873 1166 1954 chrysostomus
1182 1897 1189 1931 t
1204 1876 1252 1934 οὐκ
1265 1874 1380 1947 ἠδύνατο
1397 1879 1411 1935 ὁ
1431 1875 1500 1945 Orbe
1513 1878 1610 1956 γεννῶν
1653 1874 1681 1919 Τ·
1695 1885 1762 1935 Ηψ

125 1982 137 2023 e
156 1962 283 2038 Christi,
298 1976 325 2022 et
341 1984 404 2023 cum
418 1985 516 2045 panem
533 1976 560 2023 et
579 1964 674 2024 vinum
690 1964 808 2039 obtulit,
864 1969 989 2045 γεννῆσαι
1008 1968 1131 2040 ἀπαθῶς,
1148 1968 1217 2026 Νοπ
1235 1979 1351 2048 poteret
1371 1968 1454 2027 Deus
1468 1989 1611 2051 generans
1624 1936 1706 2000 ¹⁷⁶'⁸'

125 2052 811 2137 liciumaChristoofferendumprenuntiasse5ac
863 2078 1001 2139 generare
1025 2059 1235 2138 impatibiliter.
1260 2058 1435 2139 ideoquene
1458 2060 1609 2139 passionem

128 2147 419 2229 apostolusdicat,1n
429 2152 547 2208 nomine
556 2150 629 2210 lesu
640 2171 809 2231 omnegenu
863 2149 1008 2230 quamdam
1022 2150 1049 2210 in
1064 2152 1122 2210 Deo
1139 2150 1306 2226 admitteret,
1326 2150 1436 2212 dicebat
1455 2154 1578 2216 Verbum
1594 2176 1610 2213 a

125 2252 216 2316 etur,
239 2241 306 2301 hinc
326 2240 455 2320 consequi
476 2243 559 2303 etiam
583 2243 811 2304 Melchisedecum
863 2244 921 2304 Deo
934 2236 1202 2323 noo·genitum,sed
1216 2244 1315 2305 factum
1328 2259 1502 2326 creatumque
1515 2246 1609 2308 fuism

125 2332 812 2396 attuisaeantechrisrun.Dentetehisedeeianis
866 2359 881 2390 e
897 2336 981 2396 Arius
994 2336 1098 2397 Filium
1118 2334 1228 2416 quidem
1247 2336 1362 2412 fatetur,
1376 2336 1424 2397 sed
1439 2351 1543 2399 tanturn
1557 2359 1611 2398 no-
1644 2338 1762 2431 'istho-

125 2424 208 2486 etiam
220 2424 410 2487 Theodoretus
422 2426 618 2487 Haereticarum
630 2427 746 2489 fabull.
759 2423 811 2503 ll,
864 2429 939 2488 mine
954 2453 961 2486 ε
976 2442 1129 2489 creaturam
1141 2429 1214 2489 enim
1227 2449 1284 2489 esse
1303 2428 1372 2491 dicit
1389 2443 1415 2489 et
1431 2430 1513 2490 Patre
1532 2402 1678 2511 longe²³⁴'
1692 2403 1716 2448 ‘¹'

125 2538 174 2579 tan.
189 2520 375 2580 Damascenus
390 2519 493 2579 Haeresi
503 2520 553 2581 55.
567 2519 658 2582 Judaei
668 2520 813 2581 verodice·
864 2520 1007 2582 minorem.
1023 2546 1037 2578 ν

125 2610 368 2671 thfelchisedecum
380 2633 416 2671 ex
425 2612 603 2673 fornicatione
615 2627 708 2673 natum
718 2613 809 2685 fuisse,
905 2613 987 2674 Atius
996 2636 1061 2675 vero
1069 2629 1095 2676 et
1104 2616 1164 2696 ejus
1175 2635 1300 2694 sequaces
1311 2615 1417 2676 Filium
1427 2637 1485 2677 rem
1495 2631 1611 2678 creatam

125 2722 180 2783 tque
199 2703 260 2763 sine
280 2702 437 2785 genealogia
454 2725 528 2782 esse,
542 2705 617 2785 quod
634 2707 715 2766 etiam
734 2707 814 2766 refert
865 2721 893 2767 et
901 2706 1062 2768 dissimilem
1071 2729 1128 2767 esse
1138 2706 1211 2766 Patri
1222 2700 1425 2787 profitebantur
1431 2731 1438 2765 r
1451 2707 1515 2788 quia
1524 2723 1612 2769 tanen

125 2794 245 2877 phaoius.
266 2797 411 2871 «Quibus
431 2819 479 2859 nos
500 2798 643 2876 dicemus,
667 2799 741 2879 quod
760 2799 812 2882 ipsi
865 2816 927 2883 post
943 2815 1067 2862 exortum
1087 2823 1169 2861 suum
1186 2822 1202 2859 a
1220 2800 1370 2862 Catholicis
1391 2801 1482 2862 acrius
1496 2802 1613 2885 impete-

125 2912 204 2973 μασι
226 2893 377 2972 loquantur
397 2919 406 2955 ε
426 2894 579 2956 Salomonis
596 2895 688 2971 enim,
709 2898 756 2976 qui
777 2918 813 2959 ex
864 2896 980 2971 bantur,
995 2895 1061 2957 inde
1074 2896 1177 2954 factum
1192 2908 1222 2955 ut
1239 2895 1268 2954 in
1282 2893 1346 2956 fidei
1362 2895 1487 2955 formulis
1500 2918 1539 2956 ao
1546 2917 1613 2957 con-

125 2982 191 3045 itere
202 2985 278 3046 Uriae
294 3007 380 3047 uxore
390 3001 469 3048 natus
482 3002 540 3066 est,
554 2988 709 3070 genealogia
724 3003 813 3050 tamen
865 2987 1005 3051 troversiis
1015 2986 1139 3068 quedam
1149 2988 1275 3060 celarent,
1290 2986 1342 3047 alia
1353 2987 1519 3069 mitigarent,
1531 2988 1614 3069 idque

125 3074 186 3138 itur.
205 3078 262 3139 Sed
286 3080 416 3159 quoniam
441 3081 624 3143 Melchisedec
649 3096 735 3163 typus
758 3098 814 3143 erat
865 3081 940 3141 vafre
953 3077 1175 3140 etfraudulenter
1196 3092 1270 3140 metu
1292 3080 1505 3161 impendentium
1521 3083 1616 3142 malo·

125 3168 383 3253 nini,etimaginem
394 3173 497 3234 ferebat
507 3174 625 3249 Christi,
635 3175 812 3254 quemadmo-
865 3192 927 3230 rum
937 3216 945 3247 ,
957 3185 988 3232 ut
1001 3172 1115 3253 paulum
1125 3173 1240 3253 tempori
1249 3171 1433 3232 concederent.
1447 3174 1542 3234 Postea
1549 3195 1614 3235 vero

125 3274 177 3322 net
186 3264 285 3340 Jonas,
301 3264 361 3326 idco
373 3266 513 3348 Scriptura
525 3268 584 3348 ejus
597 3283 699 3349 patrem
710 3270 812 3342 tacuit,
865 3284 928 3323 cum
949 3264 1099 3345 imperante
1122 3265 1294 3341 Constantio,
1310 3286 1365 3323 suae
1391 3280 1469 3325 sectae
1483 3265 1592 3327 addicto
1604 3314 1612 3339 ,

135 3350 215 3416 hillo
234 3370 376 3438 tanquam
397 3359 434 3419 in.
447 3359 565 3440 imagine
586 3360 746 3439 Christum,
764 3363 813 3441 qni
865 3356 968 3435 majore
987 3357 1145 3416 fruerentur
1167 3355 1303 3431 libertate,
1319 3356 1422 3416 Filium
1436 3358 1510 3418 Patri
1528 3358 1614 3420 dissi-

125 3445 200 3507 tesioe
209 3462 284 3530 patre
294 3463 322 3509 et
335 3450 393 3511 sine
404 3451 558 3531 geueilogia
568 3466 619 3528 cst,
629 3453 813 3513 intueamur.»
864 3447 975 3524 milem,
990 3446 1129 3526 deiparae,
1147 3445 1257 3527 publice
1271 3461 1296 3507 et
1314 3447 1341 3505 in
1355 3448 1479 3508 formulis
1494 3448 1558 3509 fidei
1571 3449 1614 3510 di·

129 3532 326 3601 fstharosetiam
335 3540 394 3603 sire
405 3545 493 3604 Poros
504 3564 557 3603 non
567 3545 650 3604 semel
659 3545 811 3626 impugnat,
866 3540 975 3615 cebant,
990 3538 1106 3622 indeque
1118 3541 1234 3615 factum,
1247 3554 1277 3599 ut
1292 3541 1437 3623 'ardentem
1455 3544 1594 3603 Anomoei
1600 3588 1610 3616 ,

125 3626 333 3695 olseCatharos
346 3635 404 3697 sive
421 3657 504 3716 puros
522 3636 661 3714 dicerent,
677 3637 725 3716 qui
739 3639 813 3696 omni
865 3632 1075 3712 appellarentur.
1097 3634 1293 3693 Erant'autem
1314 3654 1411 3714 magno
1426 3650 1614 3717 numero'tum

125 3718 232 3807 tbpleni
244 3742 340 3797 ¹essent
349 3773 358 3803 ,
380 3729 498 3790 necatio
513 3730 813 3811 usquamnomineap-
865 3722 1033 3796 Antiochiae,
1046 3737 1105 3784 tum
1121 3725 1370 3807 Constantinopoli,
1381 3740 1409 3785 et
1419 3727 1541 3806 quotidie
1550 3749 1614 3790 cum

125 3807 165 3877 ht.
181 3816 265 3878 Erant
282 3833 374 3880 antem
395 3820 438 3881 illi
461 3822 625 3897 Novaeiani,
644 3821 681 3883 de
696 3845 813 3903 quorum
865 3815 1013 3876 Catholicis
1024 3815 1206 3879 decertabant.
1223 3819 1340 3905 loannes
1354 3839 1420 3879 vero
1434 3833 1523 3880 noster
1538 3824 1614 3883 mul·

125 3902 173 3985 ltin
182 3909 265 3971 multa
278 3902 380 3992 profert
394 3916 422 3973 in
435 3914 569 3995 Epistolis
584 3915 641 3975 suis
653 3917 686 3980 S.
700 3917 814 3998 Cypria·
865 3920 907 3969 tas
921 3908 1051 3972 adversita
1072 3910 1136 3971 illos
1150 3910 1290 3972 conciones
1308 3910 1425 3986 habuit,
1445 3933 1543 3999 nempe
1557 3919 1612 3976 An-
1622 3921 1651 3967 T·
1667 3936 1686 3966 ι.

125 4015 145 4073 t,
160 4022 187 4062 ac
206 4016 269 4085 post
288 4025 353 4064 eum
375 4005 513 4067 Eusebius
526 4008 663 4089 Pamphili
678 4008 706 4068 in
721 4009 812 4086 Hist,
865 4000 973 4063 tiochite
984 4002 1077 4064 decem
1086 4003 1269 4082 continenter,
1282 4025 1365 4085 quas,
1378 4005 1543 4087 interpositis
1552 4009 1614 4068 aliis

125 4108 229 4175 umque
245 4096 419 4178 Epiphanius
432 4120 463 4159 ac
476 4114 537 4182 past
550 4122 613 4161 eum
625 4101 812 4163 philastrius:
865 4092 968 4154 diversi
991 4096 1163 4175 argumenti,
1185 4095 1285 4177 partim
1308 4116 1379 4157 anno
1405 4099 1484 4175 586,
1513 4102 1614 4181 partim

125 4188 217 4250 edmul
226 4190 318 4251 omnia
328 4213 467 4254 recensere
477 4215 529 4255 non
541 4208 581 4255 est
590 4195 708 4255 instituti
715 4197 811 4256 nostri.
864 4188 974 4247 ineunte
989 4189 1069 4262 set,
1093 4188 1290 4269 pronuntiavit.
1317 4188 1394 4249 Alias
1411 4211 1518 4269 quoque
1536 4193 1613 4259 annis

131 4276 246 4356 istoc,
260 4303 322 4361 quae
336 4284 510 4346 concionatus
521 4300 563 4347 est
574 4307 644 4346 anno
665 4288 812 4349 5990011-
865 4280 1038 4359 sequentibus
1052 4281 1193 4340 conciones
1206 4279 1333 4340 habuisse
1352 4279 1478 4358 videtur,
1496 4302 1612 4360 quarum

125 4370 237 4455 ttinopoli
248 4419 259 4451 ,
272 4376 351 4455 argui
366 4375 477 4437 videtur
495 4378 595 4439 multos
608 4393 672 4439 tunc
692 4379 774 4440 fuisse
784 4380 811 4440 in
866 4393 947 4431 unam
957 4393 1070 4451 eamque
1081 4372 1215 4453 egregiam
1226 4371 1333 4453 deteri,
1349 4386 1376 4432 et
1386 4393 1402 4431 a
1413 4372 1550 4433 Bentzelio
1560 4395 1612 4435 nu·
1623 4385 1651 4429 τ.
1664 4386 1689 4432 6.

125 4466 193 4527 ¹urhe
204 4467 373 4529 Horatianos
386 4490 433 4529 seu
448 4470 637 4549 Catharosqui
651 4493 680 4531 se
693 4472 745 4532 hoc
759 4493 811 4532 no·
864 4490 913 4550 per
926 4468 1026 4540 editam
1041 4467 1134 4527 multis
1147 4468 1251 4528 inlocis
1264 4467 1415 4529 emendavi.

125 4560 359 4641 recompellabant.
372 4561 518 4624 auditores
528 4564 600 4624 eninr
613 4576 689 4645 rogat
700 4578 725 4625 et
738 4565 813 4624 obse·
905 4561 978 4635 Quia
988 4582 1053 4622 vero
1072 4559 1304 4641 Constantinopoli
1320 4560 1402 4619 etiam
1418 4563 1610 4622 Anomoeorum

125 4660 170 4711 tut
191 4674 207 4711 a
224 4651 274 4712 tali
291 4653 420 4734 jactantia
439 4675 468 4715 se
489 4655 628 4729 eximant,
653 4669 680 4716 et
700 4656 812 4717 illorum
865 4652 1012 4732 frequentia
1026 4667 1098 4730 erat;
1112 4650 1242 4728 secunda,
1256 4673 1339 4731 quam
1358 4651 1406 4712 illa
1420 4651 1489 4713 urhe
1509 4654 1612 4714 rraesu

125 4744 244 4823 aprum
251 4743 382 4821 devitent,
391 4767 422 4805 ac
430 4746 521 4827 potius
529 4747 628 4808 delicta
639 4769 690 4808 sua
699 4748 812 4808 abluant
866 4747 959 4807 hahuit
977 4745 1070 4805 concio
1080 4790 1091 4823 ,
1115 4757 1207 4806 contra
1224 4746 1365 4805 anomaeos
1385 4757 1451 4805 erat.
1473 4744 1610 4822 Alteram,

125 4850 209 4897 aeota
218 4836 410 4899 mahteantur.
865 4860 947 4919 quam
957 4837 1037 4899 etiam
1051 4850 1143 4899 contra
1156 4841 1299 4897 Anomoeos
1311 4836 1541 4919 Constantinopoli
1558 4837 1611 4898 ha·

125 4926 201 4991 lrinm
212 4943 239 4990 et
252 4931 368 4992 Arianos
382 4932 562 5014 infrequenter
574 4950 705 4997 memorat
717 4936 811 5016 Chry·
863 4933 938 5009 buit,
953 4931 1119 4992 continenter
1132 4931 1290 5012 posuimus,
1305 4930 1428 5009 forteque
1440 4930 1507 4989 alias
1517 4944 1610 4991 contra

125 5028 217 5096 omns,
238 5024 304 5102 quia
325 5026 463 5102 Anomoei,
483 5048 519 5087 ex
544 5026 706 5089 Arianorum
728 5029 812 5109 stirpe
863 5026 1005 5086 hereticos
1022 5023 1084 5084 illos
1103 5023 1230 5084 homilias
1243 5022 1336 5101 dixit,
1357 5042 1417 5101 qua
1429 5022 1472 5083 vel
1486 5022 1569 5082 latent
1580 5023 1609 5082 in

125 5114 206 5193 qno,
218 5130 284 5177 tunc
296 5118 496 5199 perOrientem
511 5121 703 5200 grassabantur
716 5136 742 5181 et
760 5142 811 5181 ca·
864 5121 992 5193 Oriente,
1005 5118 1050 5179 vel
1063 5138 1175 5200 prorsus
1185 5118 1291 5178 amisse
1302 5129 1376 5175 sunt.

125 5200 315 5269 &donoro
328 5212 490 5273 exercebant
501 5238 510 5274 a
523 5213 640 5294 indeque
652 5216 684 5276 fit
699 5229 729 5276 ut
742 5236 811 5276 con·
905 5215 1028 5273 tnomoet
1044 5233 1078 5273 eo
1090 5210 1265 5291 arrogantia,
1281 5206 1520 5289 imoimpudentie
1530 5228 1609 5268 vene·
1620 5221 1760 5285 ripen,

125 5296 270 5363 thomos
287 5301 335 5363 ille
352 5317 484 5386 perpetuo
500 5305 661 5369 velificetur.
683 5309 725 5367 De
744 5308 812 5369 Ario
863 5306 982 5382 rant,'ut
993 5304 1114 5366 dicerent
1132 5324 1161 5364 se
1183 5322 1291 5363 omnem
1304 5296 1444 5362 scientiam
1462 5303 1610 5384 accepisse,
1622 5289 1646 5333 ‘¹'
1668 5296 1691 5331 ‘¹
1707 5293 1763 5347 4³⁷·

125 5396 172 5451 ltu
183 5392 292 5535 ciffis,
303 5394 459 5537 ιίᾔιπηοιν
470 5396 571 5481 'Amne
586 5403 623 5470 εἰς
635 5400 811 5482 παραλλαγὴν
865 5408 946 5491 seque'
956 5400 993 5460 ita
1007 5399 1098 5460 Deum
1109 5417 1204 5469 nome,
1215 5408 1247 5456 ut
1262 5394 1320 5477 ipse
1334 5416 1363 5456 se
1375 5409 1497 5539 oppetat.
1509 5396 1611 5458 Filium
1624 5353 1648 5397 b'
