<?xml version="1.0" encoding="UTF-8"?>
<!DOCTYPE html PUBLIC "-//W3C//DTD XHTML 1.0 Transitional//EN"
    "http://www.w3.org/TR/xhtml1/DTD/xhtml1-transitional.dtd">
<html xmlns="http://www.w3.org/1999/xhtml" xml:lang="en" lang="en">
 <head>
  <title>
</title>
<meta http-equiv="Content-Type" content="text/html;charset=utf-8" />
  <meta name='ocr-system' content='tesseract 3.04.00' />
  <meta name='ocr-capabilities' content='ocr_page ocr_carea ocr_par ocr_line ocrx_word'/>
</head>
<body>
  <div class='ocr_page' id='page_1' title='image "./sanctipatrisnos00chrygoog_0174.png"; bbox 0 0 3714 5970; ppageno 0'>
   <div class='ocr_carea' id='block_1_1' title="bbox 530 416 1531 522">
    <p class='ocr_par' dir='ltr' id='par_1_1' title="bbox 530 416 1531 522">
     <span class='ocr_line' id='line_1_1' title="bbox 530 416 1531 522; baseline 0.005 -27"><span class='ocrx_word' id='word_1_1' title='bbox 530 449 621 496; x_wconf 82' lang='lat' dir='ltr'><strong>nuuc</strong></span> <span class='ocrx_word' id='word_1_2' title='bbox 646 447 778 497; x_wconf 85' lang='lat' dir='ltr'><strong>rurunsr</strong></span> <span class='ocrx_word' id='word_1_3' title='bbox 805 447 1002 497; x_wconf 79' lang='lat' dir='ltr'><strong>snouurra.</strong></span> <span class='ocrx_word' id='word_1_4' title='bbox 1409 416 1415 425; x_wconf 75' lang='grc'><strong>’</strong></span> <span class='ocrx_word' id='word_1_5' title='bbox 1466 427 1531 522; x_wconf 73' lang='grc' dir='ltr'><strong>ι45</strong></span> 
     </span>
    </p>
   </div>
   <div class='ocr_carea' id='block_1_2' title="bbox 125 571 736 2977">
    <p class='ocr_par' dir='ltr' id='par_1_2' title="bbox 125 571 736 1659">
     <span class='ocr_line' id='line_1_2' title="bbox 125 571 735 655; baseline -0.01 -18"><span class='ocrx_word' id='word_1_6' title='bbox 125 586 172 646; x_wconf 68' lang='lat' dir='ltr'><strong>tet,</strong></span> <span class='ocrx_word' id='word_1_7' title='bbox 199 576 246 653; x_wconf 93' lang='lat' dir='ltr'><strong>qui</strong></span> <span class='ocrx_word' id='word_1_8' title='bbox 267 588 409 655; x_wconf 90' lang='lat' dir='ltr'><strong>postquam</strong></span> <span class='ocrx_word' id='word_1_9' title='bbox 423 573 515 653; x_wconf 89' lang='lat' dir='ltr'><strong>lingua</strong></span> <span class='ocrx_word' id='word_1_10' title='bbox 530 586 668 654; x_wconf 87' lang='lat' dir='ltr'><strong>amputata</strong></span> <span class='ocrx_word' id='word_1_11' title='bbox 683 571 735 652; x_wconf 89' lang='lat' dir='ltr'><strong>ipsi</strong></span> 
     </span>
     <span class='ocr_line' id='line_1_3' title="bbox 125 665 735 745; baseline 0.002 -23"><span class='ocrx_word' id='word_1_12' title='bbox 125 666 378 745; x_wconf 74' lang='lat' dir='ltr'><strong>interloquebatur.</strong></span> <span class='ocrx_word' id='word_1_13' title='bbox 392 665 483 725; x_wconf 82' lang='lat' dir='ltr'><strong>Altera</strong></span> <span class='ocrx_word' id='word_1_14' title='bbox 498 666 569 726; x_wconf 73' lang='lat' dir='ltr'><strong>iuss,</strong></span> <span class='ocrx_word' id='word_1_15' title='bbox 582 670 735 726; x_wconf 85' lang='lat' dir='ltr'><strong>Romanum</strong></span> 
     </span>
     <span class='ocr_line' id='line_1_4' title="bbox 125 758 736 839; baseline -0.003 -23"><span class='ocrx_word' id='word_1_16' title='bbox 125 758 221 817; x_wconf 78' lang='lat' dir='ltr'>ibidem</span> <span class='ocrx_word' id='word_1_17' title='bbox 236 758 372 836; x_wconf 85' lang='lat' dir='ltr'><strong>sequitur,</strong></span> <span class='ocrx_word' id='word_1_18' title='bbox 385 759 463 839; x_wconf 72' lang='lat' dir='ltr'><strong>culus</strong></span> <span class='ocrx_word' id='word_1_19' title='bbox 476 759 563 839; x_wconf 88' lang='lat' dir='ltr'><strong>stylus</strong></span> <span class='ocrx_word' id='word_1_20' title='bbox 577 759 736 839; x_wconf 88' lang='lat' dir='ltr'><strong>Clrrysostu-</strong></span> 
     </span>
     <span class='ocr_line' id='line_1_5' title="bbox 125 851 734 931; baseline 0.003 -20"><span class='ocrx_word' id='word_1_21' title='bbox 125 852 154 911; x_wconf 86' lang='lat' dir='ltr'><strong>di</strong></span> <span class='ocrx_word' id='word_1_22' title='bbox 173 852 263 931; x_wconf 82' lang='lat' dir='ltr'><strong>generi</strong></span> <span class='ocrx_word' id='word_1_23' title='bbox 278 865 332 910; x_wconf 88' lang='lat' dir='ltr'><strong>tarn</strong></span> <span class='ocrx_word' id='word_1_24' title='bbox 353 851 484 911; x_wconf 89' lang='lat' dir='ltr'><strong>absimilis</strong></span> <span class='ocrx_word' id='word_1_25' title='bbox 497 851 618 921; x_wconf 85' lang='lat' dir='ltr'><strong>videtur,</strong></span> <span class='ocrx_word' id='word_1_26' title='bbox 636 866 665 911; x_wconf 94' lang='lat' dir='ltr'><strong>ut</strong></span> <span class='ocrx_word' id='word_1_27' title='bbox 685 855 734 913; x_wconf 82' lang='lat' dir='ltr'><strong>rix</strong></span> 
     </span>
     <span class='ocr_line' id='line_1_6' title="bbox 125 943 735 1026; baseline 0.002 -23"><span class='ocrx_word' id='word_1_28' title='bbox 125 943 160 1003; x_wconf 88' lang='lat' dir='ltr'><strong>sit</strong></span> <span class='ocrx_word' id='word_1_29' title='bbox 180 965 238 1003; x_wconf 82' lang='lat' dir='ltr'><strong>esse</strong></span> <span class='ocrx_word' id='word_1_30' title='bbox 255 943 288 1007; x_wconf 89' lang='lat' dir='ltr'><strong>S.</strong></span> <span class='ocrx_word' id='word_1_31' title='bbox 306 943 425 1003; x_wconf 90' lang='lat' dir='ltr'><strong>doctoris</strong></span> <span class='ocrx_word' id='word_1_32' title='bbox 437 966 506 1025; x_wconf 92' lang='lat' dir='ltr'><strong>opus</strong></span> <span class='ocrx_word' id='word_1_33' title='bbox 521 968 527 1000; x_wconf 92' lang='lat'>:</span> <span class='ocrx_word' id='word_1_34' title='bbox 542 944 630 1003; x_wconf 91' lang='lat' dir='ltr'><strong>omnia</strong></span> <span class='ocrx_word' id='word_1_35' title='bbox 650 947 735 1026; x_wconf 91' lang='lat' dir='ltr'><strong>tropis</strong></span> 
     </span>
     <span class='ocr_line' id='line_1_7' title="bbox 125 1034 735 1118; baseline 0 -21"><span class='ocrx_word' id='word_1_36' title='bbox 125 1036 286 1114; x_wconf 90' lang='lat' dir='ltr'><strong>iomhusque</strong></span> <span class='ocrx_word' id='word_1_37' title='bbox 301 1034 465 1110; x_wconf 85' lang='lat' dir='ltr'><strong>reduudant,</strong></span> <span class='ocrx_word' id='word_1_38' title='bbox 477 1050 503 1094; x_wconf 88' lang='lat' dir='ltr'><strong>et</strong></span> <span class='ocrx_word' id='word_1_39' title='bbox 515 1035 603 1094; x_wconf 87' lang='lat' dir='ltr'><strong>nescio</strong></span> <span class='ocrx_word' id='word_1_40' title='bbox 615 1037 680 1114; x_wconf 91' lang='lat' dir='ltr'><strong>quid</strong></span> <span class='ocrx_word' id='word_1_41' title='bbox 692 1059 735 1118; x_wconf 90' lang='lat' dir='ltr'><strong>pe·</strong></span> 
     </span>
     <span class='ocr_line' id='line_1_8' title="bbox 125 1129 734 1211; baseline 0.003 -22"><span class='ocrx_word' id='word_1_42' title='bbox 125 1131 219 1190; x_wconf 76' lang='lat' dir='ltr'><strong>:olent</strong></span> <span class='ocrx_word' id='word_1_43' title='bbox 230 1132 323 1201; x_wconf 81' lang='lat' dir='ltr'><strong>Quare</strong></span> <span class='ocrx_word' id='word_1_44' title='bbox 333 1129 468 1189; x_wconf 82' lang='lat' dir='ltr'><strong>crederem</strong></span> <span class='ocrx_word' id='word_1_45' title='bbox 480 1130 569 1210; x_wconf 90' lang='lat' dir='ltr'><strong>potius</strong></span> <span class='ocrx_word' id='word_1_46' title='bbox 580 1152 636 1189; x_wconf 88' lang='lat' dir='ltr'><strong>esse</strong></span> <span class='ocrx_word' id='word_1_47' title='bbox 645 1134 734 1211; x_wconf 86' lang='lat' dir='ltr'><strong>eujus·</strong></span> 
     </span>
     <span class='ocr_line' id='line_1_9' title="bbox 125 1222 734 1305; baseline 0 -22"><span class='ocrx_word' id='word_1_48' title='bbox 125 1223 227 1305; x_wconf 82' lang='lat' dir='ltr'><strong>shyteri</strong></span> <span class='ocrx_word' id='word_1_49' title='bbox 254 1222 433 1297; x_wconf 75' lang='lat' dir='ltr'><strong>Antiocheni,</strong></span> <span class='ocrx_word' id='word_1_50' title='bbox 456 1222 502 1300; x_wconf 90' lang='lat' dir='ltr'><strong>qui</strong></span> <span class='ocrx_word' id='word_1_51' title='bbox 527 1224 578 1282; x_wconf 90' lang='lat' dir='ltr'><strong>suh</strong></span> <span class='ocrx_word' id='word_1_52' title='bbox 603 1223 734 1284; x_wconf 86' lang='lat' dir='ltr'><strong>Flaviano</strong></span> 
     </span>
     <span class='ocr_line' id='line_1_10' title="bbox 125 1313 734 1396; baseline 0.007 -25"><span class='ocrx_word' id='word_1_53' title='bbox 125 1338 174 1375; x_wconf 86' lang='lat' dir='ltr'><strong>:orn</strong></span> <span class='ocrx_word' id='word_1_54' title='bbox 186 1317 380 1396; x_wconf 76' lang='lat' dir='ltr'><strong>chrysostomo</strong></span> <span class='ocrx_word' id='word_1_55' title='bbox 392 1313 565 1373; x_wconf 86' lang='lat' dir='ltr'><strong>concionandi</strong></span> <span class='ocrx_word' id='word_1_56' title='bbox 577 1330 665 1396; x_wconf 91' lang='lat' dir='ltr'><strong>partes</strong></span> <span class='ocrx_word' id='word_1_57' title='bbox 674 1336 734 1395; x_wconf 88' lang='lat' dir='ltr'><strong>age·</strong></span> 
     </span>
     <span class='ocr_line' id='line_1_11' title="bbox 125 1405 733 1489; baseline -0.002 -21"><span class='ocrx_word' id='word_1_58' title='bbox 125 1406 156 1468; x_wconf 83' lang='lat' dir='ltr'><strong>td</strong></span> <span class='ocrx_word' id='word_1_59' title='bbox 166 1408 383 1485; x_wconf 67' lang='lat' dir='ltr'><strong>heqrrentissime</strong></span> <span class='ocrx_word' id='word_1_60' title='bbox 392 1405 529 1465; x_wconf 88' lang='lat' dir='ltr'><strong>accidebat</strong></span> <span class='ocrx_word' id='word_1_61' title='bbox 541 1408 589 1466; x_wconf 92' lang='lat' dir='ltr'><strong>illo</strong></span> <span class='ocrx_word' id='word_1_62' title='bbox 601 1421 719 1489; x_wconf 86' lang='lat' dir='ltr'><strong>tempore</strong></span> <span class='ocrx_word' id='word_1_63' title='bbox 724 1431 733 1482; x_wconf 78' lang='lat'><em>3</em></span> 
     </span>
     <span class='ocr_line' id='line_1_12' title="bbox 125 1498 734 1561; baseline -0.005 0"><span class='ocrx_word' id='word_1_64' title='bbox 125 1520 143 1561; x_wconf 75' lang='lat' dir='ltr'><strong>e</strong></span> <span class='ocrx_word' id='word_1_65' title='bbox 155 1514 245 1561; x_wconf 84' lang='lat' dir='ltr'><strong>tresre</strong></span> <span class='ocrx_word' id='word_1_66' title='bbox 256 1499 397 1560; x_wconf 80' lang='lat' dir='ltr'><strong>conciones</strong></span> <span class='ocrx_word' id='word_1_67' title='bbox 407 1498 500 1558; x_wconf 89' lang='lat' dir='ltr'><strong>eodem</strong></span> <span class='ocrx_word' id='word_1_68' title='bbox 513 1499 559 1559; x_wconf 90' lang='lat' dir='ltr'><strong>die</strong></span> <span class='ocrx_word' id='word_1_69' title='bbox 570 1500 734 1560; x_wconf 75' lang='lat' dir='ltr'><strong>continenter</strong></span> 
     </span>
     <span class='ocr_line' id='line_1_13' title="bbox 126 1614 150 1659; baseline 0 0"><span class='ocrx_word' id='word_1_70' title='bbox 126 1614 150 1659; x_wconf 73' lang='grc' dir='ltr'><strong>Γ.</strong></span> 
     </span>
    </p>

    <p class='ocr_par' dir='ltr' id='par_1_3' title="bbox 125 1685 733 2977">
     <span class='ocr_line' id='line_1_14' title="bbox 125 1685 733 1768; baseline -0.007 -19"><span class='ocrx_word' id='word_1_71' title='bbox 125 1702 222 1749; x_wconf 85' lang='lat' dir='ltr'><strong>estomo</strong></span> <span class='ocrx_word' id='word_1_72' title='bbox 236 1686 321 1762; x_wconf 86' lang='lat' dir='ltr'><strong>duce,</strong></span> <span class='ocrx_word' id='word_1_73' title='bbox 344 1701 374 1747; x_wconf 91' lang='lat' dir='ltr'><strong>nt</strong></span> <span class='ocrx_word' id='word_1_74' title='bbox 388 1708 468 1768; x_wconf 88' lang='lat' dir='ltr'><strong>supra</strong></span> <span class='ocrx_word' id='word_1_75' title='bbox 482 1685 658 1760; x_wconf 90' lang='lat' dir='ltr'><strong>dictumest,</strong></span> <span class='ocrx_word' id='word_1_76' title='bbox 672 1697 733 1765; x_wconf 89' lang='lat' dir='ltr'><strong>post</strong></span> 
     </span>
     <span class='ocr_line' id='line_1_15' title="bbox 125 1780 732 1861; baseline -0.008 -20"><span class='ocrx_word' id='word_1_77' title='bbox 125 1782 176 1841; x_wconf 88' lang='lat' dir='ltr'><strong>rin</strong></span> <span class='ocrx_word' id='word_1_78' title='bbox 192 1783 223 1841; x_wconf 88' lang='lat' dir='ltr'><strong>S.</strong></span> <span class='ocrx_word' id='word_1_79' title='bbox 248 1783 399 1840; x_wconf 85' lang='lat' dir='ltr'><strong>Romanum</strong></span> <span class='ocrx_word' id='word_1_80' title='bbox 422 1796 583 1861; x_wconf 81' lang='lat' dir='ltr'><strong>martyrem,</strong></span> <span class='ocrx_word' id='word_1_81' title='bbox 607 1780 732 1859; x_wconf 91' lang='lat' dir='ltr'><strong>ponimus</strong></span> 
     </span>
     <span class='ocr_line' id='line_1_16' title="bbox 125 1872 732 1945; baseline -0.012 -10"><span class='ocrx_word' id='word_1_82' title='bbox 125 1874 180 1935; x_wconf 89' lang='lat' dir='ltr'><strong>nin</strong></span> <span class='ocrx_word' id='word_1_83' title='bbox 194 1872 267 1933; x_wconf 83' lang='lat' dir='ltr'><strong>illrul</strong></span> <span class='ocrx_word' id='word_1_84' title='bbox 279 1874 401 1936; x_wconf 79' lang='lat' dir='ltr'><strong>Jeremiae</strong></span> <span class='ocrx_word' id='word_1_85' title='bbox 411 1896 418 1930; x_wconf 90' lang='lat'><strong>:</strong></span> <span class='ocrx_word' id='word_1_86' title='bbox 428 1875 568 1945; x_wconf 81' lang='lat' dir='ltr'><strong>Domine,</strong></span> <span class='ocrx_word' id='word_1_87' title='bbox 581 1891 637 1929; x_wconf 83' lang='lat' dir='ltr'><strong>uon</strong></span> <span class='ocrx_word' id='word_1_88' title='bbox 648 1884 691 1929; x_wconf 91' lang='lat' dir='ltr'><strong>est</strong></span> <span class='ocrx_word' id='word_1_89' title='bbox 701 1877 732 1928; x_wconf 88' lang='lat' dir='ltr'><strong>r&#39;u</strong></span> 
     </span>
     <span class='ocr_line' id='line_1_17' title="bbox 125 1966 732 2050; baseline -0.01 -21"><span class='ocrx_word' id='word_1_90' title='bbox 125 1974 172 2029; x_wconf 75' lang='lat' dir='ltr'><strong>rto</strong></span> <span class='ocrx_word' id='word_1_91' title='bbox 184 1972 267 2050; x_wconf 78' lang='lat' dir='ltr'><strong>ejus,</strong></span> <span class='ocrx_word' id='word_1_92' title='bbox 285 1989 378 2049; x_wconf 83' lang='lat' dir='ltr'><strong>neque</strong></span> <span class='ocrx_word' id='word_1_93' title='bbox 392 1969 479 2026; x_wconf 83' lang='lat' dir='ltr'><strong>homo</strong></span> <span class='ocrx_word' id='word_1_94' title='bbox 501 1968 572 2037; x_wconf 80' lang='lat' dir='ltr'><strong>ibit,</strong></span> <span class='ocrx_word' id='word_1_95' title='bbox 588 1978 615 2024; x_wconf 86' lang='lat' dir='ltr'><strong>st</strong></span> <span class='ocrx_word' id='word_1_96' title='bbox 629 1966 732 2044; x_wconf 79' lang='lat' dir='ltr'><strong>diriget</strong></span> 
     </span>
     <span class='ocr_line' id='line_1_18' title="bbox 134 2058 731 2140; baseline -0.012 -17"><span class='ocrx_word' id='word_1_97' title='bbox 134 2081 230 2124; x_wconf 80' lang='lat' dir='ltr'><strong>suurn,</strong></span> <span class='ocrx_word' id='word_1_98' title='bbox 253 2062 316 2131; x_wconf 91' lang='lat' dir='ltr'><strong>Quo</strong></span> <span class='ocrx_word' id='word_1_99' title='bbox 337 2060 396 2120; x_wconf 90' lang='lat' dir='ltr'><strong>loeo</strong></span> <span class='ocrx_word' id='word_1_100' title='bbox 419 2073 444 2119; x_wconf 89' lang='lat' dir='ltr'><strong>et</strong></span> <span class='ocrx_word' id='word_1_101' title='bbox 466 2059 601 2140; x_wconf 88' lang='lat' dir='ltr'><strong>plerisque</strong></span> <span class='ocrx_word' id='word_1_102' title='bbox 621 2058 681 2116; x_wconf 88' lang='lat' dir='ltr'><strong>aliis</strong></span> <span class='ocrx_word' id='word_1_103' title='bbox 704 2059 731 2116; x_wconf 94' lang='lat' dir='ltr'><strong>in</strong></span> 
     </span>
     <span class='ocr_line' id='line_1_19' title="bbox 125 2150 731 2229; baseline -0.007 -16"><span class='ocrx_word' id='word_1_104' title='bbox 125 2174 216 2215; x_wconf 78' lang='lat' dir='ltr'><strong>isaera</strong></span> <span class='ocrx_word' id='word_1_105' title='bbox 231 2153 367 2212; x_wconf 82' lang='lat' dir='ltr'><strong>similibus</strong></span> <span class='ocrx_word' id='word_1_106' title='bbox 381 2153 561 2212; x_wconf 76' lang='lat' dir='ltr'><strong>abutebantur</strong></span> <span class='ocrx_word' id='word_1_107' title='bbox 574 2152 669 2227; x_wconf 90' lang='lat' dir='ltr'><strong>multi,</strong></span> <span class='ocrx_word' id='word_1_108' title='bbox 683 2150 731 2229; x_wconf 91' lang='lat' dir='ltr'><strong>qui</strong></span> 
     </span>
     <span class='ocr_line' id='line_1_20' title="bbox 126 2245 729 2325; baseline -0.01 -18"><span class='ocrx_word' id='word_1_109' title='bbox 126 2267 179 2307; x_wconf 83' lang='lat' dir='ltr'><strong>non</strong></span> <span class='ocrx_word' id='word_1_110' title='bbox 190 2267 224 2306; x_wconf 85' lang='lat' dir='ltr'><strong>ex</strong></span> <span class='ocrx_word' id='word_1_111' title='bbox 245 2246 384 2305; x_wconf 86' lang='lat' dir='ltr'><strong>voluntate</strong></span> <span class='ocrx_word' id='word_1_112' title='bbox 397 2259 423 2325; x_wconf 76' lang='lat' dir='ltr'><strong>et</strong></span> <span class='ocrx_word' id='word_1_113' title='bbox 436 2245 549 2305; x_wconf 87' lang='lat' dir='ltr'><strong>arbitrio</strong></span> <span class='ocrx_word' id='word_1_114' title='bbox 563 2257 652 2303; x_wconf 92' lang='lat' dir='ltr'><strong>nostro</strong></span> <span class='ocrx_word' id='word_1_115' title='bbox 664 2264 729 2324; x_wconf 79' lang='lat' dir='ltr'><strong>pen·</strong></span> 
     </span>
     <span class='ocr_line' id='line_1_21' title="bbox 125 2337 732 2417; baseline -0.01 -16"><span class='ocrx_word' id='word_1_116' title='bbox 125 2338 148 2402; x_wconf 81' lang='lat' dir='ltr'><strong>el</strong></span> <span class='ocrx_word' id='word_1_117' title='bbox 159 2340 262 2399; x_wconf 91' lang='lat' dir='ltr'><strong>honum</strong></span> <span class='ocrx_word' id='word_1_118' title='bbox 278 2338 320 2397; x_wconf 88' lang='lat' dir='ltr'><strong>rel</strong></span> <span class='ocrx_word' id='word_1_119' title='bbox 331 2337 433 2397; x_wconf 88' lang='lat' dir='ltr'><strong>malum</strong></span> <span class='ocrx_word' id='word_1_120' title='bbox 446 2359 566 2417; x_wconf 81' lang='lat' dir='ltr'><strong>agamus.</strong></span> <span class='ocrx_word' id='word_1_121' title='bbox 581 2338 637 2396; x_wconf 93' lang='lat' dir='ltr'><strong>Hos</strong></span> <span class='ocrx_word' id='word_1_122' title='bbox 648 2337 732 2396; x_wconf 87' lang='lat' dir='ltr'><strong>vehe-</strong></span> 
     </span>
     <span class='ocr_line' id='line_1_22' title="bbox 125 2431 731 2512; baseline 0 -23"><span class='ocrx_word' id='word_1_123' title='bbox 125 2445 227 2512; x_wconf 85' lang='lat' dir='ltr'><strong>rcrepat</strong></span> <span class='ocrx_word' id='word_1_124' title='bbox 249 2431 481 2511; x_wconf 75' lang='lat' dir='ltr'><strong>chrysostomus,</strong></span> <span class='ocrx_word' id='word_1_125' title='bbox 495 2431 664 2507; x_wconf 77' lang='lat' dir='ltr'><strong>affirmatque</strong></span> <span class='ocrx_word' id='word_1_126' title='bbox 678 2450 731 2511; x_wconf 85' lang='lat' dir='ltr'><strong>pe-</strong></span> 
     </span>
     <span class='ocr_line' id='line_1_23' title="bbox 125 2523 731 2585; baseline -0.007 1"><span class='ocrx_word' id='word_1_127' title='bbox 125 2525 193 2585; x_wconf 87' lang='lat' dir='ltr'><strong>rium</strong></span> <span class='ocrx_word' id='word_1_128' title='bbox 204 2537 325 2583; x_wconf 89' lang='lat' dir='ltr'><strong>nostrum</strong></span> <span class='ocrx_word' id='word_1_129' title='bbox 337 2544 393 2583; x_wconf 92' lang='lat' dir='ltr'><strong>esse</strong></span> <span class='ocrx_word' id='word_1_130' title='bbox 405 2523 446 2584; x_wconf 84' lang='lat' dir='ltr'><strong>vel</strong></span> <span class='ocrx_word' id='word_1_131' title='bbox 460 2523 562 2582; x_wconf 90' lang='lat' dir='ltr'><strong>homuu</strong></span> <span class='ocrx_word' id='word_1_132' title='bbox 573 2523 616 2582; x_wconf 82' lang='lat' dir='ltr'><strong>rel</strong></span> <span class='ocrx_word' id='word_1_133' title='bbox 629 2524 731 2582; x_wconf 88' lang='lat' dir='ltr'><strong>malurn</strong></span> 
     </span>
     <span class='ocr_line' id='line_1_24' title="bbox 125 2614 731 2697; baseline -0.003 -20"><span class='ocrx_word' id='word_1_134' title='bbox 125 2640 145 2677; x_wconf 83' lang='lat' dir='ltr'><strong>rn</strong></span> <span class='ocrx_word' id='word_1_135' title='bbox 156 2618 232 2697; x_wconf 92' lang='lat' dir='ltr'><strong>quod</strong></span> <span class='ocrx_word' id='word_1_136' title='bbox 244 2617 278 2674; x_wconf 89' lang='lat' dir='ltr'><strong>ad</strong></span> <span class='ocrx_word' id='word_1_137' title='bbox 289 2620 388 2676; x_wconf 88' lang='lat' dir='ltr'><strong>honum</strong></span> <span class='ocrx_word' id='word_1_138' title='bbox 400 2614 533 2694; x_wconf 85' lang='lat' dir='ltr'><strong>agendum</strong></span> <span class='ocrx_word' id='word_1_139' title='bbox 543 2636 595 2674; x_wconf 91' lang='lat' dir='ltr'><strong>non</strong></span> <span class='ocrx_word' id='word_1_140' title='bbox 607 2636 731 2694; x_wconf 83' lang='lat' dir='ltr'><strong>egeamus</strong></span> 
     </span>
     <span class='ocr_line' id='line_1_25' title="bbox 125 2707 731 2787; baseline -0.008 -16"><span class='ocrx_word' id='word_1_141' title='bbox 125 2712 231 2787; x_wconf 87' lang='lat' dir='ltr'><strong>i;nam</strong></span> <span class='ocrx_word' id='word_1_142' title='bbox 245 2725 273 2768; x_wconf 91' lang='lat' dir='ltr'><strong>ut</strong></span> <span class='ocrx_word' id='word_1_143' title='bbox 283 2709 351 2767; x_wconf 87' lang='lat' dir='ltr'><strong>alihi</strong></span> <span class='ocrx_word' id='word_1_144' title='bbox 365 2729 435 2787; x_wconf 79' lang='lat' dir='ltr'><strong>saepe</strong></span> <span class='ocrx_word' id='word_1_145' title='bbox 447 2707 531 2782; x_wconf 89' lang='lat' dir='ltr'><strong>dicit,</strong></span> <span class='ocrx_word' id='word_1_146' title='bbox 547 2707 649 2766; x_wconf 87' lang='lat' dir='ltr'><strong>volenti</strong></span> <span class='ocrx_word' id='word_1_147' title='bbox 664 2728 731 2769; x_wconf 87' lang='lat' dir='ltr'><strong>sern-</strong></span> 
     </span>
     <span class='ocr_line' id='line_1_26' title="bbox 125 2800 731 2882; baseline -0.008 -19"><span class='ocrx_word' id='word_1_148' title='bbox 125 2818 134 2863; x_wconf 94' lang='lat' dir='ltr'><strong>t</strong></span> <span class='ocrx_word' id='word_1_149' title='bbox 155 2804 241 2882; x_wconf 81' lang='lat' dir='ltr'><strong>gratia</strong></span> <span class='ocrx_word' id='word_1_150' title='bbox 266 2800 336 2871; x_wconf 92' lang='lat' dir='ltr'><strong>Dei,</strong></span> <span class='ocrx_word' id='word_1_151' title='bbox 363 2821 411 2860; x_wconf 91' lang='lat' dir='ltr'><strong>nec</strong></span> <span class='ocrx_word' id='word_1_152' title='bbox 434 2800 482 2878; x_wconf 91' lang='lat' dir='ltr'><strong>qui</strong></span> <span class='ocrx_word' id='word_1_153' title='bbox 507 2814 614 2880; x_wconf 84' lang='lat' dir='ltr'><strong>peccet,</strong></span> <span class='ocrx_word' id='word_1_154' title='bbox 638 2800 731 2877; x_wconf 82' lang='lat' dir='ltr'><strong>gretiae</strong></span> 
     </span>
     <span class='ocr_line' id='line_1_27' title="bbox 132 2893 731 2977; baseline -0.008 -21"><span class='ocrx_word' id='word_1_155' title='bbox 132 2910 220 2977; x_wconf 86' lang='lat' dir='ltr'><strong>potest</strong></span> <span class='ocrx_word' id='word_1_156' title='bbox 236 2915 362 2973; x_wconf 85' lang='lat' dir='ltr'><strong>umquam</strong></span> <span class='ocrx_word' id='word_1_157' title='bbox 379 2893 405 2950; x_wconf 92' lang='lat' dir='ltr'><strong>in</strong></span> <span class='ocrx_word' id='word_1_158' title='bbox 425 2895 624 2952; x_wconf 84' lang='lat' dir='ltr'><strong>exeusationem</strong></span> <span class='ocrx_word' id='word_1_159' title='bbox 638 2893 731 2953; x_wconf 86' lang='lat' dir='ltr'><strong>obten—</strong></span> 
     </span>
    </p>
   </div>
   <div class='ocr_carea' id='block_1_3' title="bbox 124 3076 731 5284">
    <p class='ocr_par' dir='ltr' id='par_1_4' title="bbox 124 3076 731 5194">
     <span class='ocr_line' id='line_1_28' title="bbox 125 3076 731 3160; baseline -0.005 -21"><span class='ocrx_word' id='word_1_160' title='bbox 125 3092 246 3160; x_wconf 90' lang='lat' dir='ltr'><strong>quuntur</strong></span> <span class='ocrx_word' id='word_1_161' title='bbox 260 3094 314 3139; x_wconf 89' lang='lat' dir='ltr'><strong>tres</strong></span> <span class='ocrx_word' id='word_1_162' title='bbox 332 3077 367 3137; x_wconf 92' lang='lat' dir='ltr'><strong>de</strong></span> <span class='ocrx_word' id='word_1_163' title='bbox 387 3076 547 3137; x_wconf 81' lang='lat' dir='ltr'><strong>lllaccabaeis</strong></span> <span class='ocrx_word' id='word_1_164' title='bbox 573 3076 731 3153; x_wconf 84' lang='lat' dir='ltr'><strong>conciones,</strong></span> 
     </span>
     <span class='ocr_line' id='line_1_29' title="bbox 125 3169 730 3254; baseline -0.008 -22"><span class='ocrx_word' id='word_1_165' title='bbox 125 3193 164 3232; x_wconf 81' lang='lat' dir='ltr'><strong>rm</strong></span> <span class='ocrx_word' id='word_1_166' title='bbox 174 3192 232 3254; x_wconf 81' lang='lat' dir='ltr'><strong>prae</strong></span> <span class='ocrx_word' id='word_1_167' title='bbox 245 3193 273 3231; x_wconf 86' lang='lat' dir='ltr'><strong>se</strong></span> <span class='ocrx_word' id='word_1_168' title='bbox 283 3171 373 3230; x_wconf 81' lang='lat' dir='ltr'><strong>lerunt</strong></span> <span class='ocrx_word' id='word_1_169' title='bbox 388 3169 452 3228; x_wconf 89' lang='lat' dir='ltr'><strong>anni</strong></span> <span class='ocrx_word' id='word_1_170' title='bbox 464 3182 564 3227; x_wconf 90' lang='lat' dir='ltr'><strong>notam.</strong></span> <span class='ocrx_word' id='word_1_171' title='bbox 580 3169 658 3228; x_wconf 91' lang='lat' dir='ltr'><strong>Prior</strong></span> <span class='ocrx_word' id='word_1_172' title='bbox 670 3191 730 3227; x_wconf 83' lang='lat' dir='ltr'><strong>rna—</strong></span> 
     </span>
     <span class='ocr_line' id='line_1_30' title="bbox 125 3261 730 3325; baseline -0.007 -1"><span class='ocrx_word' id='word_1_173' title='bbox 125 3265 224 3325; x_wconf 67' lang='lat' dir='ltr'><strong>sertim</strong></span> <span class='ocrx_word' id='word_1_174' title='bbox 244 3262 460 3324; x_wconf 73' lang='lat' dir='ltr'><strong>Maccahaeorum</strong></span> <span class='ocrx_word' id='word_1_175' title='bbox 474 3282 489 3319; x_wconf 89' lang='lat' dir='ltr'><strong>a</strong></span> <span class='ocrx_word' id='word_1_176' title='bbox 503 3261 651 3320; x_wconf 89' lang='lat' dir='ltr'><strong>constantia</strong></span> <span class='ocrx_word' id='word_1_177' title='bbox 672 3261 730 3320; x_wconf 89' lang='lat' dir='ltr'><strong>ani·</strong></span> 
     </span>
     <span class='ocr_line' id='line_1_31' title="bbox 125 3354 728 3440; baseline -0.01 -20"><span class='ocrx_word' id='word_1_178' title='bbox 125 3359 193 3420; x_wconf 88' lang='lat' dir='ltr'><strong>hore</strong></span> <span class='ocrx_word' id='word_1_179' title='bbox 213 3358 365 3440; x_wconf 89' lang='lat' dir='ltr'><strong>plurimum</strong></span> <span class='ocrx_word' id='word_1_180' title='bbox 381 3354 560 3416; x_wconf 81' lang='lat' dir='ltr'><strong>commendat.</strong></span> <span class='ocrx_word' id='word_1_181' title='bbox 585 3357 728 3432; x_wconf 81' lang='lat' dir='ltr'><strong>Secunda,</strong></span> 
     </span>
     <span class='ocr_line' id='line_1_32' title="bbox 125 3449 730 3531; baseline -0.005 -20"><span class='ocrx_word' id='word_1_182' title='bbox 125 3453 194 3513; x_wconf 83' lang='lat' dir='ltr'><strong>renti</strong></span> <span class='ocrx_word' id='word_1_183' title='bbox 207 3451 319 3524; x_wconf 86' lang='lat' dir='ltr'><strong>hahita,</strong></span> <span class='ocrx_word' id='word_1_184' title='bbox 335 3449 481 3531; x_wconf 88' lang='lat' dir='ltr'><strong>septimum</strong></span> <span class='ocrx_word' id='word_1_185' title='bbox 494 3450 682 3530; x_wconf 84' lang='lat' dir='ltr'><strong>junioremque</strong></span> <span class='ocrx_word' id='word_1_186' title='bbox 694 3470 730 3508; x_wconf 85' lang='lat' dir='ltr'><strong>cx</strong></span> 
     </span>
     <span class='ocr_line' id='line_1_33' title="bbox 125 3539 729 3619; baseline -0.008 -15"><span class='ocrx_word' id='word_1_187' title='bbox 125 3544 285 3605; x_wconf 74' lang='lat' dir='ltr'><strong>islandihus</strong></span> <span class='ocrx_word' id='word_1_188' title='bbox 296 3554 422 3617; x_wconf 85' lang='lat' dir='ltr'><strong>exornat,</strong></span> <span class='ocrx_word' id='word_1_189' title='bbox 435 3555 519 3600; x_wconf 88' lang='lat' dir='ltr'><strong>matre</strong></span> <span class='ocrx_word' id='word_1_190' title='bbox 531 3562 638 3619; x_wconf 91' lang='lat' dir='ltr'><strong>quoquc</strong></span> <span class='ocrx_word' id='word_1_191' title='bbox 651 3539 729 3599; x_wconf 81' lang='lat' dir='ltr'><strong>ulen-</strong></span> 
     </span>
     <span class='ocr_line' id='line_1_34' title="bbox 125 3635 728 3716; baseline -0.007 -18"><span class='ocrx_word' id='word_1_192' title='bbox 125 3636 235 3698; x_wconf 73' lang='lat' dir='ltr'><strong>laudum</strong></span> <span class='ocrx_word' id='word_1_193' title='bbox 252 3649 353 3716; x_wconf 87' lang='lat' dir='ltr'><strong>partem</strong></span> <span class='ocrx_word' id='word_1_194' title='bbox 366 3649 471 3696; x_wconf 88' lang='lat' dir='ltr'><strong>vocata.</strong></span> <span class='ocrx_word' id='word_1_195' title='bbox 490 3637 564 3694; x_wconf 86' lang='lat' dir='ltr'><strong>Hane</strong></span> <span class='ocrx_word' id='word_1_196' title='bbox 578 3635 728 3694; x_wconf 86' lang='lat' dir='ltr'><strong>breviorem</strong></span> 
     </span>
     <span class='ocr_line' id='line_1_35' title="bbox 125 3726 729 3808; baseline -0.01 -17"><span class='ocrx_word' id='word_1_197' title='bbox 125 3750 195 3791; x_wconf 80' lang='lat' dir='ltr'><strong>rmus</strong></span> <span class='ocrx_word' id='word_1_198' title='bbox 211 3728 353 3788; x_wconf 84' lang='lat' dir='ltr'><strong>homiliam</strong></span> <span class='ocrx_word' id='word_1_199' title='bbox 374 3726 579 3808; x_wconf 87' lang='lat' dir='ltr'><strong>pronuntiavit;</strong></span> <span class='ocrx_word' id='word_1_200' title='bbox 596 3752 611 3783; x_wconf 80' lang='lat' dir='ltr'><strong>c</strong></span> <span class='ocrx_word' id='word_1_201' title='bbox 626 3741 654 3786; x_wconf 94' lang='lat' dir='ltr'><strong>ut</strong></span> <span class='ocrx_word' id='word_1_202' title='bbox 668 3727 729 3807; x_wconf 91' lang='lat' dir='ltr'><strong>plu·</strong></span> 
     </span>
     <span class='ocr_line' id='line_1_36' title="bbox 127 3812 730 3900; baseline -0.003 -20"><span class='ocrx_word' id='word_1_203' title='bbox 127 3820 237 3900; x_wconf 88' lang='lat' dir='ltr'><strong>iuquit,</strong></span> <span class='ocrx_word' id='word_1_204' title='bbox 255 3844 272 3875; x_wconf 81' lang='grc' dir='ltr'>ι</span> <span class='ocrx_word' id='word_1_205' title='bbox 286 3819 327 3877; x_wconf 92' lang='lat' dir='ltr'><strong>illi</strong></span> <span class='ocrx_word' id='word_1_206' title='bbox 343 3812 472 3878; x_wconf 88' lang='lat' dir='ltr'><strong>laudihirs</strong></span> <span class='ocrx_word' id='word_1_207' title='bbox 490 3839 505 3876; x_wconf 93' lang='lat' dir='ltr'><strong>a</strong></span> <span class='ocrx_word' id='word_1_208' title='bbox 525 3819 661 3877; x_wconf 90' lang='lat' dir='ltr'><strong>communi</strong></span> <span class='ocrx_word' id='word_1_209' title='bbox 679 3818 730 3878; x_wconf 85' lang='lat' dir='ltr'><strong>do·</strong></span> 
     </span>
     <span class='ocr_line' id='line_1_37' title="bbox 125 3909 730 3991; baseline -0.01 -18"><span class='ocrx_word' id='word_1_210' title='bbox 125 3912 273 3973; x_wconf 68' lang='lat' dir='ltr'><strong>tolerentur</strong></span> <span class='ocrx_word' id='word_1_211' title='bbox 284 3933 319 3985; x_wconf 76' lang='lat' dir='ltr'><strong>s,</strong></span> <span class='ocrx_word' id='word_1_212' title='bbox 340 3930 436 3991; x_wconf 91' lang='lat' dir='ltr'><strong>nempe</strong></span> <span class='ocrx_word' id='word_1_213' title='bbox 447 3930 463 3967; x_wconf 81' lang='lat' dir='ltr'>a</span> <span class='ocrx_word' id='word_1_214' title='bbox 478 3910 497 3967; x_wconf 69' lang='lat' dir='ltr'><strong>l·‘</strong></span> <span class='ocrx_word' id='word_1_215' title='bbox 500 3909 608 3967; x_wconf 83' lang='lat' dir='ltr'><strong>laviano</strong></span> <span class='ocrx_word' id='word_1_216' title='bbox 623 3909 730 3989; x_wconf 85' lang='lat' dir='ltr'><strong>episce-</strong></span> 
     </span>
     <span class='ocr_line' id='line_1_38' title="bbox 125 4002 728 4088; baseline -0.005 -25"><span class='ocrx_word' id='word_1_217' title='bbox 125 4018 182 4088; x_wconf 86' lang='lat' dir='ltr'><strong>post</strong></span> <span class='ocrx_word' id='word_1_218' title='bbox 196 4005 420 4084; x_wconf 88' lang='lat' dir='ltr'><strong>Chrysostomum</strong></span> <span class='ocrx_word' id='word_1_219' title='bbox 439 4002 645 4060; x_wconf 88' lang='lat' dir='ltr'><strong>concionatuurs</strong></span> <span class='ocrx_word' id='word_1_220' title='bbox 663 4014 728 4060; x_wconf 85' lang='lat' dir='ltr'><strong>erat.</strong></span> 
     </span>
     <span class='ocr_line' id='line_1_39' title="bbox 125 4094 727 4167; baseline -0.012 -8"><span class='ocrx_word' id='word_1_221' title='bbox 125 4100 206 4159; x_wconf 87' lang='lat' dir='ltr'><strong>mium</strong></span> <span class='ocrx_word' id='word_1_222' title='bbox 218 4096 376 4156; x_wconf 86' lang='lat' dir='ltr'><strong>brevissima</strong></span> <span class='ocrx_word' id='word_1_223' title='bbox 389 4095 415 4153; x_wconf 92' lang='lat' dir='ltr'><strong>in</strong></span> <span class='ocrx_word' id='word_1_224' title='bbox 429 4095 595 4154; x_wconf 79' lang='lat' dir='ltr'><strong>ttaecabaeos</strong></span> <span class='ocrx_word' id='word_1_225' title='bbox 605 4094 727 4167; x_wconf 86' lang='lat' dir='ltr'><strong>homilia,</strong></span> 
     </span>
     <span class='ocr_line' id='line_1_40' title="bbox 125 4188 729 4268; baseline 0.003 -19"><span class='ocrx_word' id='word_1_226' title='bbox 125 4190 153 4253; x_wconf 83' lang='lat' dir='ltr'><strong>is</strong></span> <span class='ocrx_word' id='word_1_227' title='bbox 174 4191 201 4249; x_wconf 94' lang='lat' dir='ltr'><strong>in</strong></span> <span class='ocrx_word' id='word_1_228' title='bbox 222 4189 322 4256; x_wconf 76' lang='grc' dir='ltr'>νοθείας</span> <span class='ocrx_word' id='word_1_229' title='bbox 338 4188 516 4268; x_wconf 87' lang='lat' dir='ltr'><strong>suspicionem</strong></span> <span class='ocrx_word' id='word_1_230' title='bbox 537 4200 664 4262; x_wconf 81' lang='lat' dir='ltr'><strong>roeatm,</strong></span> <span class='ocrx_word' id='word_1_231' title='bbox 680 4209 729 4251; x_wconf 84' lang='lat' dir='ltr'><strong>uec</strong></span> 
     </span>
     <span class='ocr_line' id='line_1_41' title="bbox 124 4280 728 4360; baseline -0.007 -17"><span class='ocrx_word' id='word_1_232' title='bbox 124 4304 188 4343; x_wconf 85' lang='lat' dir='ltr'><strong>nam</strong></span> <span class='ocrx_word' id='word_1_233' title='bbox 202 4281 256 4340; x_wconf 89' lang='lat' dir='ltr'><strong>olet</strong></span> <span class='ocrx_word' id='word_1_234' title='bbox 273 4294 344 4340; x_wconf 87' lang='lat' dir='ltr'><strong>certe</strong></span> <span class='ocrx_word' id='word_1_235' title='bbox 362 4281 544 4360; x_wconf 84' lang='lat' dir='ltr'><strong>peregrinum.</strong></span> <span class='ocrx_word' id='word_1_236' title='bbox 557 4280 628 4360; x_wconf 75' lang='lat' dir='ltr'><strong>Styli</strong></span> <span class='ocrx_word' id='word_1_237' title='bbox 645 4301 728 4358; x_wconf 86' lang='lat' dir='ltr'><strong>genus</strong></span> 
     </span>
     <span class='ocr_line' id='line_1_42' title="bbox 125 4373 729 4452; baseline -0.005 -16"><span class='ocrx_word' id='word_1_238' title='bbox 125 4389 200 4449; x_wconf 71' lang='lat' dir='ltr'><strong>rest,</strong></span> <span class='ocrx_word' id='word_1_239' title='bbox 221 4375 311 4434; x_wconf 87' lang='lat' dir='ltr'><strong>omnia</strong></span> <span class='ocrx_word' id='word_1_240' title='bbox 323 4375 401 4452; x_wconf 89' lang='lat' dir='ltr'><strong>quasi</strong></span> <span class='ocrx_word' id='word_1_241' title='bbox 416 4377 443 4433; x_wconf 91' lang='lat' dir='ltr'><strong>iu</strong></span> <span class='ocrx_word' id='word_1_242' title='bbox 464 4387 617 4433; x_wconf 87' lang='lat' dir='ltr'><strong>transcursu</strong></span> <span class='ocrx_word' id='word_1_243' title='bbox 632 4373 729 4433; x_wconf 91' lang='lat' dir='ltr'><strong>dicun·</strong></span> 
     </span>
     <span class='ocr_line' id='line_1_43' title="bbox 125 4466 728 4547; baseline -0.008 -17"><span class='ocrx_word' id='word_1_244' title='bbox 125 4483 245 4530; x_wconf 79' lang='lat' dir='ltr'><strong>eumen</strong></span> <span class='ocrx_word' id='word_1_245' title='bbox 267 4489 326 4525; x_wconf 91' lang='lat' dir='ltr'><strong>eam</strong></span> <span class='ocrx_word' id='word_1_246' title='bbox 344 4469 404 4525; x_wconf 90' lang='lat' dir='ltr'><strong>loeo</strong></span> <span class='ocrx_word' id='word_1_247' title='bbox 419 4466 576 4527; x_wconf 75' lang='lat' dir='ltr'><strong>movendam</strong></span> <span class='ocrx_word' id='word_1_248' title='bbox 593 4487 652 4527; x_wconf 89' lang='lat' dir='ltr'><strong>csse</strong></span> <span class='ocrx_word' id='word_1_249' title='bbox 672 4489 728 4547; x_wconf 93' lang='lat' dir='ltr'><strong>pu-</strong></span> 
     </span>
     <span class='ocr_line' id='line_1_44' title="bbox 125 4558 728 4639; baseline -0.007 -18"><span class='ocrx_word' id='word_1_250' title='bbox 125 4561 219 4621; x_wconf 85' lang='lat' dir='ltr'><strong>settim</strong></span> <span class='ocrx_word' id='word_1_251' title='bbox 232 4560 284 4619; x_wconf 89' lang='lat' dir='ltr'><strong>crit</strong></span> <span class='ocrx_word' id='word_1_252' title='bbox 298 4560 457 4639; x_wconf 80' lang='lat' dir='ltr'><strong>semipulum</strong></span> <span class='ocrx_word' id='word_1_253' title='bbox 472 4558 615 4634; x_wconf 86' lang='lat' dir='ltr'><strong>indicasse,</strong></span> <span class='ocrx_word' id='word_1_254' title='bbox 627 4559 728 4639; x_wconf 90' lang='lat' dir='ltr'><strong>nequis</strong></span> 
     </span>
     <span class='ocr_line' id='line_1_45' title="bbox 125 4650 728 4724; baseline -0.008 -11"><span class='ocrx_word' id='word_1_255' title='bbox 125 4668 216 4713; x_wconf 77' lang='lat' dir='ltr'><strong>entim</strong></span> <span class='ocrx_word' id='word_1_256' title='bbox 236 4654 265 4713; x_wconf 89' lang='lat' dir='ltr'><strong>S.</strong></span> <span class='ocrx_word' id='word_1_257' title='bbox 280 4651 398 4710; x_wconf 91' lang='lat' dir='ltr'><strong>doctoris</strong></span> <span class='ocrx_word' id='word_1_258' title='bbox 415 4652 499 4709; x_wconf 83' lang='lat' dir='ltr'><strong>letum</strong></span> <span class='ocrx_word' id='word_1_259' title='bbox 522 4650 628 4709; x_wconf 85' lang='lat' dir='ltr'><strong>haheat.</strong></span> <span class='ocrx_word' id='word_1_260' title='bbox 651 4651 728 4724; x_wconf 88' lang='lat' dir='ltr'><strong>Quid</strong></span> 
     </span>
     <span class='ocr_line' id='line_1_46' title="bbox 125 4742 728 4819; baseline -0.007 -14"><span class='ocrx_word' id='word_1_261' title='bbox 125 4746 243 4805; x_wconf 84' lang='lat' dir='ltr'><strong>dicamus</strong></span> <span class='ocrx_word' id='word_1_262' title='bbox 260 4745 328 4802; x_wconf 90' lang='lat' dir='ltr'><strong>haue</strong></span> <span class='ocrx_word' id='word_1_263' title='bbox 343 4742 502 4816; x_wconf 89' lang='lat' dir='ltr'><strong>homiliam,</strong></span> <span class='ocrx_word' id='word_1_264' title='bbox 519 4762 579 4819; x_wconf 85' lang='lat' dir='ltr'><strong>quae</strong></span> <span class='ocrx_word' id='word_1_265' title='bbox 593 4762 655 4800; x_wconf 87' lang='lat' dir='ltr'><strong>sane</strong></span> <span class='ocrx_word' id='word_1_266' title='bbox 666 4743 728 4801; x_wconf 87' lang='lat' dir='ltr'><strong>hre-</strong></span> 
     </span>
     <span class='ocr_line' id='line_1_47' title="bbox 125 4833 729 4914; baseline -0.007 -17"><span class='ocrx_word' id='word_1_267' title='bbox 125 4852 168 4912; x_wconf 84' lang='lat' dir='ltr'><strong>st,</strong></span> <span class='ocrx_word' id='word_1_268' title='bbox 189 4837 263 4896; x_wconf 78' lang='lat' dir='ltr'><strong>itiam</strong></span> <span class='ocrx_word' id='word_1_269' title='bbox 277 4857 333 4894; x_wconf 87' lang='lat' dir='ltr'><strong>esse</strong></span> <span class='ocrx_word' id='word_1_270' title='bbox 349 4857 429 4913; x_wconf 89' lang='lat' dir='ltr'><strong>quarn</strong></span> <span class='ocrx_word' id='word_1_271' title='bbox 444 4833 606 4892; x_wconf 88' lang='lat' dir='ltr'><strong>Flavianum</strong></span> <span class='ocrx_word' id='word_1_272' title='bbox 625 4836 729 4914; x_wconf 87' lang='lat' dir='ltr'><strong>episeo-</strong></span> 
     </span>
     <span class='ocr_line' id='line_1_48' title="bbox 131 4925 728 5011; baseline 0 -23"><span class='ocrx_word' id='word_1_273' title='bbox 131 4925 728 5011; x_wconf 80' lang='lat' dir='ltr'><strong>pronuntiatummessetlicehatsupraChry·</strong></span> 
     </span>
     <span class='ocr_line' id='line_1_49' title="bbox 125 5019 728 5102; baseline -0.002 -22"><span class='ocrx_word' id='word_1_274' title='bbox 125 5022 225 5082; x_wconf 71' lang='lat' dir='ltr'><strong>‚²(lerte</strong></span> <span class='ocrx_word' id='word_1_275' title='bbox 234 5020 304 5079; x_wconf 92' lang='lat' dir='ltr'><strong>nihil</strong></span> <span class='ocrx_word' id='word_1_276' title='bbox 315 5020 413 5095; x_wconf 83' lang='lat' dir='ltr'><strong>video,</strong></span> <span class='ocrx_word' id='word_1_277' title='bbox 421 5019 496 5098; x_wconf 91' lang='lat' dir='ltr'><strong>quod</strong></span> <span class='ocrx_word' id='word_1_278' title='bbox 506 5039 553 5079; x_wconf 92' lang='lat' dir='ltr'><strong>nos</strong></span> <span class='ocrx_word' id='word_1_279' title='bbox 562 5021 597 5079; x_wconf 91' lang='lat' dir='ltr'><strong>ah</strong></span> <span class='ocrx_word' id='word_1_280' title='bbox 607 5020 661 5081; x_wconf 85' lang='lat' dir='ltr'><strong>hec</strong></span> <span class='ocrx_word' id='word_1_281' title='bbox 670 5022 728 5102; x_wconf 85' lang='lat' dir='ltr'><strong>opi·</strong></span> 
     </span>
     <span class='ocr_line' id='line_1_50' title="bbox 125 5113 321 5194; baseline -0.01 -21"><span class='ocrx_word' id='word_1_282' title='bbox 125 5134 215 5175; x_wconf 84' lang='lat' dir='ltr'><strong>novere</strong></span> <span class='ocrx_word' id='word_1_283' title='bbox 227 5113 321 5194; x_wconf 82' lang='lat' dir='ltr'><strong>possit.</strong></span> 
     </span>
    </p>

    <p class='ocr_par' dir='ltr' id='par_1_5' title="bbox 125 5205 728 5284">
     <span class='ocr_line' id='line_1_51' title="bbox 125 5205 728 5284; baseline -0.005 -17"><span class='ocrx_word' id='word_1_284' title='bbox 125 5226 175 5267; x_wconf 80' lang='lat' dir='ltr'><strong>mes</strong></span> <span class='ocrx_word' id='word_1_285' title='bbox 187 5209 215 5266; x_wconf 91' lang='lat' dir='ltr'><strong>iu</strong></span> <span class='ocrx_word' id='word_1_286' title='bbox 228 5205 395 5267; x_wconf 76' lang='lat' dir='ltr'><strong>Maccabeos</strong></span> <span class='ocrx_word' id='word_1_287' title='bbox 415 5205 493 5284; x_wconf 86' lang='lat' dir='ltr'><strong>sequi</strong></span> <span class='ocrx_word' id='word_1_288' title='bbox 512 5205 591 5265; x_wconf 89' lang='lat' dir='ltr'><strong>dehet</strong></span> <span class='ocrx_word' id='word_1_289' title='bbox 608 5205 728 5266; x_wconf 87' lang='lat' dir='ltr'><strong>Homilia</strong></span> 
     </span>
    </p>
   </div>
   <div class='ocr_carea' id='block_1_4' title="bbox 125 5298 724 5441">
    <p class='ocr_par' dir='ltr' id='par_1_6' title="bbox 125 5298 724 5441">
     <span class='ocr_line' id='line_1_52' title="bbox 125 5298 724 5378; baseline 0.005 -21"><span class='ocrx_word' id='word_1_290' title='bbox 125 5298 250 5378; x_wconf 84' lang='lat' dir='ltr'><strong>rrtyrihus</strong></span> <span class='ocrx_word' id='word_1_291' title='bbox 260 5299 410 5363; x_wconf 77' lang='lat' dir='ltr'><strong>Antiochiae</strong></span> <span class='ocrx_word' id='word_1_292' title='bbox 421 5298 517 5360; x_wconf 81' lang='lat' dir='ltr'><strong>hahita</strong></span> <span class='ocrx_word' id='word_1_293' title='bbox 529 5321 536 5358; x_wconf 89' lang='lat'><strong>:</strong></span> <span class='ocrx_word' id='word_1_294' title='bbox 549 5320 697 5361; x_wconf 82' lang='lat' dir='ltr'><strong>namnum.</strong></span> <span class='ocrx_word' id='word_1_295' title='bbox 710 5305 724 5360; x_wconf 88' lang='lat' dir='ltr'><strong>l</strong></span> 
     </span>
     <span class='ocr_line' id='line_1_53' title="bbox 129 5400 293 5441; baseline 0.012 -3"><span class='ocrx_word' id='word_1_296' title='bbox 129 5400 200 5441; x_wconf 79' lang='lat' dir='ltr'><strong>rora.</strong></span> <span class='ocrx_word' id='word_1_297' title='bbox 220 5401 293 5440; x_wconf 82' lang='lat' dir='ltr'><strong>xrrr.</strong></span> 
     </span>
    </p>
   </div>
   <div class='ocr_carea' id='block_1_5' title="bbox 781 571 1746 5449">
    <p class='ocr_par' dir='ltr' id='par_1_7' title="bbox 782 571 1681 4371">
     <span class='ocr_line' id='line_1_54' title="bbox 789 571 1533 658; baseline 0.009 -27"><span class='ocrx_word' id='word_1_298' title='bbox 789 571 879 631; x_wconf 86' lang='lat' dir='ltr'><strong>innuit</strong></span> <span class='ocrx_word' id='word_1_299' title='bbox 887 572 971 632; x_wconf 85' lang='lat' dir='ltr'><strong>illese</strong></span> <span class='ocrx_word' id='word_1_300' title='bbox 983 573 1052 633; x_wconf 83' lang='lat' dir='ltr'><strong>banc</strong></span> <span class='ocrx_word' id='word_1_301' title='bbox 1060 575 1247 654; x_wconf 85' lang='lat' dir='ltr'><strong>pronuntiasse</strong></span> <span class='ocrx_word' id='word_1_302' title='bbox 1260 574 1342 657; x_wconf 80' lang='lat' dir='ltr'><strong>paulo</strong></span> <span class='ocrx_word' id='word_1_303' title='bbox 1353 588 1413 658; x_wconf 91' lang='lat' dir='ltr'><strong>post</strong></span> <span class='ocrx_word' id='word_1_304' title='bbox 1423 577 1533 637; x_wconf 80' lang='lat' dir='ltr'><strong>blacen-</strong></span> 
     </span>
     <span class='ocr_line' id='line_1_55' title="bbox 789 663 1534 749; baseline 0.011 -28"><span class='ocrx_word' id='word_1_305' title='bbox 789 663 909 722; x_wconf 74' lang='lat' dir='ltr'><strong>hreorum</strong></span> <span class='ocrx_word' id='word_1_306' title='bbox 921 664 1116 725; x_wconf 61' lang='lat' dir='ltr'><strong>solemnitatem</strong></span> <span class='ocrx_word' id='word_1_307' title='bbox 1127 712 1135 737; x_wconf 94' lang='lat'><strong>,</strong></span> <span class='ocrx_word' id='word_1_308' title='bbox 1152 667 1260 745; x_wconf 91' lang='lat' dir='ltr'><strong>quaudo</strong></span> <span class='ocrx_word' id='word_1_309' title='bbox 1271 668 1418 735; x_wconf 72' lang='lat' dir='ltr'><strong>Flavianus</strong></span> <span class='ocrx_word' id='word_1_310' title='bbox 1428 671 1534 749; x_wconf 88' lang='lat' dir='ltr'><strong>episco-</strong></span> 
     </span>
     <span class='ocr_line' id='line_1_56' title="bbox 789 759 1531 837; baseline 0.008 -24"><span class='ocrx_word' id='word_1_311' title='bbox 789 778 838 837; x_wconf 90' lang='lat' dir='ltr'><strong>pus</strong></span> <span class='ocrx_word' id='word_1_312' title='bbox 853 769 1004 836; x_wconf 88' lang='lat' dir='ltr'><strong>martyrum</strong></span> <span class='ocrx_word' id='word_1_313' title='bbox 1014 759 1111 817; x_wconf 82' lang='lat' dir='ltr'><strong>festum</strong></span> <span class='ocrx_word' id='word_1_314' title='bbox 1124 759 1180 837; x_wconf 88' lang='lat' dir='ltr'><strong>ruri</strong></span> <span class='ocrx_word' id='word_1_315' title='bbox 1196 760 1381 820; x_wconf 87' lang='lat' dir='ltr'><strong>celebraturus</strong></span> <span class='ocrx_word' id='word_1_316' title='bbox 1390 760 1531 834; x_wconf 77' lang='lat' dir='ltr'><strong>abscessit,</strong></span> 
     </span>
     <span class='ocr_line' id='line_1_57' title="bbox 788 848 1533 935; baseline 0.011 -30"><span class='ocrx_word' id='word_1_317' title='bbox 788 861 868 926; x_wconf 90' lang='lat' dir='ltr'><strong>atque</strong></span> <span class='ocrx_word' id='word_1_318' title='bbox 882 848 1076 929; x_wconf 71' lang='lat' dir='ltr'><strong>chrysostomo</strong></span> <span class='ocrx_word' id='word_1_319' title='bbox 1091 851 1118 909; x_wconf 92' lang='lat' dir='ltr'><strong>iu</strong></span> <span class='ocrx_word' id='word_1_320' title='bbox 1128 850 1185 932; x_wconf 86' lang='lat' dir='ltr'><strong>ipsa</strong></span> <span class='ocrx_word' id='word_1_321' title='bbox 1198 853 1265 911; x_wconf 87' lang='lat' dir='ltr'><strong>urhe</strong></span> <span class='ocrx_word' id='word_1_322' title='bbox 1278 852 1454 929; x_wconf 81' lang='lat' dir='ltr'><strong>concionandi</strong></span> <span class='ocrx_word' id='word_1_323' title='bbox 1468 874 1533 935; x_wconf 82' lang='lat' dir='ltr'><strong>pro—</strong></span> 
     </span>
     <span class='ocr_line' id='line_1_58' title="bbox 788 943 1534 1029; baseline 0.011 -29"><span class='ocrx_word' id='word_1_324' title='bbox 788 943 906 1002; x_wconf 82' lang='lat' dir='ltr'><strong>vinciam</strong></span> <span class='ocrx_word' id='word_1_325' title='bbox 919 943 1037 1022; x_wconf 90' lang='lat' dir='ltr'><strong>reliquit.</strong></span> <span class='ocrx_word' id='word_1_326' title='bbox 1050 945 1081 1003; x_wconf 90' lang='lat' dir='ltr'><strong>ln</strong></span> <span class='ocrx_word' id='word_1_327' title='bbox 1094 945 1145 1003; x_wconf 91' lang='lat' dir='ltr'><strong>hae</strong></span> <span class='ocrx_word' id='word_1_328' title='bbox 1159 958 1248 1004; x_wconf 86' lang='lat' dir='ltr'><strong>autem</strong></span> <span class='ocrx_word' id='word_1_329' title='bbox 1259 944 1369 1005; x_wconf 87' lang='lat' dir='ltr'><strong>homilia</strong></span> <span class='ocrx_word' id='word_1_330' title='bbox 1379 946 1414 1007; x_wconf 90' lang='lat' dir='ltr'><strong>de</strong></span> <span class='ocrx_word' id='word_1_331' title='bbox 1427 961 1534 1029; x_wconf 86' lang='lat' dir='ltr'><strong>marty-</strong></span> 
     </span>
     <span class='ocr_line' id='line_1_59' title="bbox 788 1036 1534 1116; baseline 0.011 -23"><span class='ocrx_word' id='word_1_332' title='bbox 788 1056 849 1094; x_wconf 89' lang='lat' dir='ltr'><strong>rurn</strong></span> <span class='ocrx_word' id='word_1_333' title='bbox 865 1036 966 1095; x_wconf 85' lang='lat' dir='ltr'><strong>virtute</strong></span> <span class='ocrx_word' id='word_1_334' title='bbox 979 1036 1087 1116; x_wconf 78' lang='lat' dir='ltr'><strong>egregie</strong></span> <span class='ocrx_word' id='word_1_335' title='bbox 1102 1037 1209 1097; x_wconf 92' lang='lat' dir='ltr'><strong>disserit</strong></span> <span class='ocrx_word' id='word_1_336' title='bbox 1222 1040 1251 1097; x_wconf 88' lang='lat' dir='ltr'><strong>S.</strong></span> <span class='ocrx_word' id='word_1_337' title='bbox 1268 1038 1362 1099; x_wconf 88' lang='lat' dir='ltr'><strong>doctor</strong></span> <span class='ocrx_word' id='word_1_338' title='bbox 1376 1062 1383 1096; x_wconf 73' lang='grc' dir='ltr'><strong>ε</strong></span> <span class='ocrx_word' id='word_1_339' title='bbox 1397 1054 1472 1100; x_wconf 90' lang='lat' dir='ltr'><strong>muta</strong></span> <span class='ocrx_word' id='word_1_340' title='bbox 1486 1062 1534 1100; x_wconf 84' lang='lat' dir='ltr'><strong>eo—</strong></span> 
     </span>
     <span class='ocr_line' id='line_1_60' title="bbox 787 1129 1532 1213; baseline 0.012 -29"><span class='ocrx_word' id='word_1_341' title='bbox 787 1147 849 1187; x_wconf 92' lang='lat' dir='ltr'><strong>rum</strong></span> <span class='ocrx_word' id='word_1_342' title='bbox 863 1149 923 1189; x_wconf 80' lang='lat' dir='ltr'><strong>ossa</strong></span> <span class='ocrx_word' id='word_1_343' title='bbox 936 1129 999 1210; x_wconf 85' lang='lat' dir='ltr'><strong>plus</strong></span> <span class='ocrx_word' id='word_1_344' title='bbox 1018 1129 1052 1188; x_wconf 93' lang='lat' dir='ltr'><strong>ad</strong></span> <span class='ocrx_word' id='word_1_345' title='bbox 1073 1129 1207 1203; x_wconf 89' lang='lat' dir='ltr'><strong>salutem,</strong></span> <span class='ocrx_word' id='word_1_346' title='bbox 1227 1129 1261 1190; x_wconf 83' lang='lat' dir='ltr'><strong>ad</strong></span> <span class='ocrx_word' id='word_1_347' title='bbox 1279 1131 1532 1213; x_wconf 87' lang='lat' dir='ltr'><strong>compunctionem,</strong></span> 
     </span>
     <span class='ocr_line' id='line_1_61' title="bbox 785 1219 1532 1302; baseline 0.013 -24"><span class='ocrx_word' id='word_1_348' title='bbox 785 1219 821 1279; x_wconf 87' lang='lat' dir='ltr'><strong>ad</strong></span> <span class='ocrx_word' id='word_1_349' title='bbox 839 1221 1024 1301; x_wconf 71' lang='lat' dir='ltr'><strong>poenitentiam</strong></span> <span class='ocrx_word' id='word_1_350' title='bbox 1037 1224 1158 1282; x_wconf 77' lang='lat' dir='ltr'><strong>conferre</strong></span> <span class='ocrx_word' id='word_1_351' title='bbox 1179 1221 1264 1298; x_wconf 88' lang='lat' dir='ltr'><strong>dicit,</strong></span> <span class='ocrx_word' id='word_1_352' title='bbox 1285 1246 1366 1302; x_wconf 91' lang='lat' dir='ltr'><strong>quam</strong></span> <span class='ocrx_word' id='word_1_353' title='bbox 1388 1224 1532 1292; x_wconf 86' lang='lat' dir='ltr'><strong>doctorum</strong></span> 
     </span>
     <span class='ocr_line' id='line_1_62' title="bbox 786 1310 1535 1393; baseline 0.015 -25"><span class='ocrx_word' id='word_1_354' title='bbox 786 1310 972 1389; x_wconf 88' lang='lat' dir='ltr'><strong>quorumlihet</strong></span> <span class='ocrx_word' id='word_1_355' title='bbox 986 1313 1070 1375; x_wconf 86' lang='lat' dir='ltr'><strong>rerba</strong></span> <span class='ocrx_word' id='word_1_356' title='bbox 1085 1312 1340 1393; x_wconf 91' lang='lat' dir='ltr'><strong>admonitionesqne.</strong></span> <span class='ocrx_word' id='word_1_357' title='bbox 1353 1316 1425 1375; x_wconf 84' lang='lat' dir='ltr'><strong>llinc</strong></span> <span class='ocrx_word' id='word_1_358' title='bbox 1438 1317 1535 1380; x_wconf 87' lang='lat' dir='ltr'><strong>transit</strong></span> 
     </span>
     <span class='ocr_line' id='line_1_63' title="bbox 786 1402 1533 1490; baseline 0.012 -29"><span class='ocrx_word' id='word_1_359' title='bbox 786 1402 822 1462; x_wconf 89' lang='lat' dir='ltr'><strong>ad</strong></span> <span class='ocrx_word' id='word_1_360' title='bbox 834 1424 879 1462; x_wconf 90' lang='lat' dir='ltr'><strong>eos</strong></span> <span class='ocrx_word' id='word_1_361' title='bbox 891 1404 938 1483; x_wconf 93' lang='lat' dir='ltr'><strong>qni</strong></span> <span class='ocrx_word' id='word_1_362' title='bbox 950 1407 1077 1487; x_wconf 88' lang='lat' dir='ltr'><strong>mysteria</strong></span> <span class='ocrx_word' id='word_1_363' title='bbox 1088 1405 1201 1486; x_wconf 86' lang='lat' dir='ltr'><strong>indigue</strong></span> <span class='ocrx_word' id='word_1_364' title='bbox 1211 1407 1386 1488; x_wconf 87' lang='lat' dir='ltr'><strong>participant,</strong></span> <span class='ocrx_word' id='word_1_365' title='bbox 1398 1409 1533 1490; x_wconf 87' lang='lat' dir='ltr'><strong>edititque</strong></span> 
     </span>
     <span class='ocr_line' id='line_1_64' title="bbox 786 1496 1533 1581; baseline 0.013 -27"><span class='ocrx_word' id='word_1_366' title='bbox 786 1496 850 1556; x_wconf 92' lang='lat' dir='ltr'><strong>illos</strong></span> <span class='ocrx_word' id='word_1_367' title='bbox 861 1516 914 1555; x_wconf 91' lang='lat' dir='ltr'><strong>uon</strong></span> <span class='ocrx_word' id='word_1_368' title='bbox 928 1517 1004 1573; x_wconf 83' lang='lat' dir='ltr'><strong>secus</strong></span> <span class='ocrx_word' id='word_1_369' title='bbox 1015 1497 1168 1579; x_wconf 88' lang='lat' dir='ltr'><strong>plectendos</strong></span> <span class='ocrx_word' id='word_1_370' title='bbox 1179 1519 1252 1574; x_wconf 90' lang='lat' dir='ltr'><strong>esse,</strong></span> <span class='ocrx_word' id='word_1_371' title='bbox 1265 1508 1346 1578; x_wconf 81' lang='lat' dir='ltr'><strong>quant</strong></span> <span class='ocrx_word' id='word_1_372' title='bbox 1356 1521 1400 1561; x_wconf 92' lang='lat' dir='ltr'><strong>eos</strong></span> <span class='ocrx_word' id='word_1_373' title='bbox 1413 1505 1459 1581; x_wconf 91' lang='lat' dir='ltr'><strong>qui</strong></span> <span class='ocrx_word' id='word_1_374' title='bbox 1469 1504 1533 1564; x_wconf 89' lang='lat' dir='ltr'><strong>Do·</strong></span> 
     </span>
     <span class='ocr_line' id='line_1_65' title="bbox 787 1590 1532 1675; baseline 0.013 -28"><span class='ocrx_word' id='word_1_375' title='bbox 787 1590 893 1648; x_wconf 89' lang='lat' dir='ltr'><strong>minum</strong></span> <span class='ocrx_word' id='word_1_376' title='bbox 913 1590 1122 1651; x_wconf 75' lang='lat' dir='ltr'><strong>‘erucifixerunt</strong></span> <span class='ocrx_word' id='word_1_377' title='bbox 1146 1591 1278 1651; x_wconf 85' lang='lat' dir='ltr'><strong>Permulti</strong></span> <span class='ocrx_word' id='word_1_378' title='bbox 1297 1609 1362 1652; x_wconf 81' lang='lat' dir='ltr'><strong>vero</strong></span> <span class='ocrx_word' id='word_1_379' title='bbox 1382 1594 1532 1675; x_wconf 89' lang='lat' dir='ltr'><strong>posthanc</strong></span> 
     </span>
     <span class='ocr_line' id='line_1_66' title="bbox 786 1680 1531 1749; baseline 0.013 -10"><span class='ocrx_word' id='word_1_380' title='bbox 786 1680 905 1740; x_wconf 80' lang='lat' dir='ltr'><strong>hahi¹arn</strong></span> <span class='ocrx_word' id='word_1_381' title='bbox 928 1683 1082 1743; x_wconf 91' lang='lat' dir='ltr'><strong>concionem</strong></span> <span class='ocrx_word' id='word_1_382' title='bbox 1102 1683 1168 1745; x_wconf 89' lang='lat' dir='ltr'><strong>dicti</strong></span> <span class='ocrx_word' id='word_1_383' title='bbox 1192 1685 1268 1744; x_wconf 88' lang='lat' dir='ltr'><strong>illius</strong></span> <span class='ocrx_word' id='word_1_384' title='bbox 1289 1686 1463 1748; x_wconf 75' lang='lat' dir='ltr'><strong>acerbitatem</strong></span> <span class='ocrx_word' id='word_1_385' title='bbox 1478 1708 1531 1749; x_wconf 93' lang='lat' dir='ltr'><strong>non</strong></span> 
     </span>
     <span class='ocr_line' id='line_1_67' title="bbox 786 1772 1579 1856; baseline 0.016 -26"><span class='ocrx_word' id='word_1_386' title='bbox 786 1774 898 1835; x_wconf 82' lang='lat' dir='ltr'><strong>terentes</strong></span> <span class='ocrx_word' id='word_1_387' title='bbox 907 1819 917 1851; x_wconf 93' lang='lat'><em>‚</em></span> <span class='ocrx_word' id='word_1_388' title='bbox 931 1774 1175 1856; x_wconf 79' lang='lat' dir='ltr'><strong>indignabanturet</strong></span> <span class='ocrx_word' id='word_1_389' title='bbox 1185 1780 1415 1839; x_wconf 77' lang='lat' dir='ltr'><strong>excandescehaut</strong></span> <span class='ocrx_word' id='word_1_390' title='bbox 1425 1801 1433 1840; x_wconf 74' lang='grc' dir='ltr'><em>τ</em></span> <span class='ocrx_word' id='word_1_391' title='bbox 1444 1772 1531 1843; x_wconf 80' lang='lat' dir='ltr'><strong>Avo.</strong></span> <span class='ocrx_word' id='word_1_392' title='bbox 1542 1789 1579 1829; x_wconf 76' lang='lat'><strong>¹²⁵</strong></span> 
     </span>
     <span class='ocr_line' id='line_1_68' title="bbox 785 1860 1532 1946; baseline 0.015 -23"><span class='ocrx_word' id='word_1_393' title='bbox 785 1886 836 1925; x_wconf 85' lang='lat' dir='ltr'><strong>cas</strong></span> <span class='ocrx_word' id='word_1_394' title='bbox 854 1886 921 1940; x_wconf 85' lang='lat' dir='ltr'><strong>nes,</strong></span> <span class='ocrx_word' id='word_1_395' title='bbox 936 1866 1108 1946; x_wconf 89' lang='lat' dir='ltr'><strong>inquiebant,</strong></span> <span class='ocrx_word' id='word_1_396' title='bbox 1120 1890 1139 1928; x_wconf 80' lang='lat' dir='ltr'><strong>a</strong></span> <span class='ocrx_word' id='word_1_397' title='bbox 1149 1891 1235 1930; x_wconf 81' lang='lat' dir='ltr'><strong>saera</strong></span> <span class='ocrx_word' id='word_1_398' title='bbox 1245 1860 1361 1946; x_wconf 79' lang='lat' dir='ltr'><strong>meuse,</strong></span> <span class='ocrx_word' id='word_1_399' title='bbox 1374 1885 1404 1933; x_wconf 92' lang='lat' dir='ltr'><strong>et</strong></span> <span class='ocrx_word' id='word_1_400' title='bbox 1413 1893 1434 1933; x_wconf 76' lang='lat' dir='ltr'><strong>a</strong></span> <span class='ocrx_word' id='word_1_401' title='bbox 1447 1893 1532 1933; x_wconf 87' lang='lat' dir='ltr'><strong>com-</strong></span> 
     </span>
     <span class='ocr_line' id='line_1_69' title="bbox 785 1959 1532 2046; baseline 0.017 -32"><span class='ocrx_word' id='word_1_402' title='bbox 785 1965 923 2017; x_wconf 80' lang='lat' dir='ltr'><strong>munione</strong></span> <span class='ocrx_word' id='word_1_403' title='bbox 940 1959 1069 2038; x_wconf 82' lang='lat' dir='ltr'><strong>repellis.</strong></span> <span class='ocrx_word' id='word_1_404' title='bbox 1096 1964 1188 2035; x_wconf 88' lang='lat' dir='ltr'><strong>Quare</strong></span> <span class='ocrx_word' id='word_1_405' title='bbox 1208 1977 1347 2043; x_wconf 86' lang='lat' dir='ltr'><strong>permotus</strong></span> <span class='ocrx_word' id='word_1_406' title='bbox 1371 1965 1532 2046; x_wconf 69' lang='lat' dir='ltr'><strong>Chrysosto÷</strong></span> 
     </span>
     <span class='ocr_line' id='line_1_70' title="bbox 785 2051 1530 2139; baseline 0.016 -31"><span class='ocrx_word' id='word_1_407' title='bbox 785 2069 857 2124; x_wconf 89' lang='lat' dir='ltr'><strong>mus,</strong></span> <span class='ocrx_word' id='word_1_408' title='bbox 870 2051 1082 2131; x_wconf 85' lang='lat' dir='ltr'><strong>pulcherrimam</strong></span> <span class='ocrx_word' id='word_1_409' title='bbox 1099 2055 1174 2114; x_wconf 89' lang='lat' dir='ltr'><strong>illam</strong></span> <span class='ocrx_word' id='word_1_410' title='bbox 1189 2056 1336 2116; x_wconf 90' lang='lat' dir='ltr'><strong>orationem</strong></span> <span class='ocrx_word' id='word_1_411' title='bbox 1352 2057 1459 2135; x_wconf 89' lang='lat' dir='ltr'><strong>habuit,</strong></span> <span class='ocrx_word' id='word_1_412' title='bbox 1469 2080 1530 2139; x_wconf 78' lang='lat' dir='ltr'><strong>quae</strong></span> 
     </span>
     <span class='ocr_line' id='line_1_71' title="bbox 788 2143 1681 2230; baseline 0.021 -30"><span class='ocrx_word' id='word_1_413' title='bbox 788 2143 964 2218; x_wconf 84' lang='lat' dir='ltr'><strong>inscribitur,</strong></span> <span class='ocrx_word' id='word_1_414' title='bbox 983 2147 1054 2205; x_wconf 86' lang='lat' dir='ltr'><strong>Nou</strong></span> <span class='ocrx_word' id='word_1_415' title='bbox 1069 2168 1132 2208; x_wconf 88' lang='lat' dir='ltr'><strong>esse</strong></span> <span class='ocrx_word' id='word_1_416' title='bbox 1151 2150 1193 2207; x_wconf 83' lang='lat' dir='ltr'><strong>ad</strong></span> <span class='ocrx_word' id='word_1_417' title='bbox 1204 2155 1332 2230; x_wconf 78' lang='lat' dir='ltr'><strong>gratiam</strong></span> <span class='ocrx_word' id='word_1_418' title='bbox 1349 2156 1529 2214; x_wconf 74' lang='lat' dir='ltr'><strong>concionari·</strong></span> <span class='ocrx_word' id='word_1_419' title='bbox 1540 2154 1681 2217; x_wconf 50' lang='lat' dir='ltr'><strong>Tar-⁶⁵⁸·</strong></span> 
     </span>
     <span class='ocr_line' id='line_1_72' title="bbox 788 2235 1527 2323; baseline 0.019 -32"><span class='ocrx_word' id='word_1_420' title='bbox 788 2235 858 2292; x_wconf 85' lang='lat' dir='ltr'><strong>dum</strong></span> <span class='ocrx_word' id='word_1_421' title='bbox 875 2256 884 2290; x_wconf 92' lang='lat'><strong>.·</strong></span> <span class='ocrx_word' id='word_1_422' title='bbox 900 2256 952 2312; x_wconf 89' lang='lat' dir='ltr'><strong>qua</strong></span> <span class='ocrx_word' id='word_1_423' title='bbox 966 2236 1064 2316; x_wconf 90' lang='lat' dir='ltr'><strong>probat</strong></span> <span class='ocrx_word' id='word_1_424' title='bbox 1079 2260 1134 2296; x_wconf 86' lang='lat' dir='ltr'><strong>rem</strong></span> <span class='ocrx_word' id='word_1_425' title='bbox 1148 2260 1205 2299; x_wconf 90' lang='lat' dir='ltr'><strong>esse</strong></span> <span class='ocrx_word' id='word_1_426' title='bbox 1222 2241 1336 2322; x_wconf 89' lang='lat' dir='ltr'><strong>periculi</strong></span> <span class='ocrx_word' id='word_1_427' title='bbox 1349 2242 1457 2323; x_wconf 87' lang='lat' dir='ltr'><strong>plenam</strong></span> <span class='ocrx_word' id='word_1_428' title='bbox 1471 2259 1527 2305; x_wconf 90' lang='lat' dir='ltr'><strong>tum</strong></span> 
     </span>
     <span class='ocr_line' id='line_1_73' title="bbox 787 2325 1530 2413; baseline 0.022 -32"><span class='ocrx_word' id='word_1_429' title='bbox 787 2325 965 2406; x_wconf 75' lang='lat' dir='ltr'><strong>predicanti,</strong></span> <span class='ocrx_word' id='word_1_430' title='bbox 983 2341 1041 2386; x_wconf 91' lang='lat' dir='ltr'><strong>tum</strong></span> <span class='ocrx_word' id='word_1_431' title='bbox 1062 2328 1250 2406; x_wconf 87' lang='lat' dir='ltr'><strong>audientibus,</strong></span> <span class='ocrx_word' id='word_1_432' title='bbox 1264 2332 1287 2390; x_wconf 89' lang='lat' dir='ltr'><strong>si</strong></span> <span class='ocrx_word' id='word_1_433' title='bbox 1299 2332 1334 2393; x_wconf 78' lang='lat' dir='ltr'><strong>nd</strong></span> <span class='ocrx_word' id='word_1_434' title='bbox 1348 2333 1465 2413; x_wconf 74' lang='lat' dir='ltr'><strong>gratiam</strong></span> <span class='ocrx_word' id='word_1_435' title='bbox 1481 2337 1530 2398; x_wconf 87' lang='lat' dir='ltr'><strong>illc</strong></span> 
     </span>
     <span class='ocr_line' id='line_1_74' title="bbox 787 2418 1530 2505; baseline 0.02 -30"><span class='ocrx_word' id='word_1_436' title='bbox 787 2418 961 2479; x_wconf 87' lang='lat' dir='ltr'><strong>couciouetnr</strong></span> <span class='ocrx_word' id='word_1_437' title='bbox 978 2442 985 2477; x_wconf 77' lang='grc' dir='ltr'><strong><em>ε</em></strong></span> <span class='ocrx_word' id='word_1_438' title='bbox 1007 2421 1179 2502; x_wconf 88' lang='lat' dir='ltr'><strong>plurimaque</strong></span> <span class='ocrx_word' id='word_1_439' title='bbox 1193 2424 1260 2484; x_wconf 87' lang='lat' dir='ltr'><strong>dicit</strong></span> <span class='ocrx_word' id='word_1_440' title='bbox 1273 2424 1326 2485; x_wconf 85' lang='lat' dir='ltr'><strong>alia</strong></span> <span class='ocrx_word' id='word_1_441' title='bbox 1339 2425 1530 2505; x_wconf 27' lang='lat' dir='ltr'><strong>adleoucione·</strong></span> 
     </span>
     <span class='ocr_line' id='line_1_75' title="bbox 787 2512 1530 2600; baseline 0.019 -30"><span class='ocrx_word' id='word_1_442' title='bbox 787 2526 877 2570; x_wconf 91' lang='lat' dir='ltr'><strong>torum</strong></span> <span class='ocrx_word' id='word_1_443' title='bbox 896 2526 923 2572; x_wconf 92' lang='lat' dir='ltr'><strong>ct</strong></span> <span class='ocrx_word' id='word_1_444' title='bbox 943 2512 980 2572; x_wconf 88' lang='lat' dir='ltr'><strong>ad</strong></span> <span class='ocrx_word' id='word_1_445' title='bbox 993 2514 1148 2575; x_wconf 88' lang='lat' dir='ltr'><strong>auditorum</strong></span> <span class='ocrx_word' id='word_1_446' title='bbox 1161 2517 1281 2577; x_wconf 85' lang='lat' dir='ltr'><strong>officinm</strong></span> <span class='ocrx_word' id='word_1_447' title='bbox 1298 2521 1455 2600; x_wconf 85' lang='lat' dir='ltr'><strong>spectantia.</strong></span> <span class='ocrx_word' id='word_1_448' title='bbox 1470 2524 1530 2584; x_wconf 87' lang='lat' dir='ltr'><strong>Etsi</strong></span> 
     </span>
     <span class='ocr_line' id='line_1_76' title="bbox 786 2605 1530 2691; baseline 0.02 -30"><span class='ocrx_word' id='word_1_449' title='bbox 786 2623 850 2664; x_wconf 80' lang='lat' dir='ltr'><strong>uero</strong></span> <span class='ocrx_word' id='word_1_450' title='bbox 867 2605 924 2664; x_wconf 81' lang='lat' dir='ltr'><strong>bec</strong></span> <span class='ocrx_word' id='word_1_451' title='bbox 935 2606 1049 2667; x_wconf 90' lang='lat' dir='ltr'><strong>homilia</strong></span> <span class='ocrx_word' id='word_1_452' title='bbox 1062 2607 1096 2667; x_wconf 89' lang='lat' dir='ltr'><strong>ad</strong></span> <span class='ocrx_word' id='word_1_453' title='bbox 1111 2610 1286 2691; x_wconf 87' lang='lat' dir='ltr'><strong>panegyricos</strong></span> <span class='ocrx_word' id='word_1_454' title='bbox 1303 2627 1456 2674; x_wconf 84' lang='lat' dir='ltr'><strong>sanctornm</strong></span> <span class='ocrx_word' id='word_1_455' title='bbox 1470 2636 1530 2675; x_wconf 89' lang='lat' dir='ltr'><strong>ser·</strong></span> 
     </span>
     <span class='ocr_line' id='line_1_77' title="bbox 787 2701 1529 2788; baseline 0.022 -34"><span class='ocrx_word' id='word_1_456' title='bbox 787 2717 877 2755; x_wconf 87' lang='lat' dir='ltr'><strong>mones</strong></span> <span class='ocrx_word' id='word_1_457' title='bbox 894 2719 945 2758; x_wconf 94' lang='lat' dir='ltr'><strong>non</strong></span> <span class='ocrx_word' id='word_1_458' title='bbox 959 2701 1073 2781; x_wconf 89' lang='lat' dir='ltr'><strong>pertinet</strong></span> <span class='ocrx_word' id='word_1_459' title='bbox 1082 2747 1090 2777; x_wconf 92' lang='lat'><strong>,</strong></span> <span class='ocrx_word' id='word_1_460' title='bbox 1107 2723 1159 2762; x_wconf 92' lang='lat' dir='ltr'><strong>non</strong></span> <span class='ocrx_word' id='word_1_461' title='bbox 1175 2704 1253 2763; x_wconf 91' lang='lat' dir='ltr'><strong>licuit</strong></span> <span class='ocrx_word' id='word_1_462' title='bbox 1271 2725 1330 2773; x_wconf 89' lang='lat' dir='ltr'><strong>eam</strong></span> <span class='ocrx_word' id='word_1_463' title='bbox 1340 2728 1356 2765; x_wconf 88' lang='lat' dir='ltr'><strong>a</strong></span> <span class='ocrx_word' id='word_1_464' title='bbox 1367 2708 1529 2788; x_wconf 74' lang='lat' dir='ltr'><strong>precedenti</strong></span> 
     </span>
     <span class='ocr_line' id='line_1_78' title="bbox 787 2790 1530 2881; baseline 0.024 -35"><span class='ocrx_word' id='word_1_465' title='bbox 787 2790 914 2850; x_wconf 90' lang='lat' dir='ltr'><strong>concione</strong></span> <span class='ocrx_word' id='word_1_466' title='bbox 923 2791 1088 2873; x_wconf 84' lang='lat' dir='ltr'><strong>disjungere,</strong></span> <span class='ocrx_word' id='word_1_467' title='bbox 1100 2796 1162 2873; x_wconf 89' lang='lat' dir='ltr'><strong>quia</strong></span> <span class='ocrx_word' id='word_1_468' title='bbox 1173 2812 1285 2878; x_wconf 85' lang='lat' dir='ltr'><strong>eoeptam</strong></span> <span class='ocrx_word' id='word_1_469' title='bbox 1295 2798 1329 2859; x_wconf 92' lang='lat' dir='ltr'><strong>de</strong></span> <span class='ocrx_word' id='word_1_470' title='bbox 1339 2799 1450 2881; x_wconf 88' lang='lat' dir='ltr'><strong>indigne</strong></span> <span class='ocrx_word' id='word_1_471' title='bbox 1459 2823 1530 2863; x_wconf 89' lang='lat' dir='ltr'><strong>oom-</strong></span> 
     </span>
     <span class='ocr_line' id='line_1_79' title="bbox 786 2882 1529 2971; baseline 0.026 -33"><span class='ocrx_word' id='word_1_472' title='bbox 786 2882 987 2946; x_wconf 87' lang='lat' dir='ltr'><strong>munieautihns</strong></span> <span class='ocrx_word' id='word_1_473' title='bbox 1000 2886 1188 2967; x_wconf 81' lang='lat' dir='ltr'><strong>hypothesim,</strong></span> <span class='ocrx_word' id='word_1_474' title='bbox 1210 2912 1241 2950; x_wconf 88' lang='lat' dir='ltr'><strong>ea</strong></span> <span class='ocrx_word' id='word_1_475' title='bbox 1252 2913 1334 2971; x_wconf 87' lang='lat' dir='ltr'><strong>quam</strong></span> <span class='ocrx_word' id='word_1_476' title='bbox 1347 2892 1469 2955; x_wconf 86' lang='lat' dir='ltr'><strong>diximus</strong></span> <span class='ocrx_word' id='word_1_477' title='bbox 1486 2918 1529 2957; x_wconf 92' lang='lat' dir='ltr'><strong>oe-</strong></span> 
     </span>
     <span class='ocr_line' id='line_1_80' title="bbox 786 2976 1530 3064; baseline 0.022 -31"><span class='ocrx_word' id='word_1_478' title='bbox 786 2976 891 3035; x_wconf 86' lang='lat' dir='ltr'><strong>casione</strong></span> <span class='ocrx_word' id='word_1_479' title='bbox 901 2976 999 3038; x_wconf 88' lang='lat' dir='ltr'><strong>ductus</strong></span> <span class='ocrx_word' id='word_1_480' title='bbox 1014 2980 1059 3039; x_wconf 92' lang='lat' dir='ltr'><strong>hic</strong></span> <span class='ocrx_word' id='word_1_481' title='bbox 1071 2984 1253 3061; x_wconf 88' lang='lat' dir='ltr'><strong>prosequitur.</strong></span> <span class='ocrx_word' id='word_1_482' title='bbox 1269 2985 1332 3057; x_wconf 91' lang='lat' dir='ltr'><strong>Quo</strong></span> <span class='ocrx_word' id='word_1_483' title='bbox 1343 3006 1413 3047; x_wconf 87' lang='lat' dir='ltr'><strong>auno</strong></span> <span class='ocrx_word' id='word_1_484' title='bbox 1424 3000 1530 3064; x_wconf 86' lang='lat' dir='ltr'><strong>utram-</strong></span> 
     </span>
     <span class='ocr_line' id='line_1_81' title="bbox 785 3072 1529 3161; baseline 0.023 -32"><span class='ocrx_word' id='word_1_485' title='bbox 785 3091 838 3151; x_wconf 90' lang='lat' dir='ltr'><strong>que</strong></span> <span class='ocrx_word' id='word_1_486' title='bbox 857 3072 983 3134; x_wconf 83' lang='lat' dir='ltr'><strong>hahucrit</strong></span> <span class='ocrx_word' id='word_1_487' title='bbox 1002 3074 1142 3136; x_wconf 83' lang='lat' dir='ltr'><strong>homiliam</strong></span> <span class='ocrx_word' id='word_1_488' title='bbox 1157 3078 1382 3161; x_wconf 76' lang='lat' dir='ltr'><strong>Chrysostomut,</strong></span> <span class='ocrx_word' id='word_1_489' title='bbox 1398 3083 1529 3148; x_wconf 88' lang='lat' dir='ltr'><strong>incertum</strong></span> 
     </span>
     <span class='ocr_line' id='line_1_82' title="bbox 785 3166 1530 3255; baseline 0.023 -31"><span class='ocrx_word' id='word_1_490' title='bbox 785 3166 896 3225; x_wconf 91' lang='lat' dir='ltr'><strong>omnino</strong></span> <span class='ocrx_word' id='word_1_491' title='bbox 908 3182 969 3226; x_wconf 86' lang='lat' dir='ltr'><strong>est:</strong></span> <span class='ocrx_word' id='word_1_492' title='bbox 990 3168 1042 3228; x_wconf 93' lang='lat' dir='ltr'><strong>hoc</strong></span> <span class='ocrx_word' id='word_1_493' title='bbox 1058 3191 1142 3229; x_wconf 92' lang='lat' dir='ltr'><strong>unum</strong></span> <span class='ocrx_word' id='word_1_494' title='bbox 1157 3193 1191 3230; x_wconf 83' lang='lat' dir='ltr'><strong>ex</strong></span> <span class='ocrx_word' id='word_1_495' title='bbox 1207 3172 1323 3233; x_wconf 83' lang='lat' dir='ltr'><strong>seermda</strong></span> <span class='ocrx_word' id='word_1_496' title='bbox 1338 3174 1470 3255; x_wconf 90' lang='lat' dir='ltr'><strong>homilia,</strong></span> <span class='ocrx_word' id='word_1_497' title='bbox 1484 3178 1530 3241; x_wconf 83' lang='lat' dir='ltr'><strong>cui</strong></span> 
     </span>
     <span class='ocr_line' id='line_1_83' title="bbox 785 3260 1527 3349; baseline 0.02 -31"><span class='ocrx_word' id='word_1_498' title='bbox 785 3260 881 3320; x_wconf 91' lang='lat' dir='ltr'><strong>titulus</strong></span> <span class='ocrx_word' id='word_1_499' title='bbox 891 3305 901 3337; x_wconf 90' lang='lat'><strong>,</strong></span> <span class='ocrx_word' id='word_1_500' title='bbox 911 3265 985 3322; x_wconf 83' lang='lat' dir='ltr'><strong>&#39;Nou</strong></span> <span class='ocrx_word' id='word_1_501' title='bbox 1004 3285 1065 3324; x_wconf 89' lang='lat' dir='ltr'><strong>esse</strong></span> <span class='ocrx_word' id='word_1_502' title='bbox 1080 3267 1121 3324; x_wconf 82' lang='lat' dir='ltr'><strong>ad</strong></span> <span class='ocrx_word' id='word_1_503' title='bbox 1133 3270 1262 3346; x_wconf 83' lang='lat' dir='ltr'><strong>gratiam</strong></span> <span class='ocrx_word' id='word_1_504' title='bbox 1275 3274 1527 3349; x_wconf 83' lang='lat' dir='ltr'><strong>concionandum,</strong></span> 
     </span>
     <span class='ocr_line' id='line_1_84' title="bbox 785 3353 1529 3440; baseline 0.019 -28"><span class='ocrx_word' id='word_1_505' title='bbox 785 3354 919 3434; x_wconf 83' lang='lat' dir='ltr'><strong>expiscari</strong></span> <span class='ocrx_word' id='word_1_506' title='bbox 934 3377 1011 3437; x_wconf 89' lang='lat' dir='ltr'><strong>posse</strong></span> <span class='ocrx_word' id='word_1_507' title='bbox 1024 3356 1166 3433; x_wconf 86' lang='lat' dir='ltr'><strong>videmur,</strong></span> <span class='ocrx_word' id='word_1_508' title='bbox 1182 3353 1278 3440; x_wconf 80' lang='lat' dir='ltr'><strong>nempe</strong></span> <span class='ocrx_word' id='word_1_509' title='bbox 1292 3361 1411 3429; x_wconf 80' lang='lat' dir='ltr'><strong>habitam</strong></span> <span class='ocrx_word' id='word_1_510' title='bbox 1428 3379 1529 3425; x_wconf 76' lang='lat' dir='ltr'><strong>citram-</strong></span> 
     </span>
     <span class='ocr_line' id='line_1_85' title="bbox 785 3447 1527 3527; baseline 0.02 -25"><span class='ocrx_word' id='word_1_511' title='bbox 785 3467 837 3523; x_wconf 91' lang='lat' dir='ltr'><strong>que</strong></span> <span class='ocrx_word' id='word_1_512' title='bbox 849 3447 930 3506; x_wconf 86' lang='lat' dir='ltr'><strong>luisse</strong></span> <span class='ocrx_word' id='word_1_513' title='bbox 944 3463 1003 3527; x_wconf 91' lang='lat' dir='ltr'><strong>post</strong></span> <span class='ocrx_word' id='word_1_514' title='bbox 1016 3448 1149 3509; x_wconf 88' lang='lat' dir='ltr'><strong>llomilias</strong></span> <span class='ocrx_word' id='word_1_515' title='bbox 1162 3449 1197 3509; x_wconf 93' lang='lat' dir='ltr'><strong>dc</strong></span> <span class='ocrx_word' id='word_1_516' title='bbox 1207 3452 1318 3514; x_wconf 60' lang='lat' dir='ltr'><strong>lsazaro.</strong></span> <span class='ocrx_word' id='word_1_517' title='bbox 1329 3454 1485 3521; x_wconf 81' lang='lat' dir='ltr'><strong>Dicitenim</strong></span> <span class='ocrx_word' id='word_1_518' title='bbox 1496 3458 1527 3520; x_wconf 87' lang='lat' dir='ltr'><strong>S.</strong></span> 
     </span>
     <span class='ocr_line' id='line_1_86' title="bbox 785 3538 1531 3630; baseline 0.021 -34"><span class='ocrx_word' id='word_1_519' title='bbox 785 3538 878 3598; x_wconf 93' lang='lat' dir='ltr'><strong>doctor</strong></span> <span class='ocrx_word' id='word_1_520' title='bbox 901 3561 976 3599; x_wconf 94' lang='lat' dir='ltr'><strong>num.</strong></span> <span class='ocrx_word' id='word_1_521' title='bbox 1002 3543 1020 3599; x_wconf 78' lang='lat'><strong>3</strong></span> <span class='ocrx_word' id='word_1_522' title='bbox 1041 3540 1076 3600; x_wconf 90' lang='lat' dir='ltr'><strong>dc</strong></span> <span class='ocrx_word' id='word_1_523' title='bbox 1094 3544 1195 3603; x_wconf 81' lang='lat' dir='ltr'><strong>lazaro</strong></span> <span class='ocrx_word' id='word_1_524' title='bbox 1214 3544 1325 3624; x_wconf 89' lang='lat' dir='ltr'><strong>loquens</strong></span> <span class='ocrx_word' id='word_1_525' title='bbox 1345 3570 1352 3605; x_wconf 75' lang='grc' dir='ltr'><strong><em>ε</em></strong></span> <span class='ocrx_word' id='word_1_526' title='bbox 1373 3552 1531 3630; x_wconf 80' lang='lat' dir='ltr'><strong>‹ithuid</strong></span> 
     </span>
     <span class='ocr_line' id='line_1_87' title="bbox 784 3632 1528 3726; baseline 0.019 -38"><span class='ocrx_word' id='word_1_527' title='bbox 784 3651 852 3711; x_wconf 91' lang='lat' dir='ltr'><strong>opus</strong></span> <span class='ocrx_word' id='word_1_528' title='bbox 876 3645 913 3690; x_wconf 90' lang='lat' dir='ltr'><strong>est</strong></span> <span class='ocrx_word' id='word_1_529' title='bbox 939 3632 1095 3713; x_wconf 89' lang='lat' dir='ltr'><strong>parabolam</strong></span> <span class='ocrx_word' id='word_1_530' title='bbox 1120 3648 1202 3695; x_wconf 90' lang='lat' dir='ltr'><strong>totam</strong></span> <span class='ocrx_word' id='word_1_531' title='bbox 1227 3640 1404 3717; x_wconf 71' lang='lat' dir='ltr'><strong>percurrere?</strong></span> <span class='ocrx_word' id='word_1_532' title='bbox 1426 3646 1528 3726; x_wconf 85' lang='lat' dir='ltr'><strong>quippe</strong></span> 
     </span>
     <span class='ocr_line' id='line_1_88' title="bbox 784 3722 1525 3813; baseline 0.023 -33"><span class='ocrx_word' id='word_1_533' title='bbox 784 3722 868 3782; x_wconf 90' lang='lat' dir='ltr'><strong>nostis</strong></span> <span class='ocrx_word' id='word_1_534' title='bbox 888 3723 1029 3784; x_wconf 90' lang='lat' dir='ltr'><strong>historiam</strong></span> <span class='ocrx_word' id='word_1_535' title='bbox 1054 3747 1178 3803; x_wconf 90' lang='lat' dir='ltr'><strong>omnem;</strong></span> <span class='ocrx_word' id='word_1_536' title='bbox 1205 3730 1389 3807; x_wconf 58' lang='lat' dir='ltr'><strong>crudelitatmn</strong></span> <span class='ocrx_word' id='word_1_537' title='bbox 1411 3734 1525 3813; x_wconf 90' lang='lat' dir='ltr'><strong>divitis,</strong></span> 
     </span>
     <span class='ocr_line' id='line_1_89' title="bbox 783 3817 1526 3902; baseline 0.027 -31"><span class='ocrx_word' id='word_1_538' title='bbox 783 3837 838 3893; x_wconf 92' lang='lat' dir='ltr'><strong>quo</strong></span> <span class='ocrx_word' id='word_1_539' title='bbox 857 3831 936 3897; x_wconf 87' lang='lat' dir='ltr'><strong>pacto</strong></span> <span class='ocrx_word' id='word_1_540' title='bbox 951 3817 1105 3878; x_wconf 87' lang='lat' dir='ltr'><strong>mendicum</strong></span> <span class='ocrx_word' id='word_1_541' title='bbox 1125 3821 1284 3902; x_wconf 86' lang='lat' dir='ltr'><strong>participem</strong></span> <span class='ocrx_word' id='word_1_542' title='bbox 1306 3846 1402 3886; x_wconf 79' lang='lat' dir='ltr'><strong>mensae</strong></span> <span class='ocrx_word' id='word_1_543' title='bbox 1416 3849 1468 3889; x_wconf 93' lang='lat' dir='ltr'><strong>non</strong></span> <span class='ocrx_word' id='word_1_544' title='bbox 1483 3830 1526 3890; x_wconf 80' lang='lat' dir='ltr'><strong>la·</strong></span> 
     </span>
     <span class='ocr_line' id='line_1_90' title="bbox 785 3910 1526 4004; baseline 0.023 -39"><span class='ocrx_word' id='word_1_545' title='bbox 785 3923 856 3967; x_wconf 84' lang='lat' dir='ltr'><strong>ccret</strong></span> <span class='ocrx_word' id='word_1_546' title='bbox 873 3932 880 3965; x_wconf 75' lang='grc' dir='ltr'><strong><em>ε</em></strong></span> <span class='ocrx_word' id='word_1_547' title='bbox 894 3923 1041 3989; x_wconf 80' lang='lat' dir='ltr'><strong>egestatem</strong></span> <span class='ocrx_word' id='word_1_548' title='bbox 1052 3910 1127 3972; x_wconf 91' lang='lat' dir='ltr'><strong>illius</strong></span> <span class='ocrx_word' id='word_1_549' title='bbox 1147 3934 1179 3972; x_wconf 87' lang='lat' dir='ltr'><strong>ac</strong></span> <span class='ocrx_word' id='word_1_550' title='bbox 1191 3914 1288 3975; x_wconf 84' lang='lat' dir='ltr'><strong>samem</strong></span> <span class='ocrx_word' id='word_1_551' title='bbox 1300 3962 1308 3991; x_wconf 97' lang='lat'><strong>,</strong></span> <span class='ocrx_word' id='word_1_552' title='bbox 1320 3938 1383 3978; x_wconf 89' lang='lat' dir='ltr'><strong>enm</strong></span> <span class='ocrx_word' id='word_1_553' title='bbox 1397 3941 1449 3999; x_wconf 91' lang='lat' dir='ltr'><strong>qua</strong></span> <span class='ocrx_word' id='word_1_554' title='bbox 1463 3944 1526 4004; x_wconf 88' lang='lat' dir='ltr'><strong>per-</strong></span> 
     </span>
     <span class='ocr_line' id='line_1_91' title="bbox 783 4001 1527 4096; baseline 0.024 -38"><span class='ocrx_word' id='word_1_555' title='bbox 783 4015 864 4081; x_wconf 89' lang='lat' dir='ltr'><strong>petuo</strong></span> <span class='ocrx_word' id='word_1_556' title='bbox 888 4001 1102 4064; x_wconf 85' lang='lat' dir='ltr'><strong>conflictabatur.</strong></span> <span class='ocrx_word' id='word_1_557' title='bbox 1117 4028 1132 4059; x_wconf 78' lang='lat' dir='ltr'><strong>s</strong></span> <span class='ocrx_word' id='word_1_558' title='bbox 1147 4006 1214 4077; x_wconf 81' lang='lat' dir='ltr'><strong>Quae</strong></span> <span class='ocrx_word' id='word_1_559' title='bbox 1239 4028 1302 4068; x_wconf 86' lang='lat' dir='ltr'><strong>sane</strong></span> <span class='ocrx_word' id='word_1_560' title='bbox 1319 4009 1446 4072; x_wconf 84' lang='lat' dir='ltr'><strong>videntur</strong></span> <span class='ocrx_word' id='word_1_561' title='bbox 1466 4030 1527 4096; x_wconf 92' lang='lat' dir='ltr'><strong>post</strong></span> 
     </span>
     <span class='ocr_line' id='line_1_92' title="bbox 783 4092 1523 4174; baseline 0.019 -22"><span class='ocrx_word' id='word_1_562' title='bbox 783 4110 916 4153; x_wconf 87' lang='lat' dir='ltr'><strong>sermones</strong></span> <span class='ocrx_word' id='word_1_563' title='bbox 929 4092 964 4152; x_wconf 89' lang='lat' dir='ltr'><strong>de</strong></span> <span class='ocrx_word' id='word_1_564' title='bbox 975 4097 1075 4154; x_wconf 81' lang='lat' dir='ltr'><strong>Lazaro</strong></span> <span class='ocrx_word' id='word_1_565' title='bbox 1094 4095 1188 4174; x_wconf 87' lang='lat' dir='ltr'><strong>dieta,</strong></span> <span class='ocrx_word' id='word_1_566' title='bbox 1203 4097 1264 4158; x_wconf 89' lang='lat' dir='ltr'><strong>lieet</strong></span> <span class='ocrx_word' id='word_1_567' title='bbox 1276 4098 1307 4158; x_wconf 91' lang='lat' dir='ltr'><strong>id</strong></span> <span class='ocrx_word' id='word_1_568' title='bbox 1325 4102 1461 4164; x_wconf 80' lang='lat' dir='ltr'><strong>allirmare</strong></span> <span class='ocrx_word' id='word_1_569' title='bbox 1472 4128 1523 4166; x_wconf 91' lang='lat' dir='ltr'><strong>nou</strong></span> 
     </span>
     <span class='ocr_line' id='line_1_93' title="bbox 783 4187 1524 4261; baseline 0.02 -17"><span class='ocrx_word' id='word_1_570' title='bbox 783 4187 879 4245; x_wconf 90' lang='lat' dir='ltr'><strong>ausim.</strong></span> <span class='ocrx_word' id='word_1_571' title='bbox 895 4190 959 4261; x_wconf 89' lang='lat' dir='ltr'><strong>Quo</strong></span> <span class='ocrx_word' id='word_1_572' title='bbox 971 4200 1060 4247; x_wconf 91' lang='lat' dir='ltr'><strong>autem</strong></span> <span class='ocrx_word' id='word_1_573' title='bbox 1076 4209 1147 4248; x_wconf 91' lang='lat' dir='ltr'><strong>anno</strong></span> <span class='ocrx_word' id='word_1_574' title='bbox 1161 4210 1294 4251; x_wconf 86' lang='lat' dir='ltr'><strong>sermones</strong></span> <span class='ocrx_word' id='word_1_575' title='bbox 1307 4193 1340 4251; x_wconf 82' lang='lat' dir='ltr'><strong>de</strong></span> <span class='ocrx_word' id='word_1_576' title='bbox 1361 4196 1462 4258; x_wconf 85' lang='lat' dir='ltr'><strong>Lararo</strong></span> <span class='ocrx_word' id='word_1_577' title='bbox 1477 4199 1524 4258; x_wconf 91' lang='lat' dir='ltr'><strong>di-</strong></span> 
     </span>
     <span class='ocr_line' id='line_1_94' title="bbox 782 4279 1524 4371; baseline 0.018 -33"><span class='ocrx_word' id='word_1_578' title='bbox 782 4279 818 4338; x_wconf 94' lang='lat' dir='ltr'><strong>eti</strong></span> <span class='ocrx_word' id='word_1_579' title='bbox 829 4279 936 4353; x_wconf 80' lang='lat' dir='ltr'><strong>breriut,</strong></span> <span class='ocrx_word' id='word_1_580' title='bbox 947 4279 1048 4359; x_wconf 90' lang='lat' dir='ltr'><strong>pariter</strong></span> <span class='ocrx_word' id='word_1_581' title='bbox 1056 4279 1187 4340; x_wconf 90' lang='lat' dir='ltr'><strong>incertum</strong></span> <span class='ocrx_word' id='word_1_582' title='bbox 1198 4297 1247 4358; x_wconf 90' lang='lat' dir='ltr'><strong>est,</strong></span> <span class='ocrx_word' id='word_1_583' title='bbox 1259 4297 1289 4342; x_wconf 91' lang='lat' dir='ltr'><strong>ut</strong></span> <span class='ocrx_word' id='word_1_584' title='bbox 1301 4285 1422 4347; x_wconf 79' lang='lat' dir='ltr'><strong>vidimus</strong></span> <span class='ocrx_word' id='word_1_585' title='bbox 1431 4311 1524 4371; x_wconf 90' lang='lat' dir='ltr'><strong>supra.</strong></span> 
     </span>
    </p>

    <p class='ocr_par' dir='ltr' id='par_1_8' title="bbox 781 4371 1746 5389">
     <span class='ocr_line' id='line_1_95' title="bbox 822 4371 1746 4456; baseline 0.012 -27"><span class='ocrx_word' id='word_1_586' title='bbox 822 4372 937 4430; x_wconf 87' lang='lat' dir='ltr'><strong>Brevem</strong></span> <span class='ocrx_word' id='word_1_587' title='bbox 949 4371 1031 4431; x_wconf 92' lang='lat' dir='ltr'><strong>aliam</strong></span> <span class='ocrx_word' id='word_1_588' title='bbox 1044 4371 1072 4431; x_wconf 92' lang='lat' dir='ltr'><strong>in</strong></span> <span class='ocrx_word' id='word_1_589' title='bbox 1088 4388 1193 4433; x_wconf 90' lang='lat' dir='ltr'><strong>sanctos</strong></span> <span class='ocrx_word' id='word_1_590' title='bbox 1206 4377 1341 4456; x_wconf 84' lang='lat' dir='ltr'><strong>Martyres</strong></span> <span class='ocrx_word' id='word_1_591' title='bbox 1355 4377 1450 4438; x_wconf 81' lang='lat' dir='ltr'><strong>hahuit</strong></span> <span class='ocrx_word' id='word_1_592' title='bbox 1460 4404 1525 4443; x_wconf 87' lang='lat' dir='ltr'><strong>eon·</strong></span> <span class='ocrx_word' id='word_1_593' title='bbox 1535 4374 1678 4439; x_wconf 72' lang='lat' dir='ltr'><strong>T·²·l&#39;·⁶·&#39;’&#39;t·</strong></span> <span class='ocrx_word' id='word_1_594' title='bbox 1740 4380 1746 4389; x_wconf 85' lang='lat'>&#39;</span> 
     </span>
     <span class='ocr_line' id='line_1_96' title="bbox 781 4462 1522 4552; baseline 0.023 -31"><span class='ocrx_word' id='word_1_595' title='bbox 781 4462 900 4538; x_wconf 83' lang='lat' dir='ltr'><strong>cionem,</strong></span> <span class='ocrx_word' id='word_1_596' title='bbox 922 4464 999 4544; x_wconf 83' lang='lat' dir='ltr'><strong>cujus</strong></span> <span class='ocrx_word' id='word_1_597' title='bbox 1021 4485 1121 4523; x_wconf 90' lang='lat' dir='ltr'><strong>annum</strong></span> <span class='ocrx_word' id='word_1_598' title='bbox 1142 4466 1278 4546; x_wconf 82' lang='lat' dir='ltr'><strong>assignare</strong></span> <span class='ocrx_word' id='word_1_599' title='bbox 1297 4489 1350 4528; x_wconf 93' lang='lat' dir='ltr'><strong>non</strong></span> <span class='ocrx_word' id='word_1_600' title='bbox 1372 4493 1522 4552; x_wconf 82' lang='lat' dir='ltr'><strong>possumus</strong></span> 
     </span>
     <span class='ocr_line' id='line_1_97' title="bbox 781 4557 1525 4650; baseline 0.023 -36"><span class='ocrx_word' id='word_1_601' title='bbox 781 4557 846 4615; x_wconf 80' lang='lat' dir='ltr'><strong>llaec</strong></span> <span class='ocrx_word' id='word_1_602' title='bbox 865 4569 955 4615; x_wconf 88' lang='lat' dir='ltr'><strong>autem</strong></span> <span class='ocrx_word' id='word_1_603' title='bbox 972 4557 999 4615; x_wconf 93' lang='lat' dir='ltr'><strong>in</strong></span> <span class='ocrx_word' id='word_1_604' title='bbox 1018 4577 1084 4635; x_wconf 87' lang='lat' dir='ltr'><strong>agro</strong></span> <span class='ocrx_word' id='word_1_605' title='bbox 1104 4558 1271 4619; x_wconf 77' lang='lat' dir='ltr'><strong>Antiocheno</strong></span> <span class='ocrx_word' id='word_1_606' title='bbox 1293 4560 1366 4623; x_wconf 89' lang='lat' dir='ltr'><strong>dieta</strong></span> <span class='ocrx_word' id='word_1_607' title='bbox 1389 4566 1456 4640; x_wconf 84' lang='lat' dir='ltr'><strong>luit,</strong></span> <span class='ocrx_word' id='word_1_608' title='bbox 1469 4592 1525 4650; x_wconf 93' lang='lat' dir='ltr'><strong>quo</strong></span> 
     </span>
     <span class='ocr_line' id='line_1_98' title="bbox 781 4649 1526 4736; baseline 0.019 -28"><span class='ocrx_word' id='word_1_609' title='bbox 781 4649 950 4708; x_wconf 86' lang='lat' dir='ltr'><strong>confluebant</strong></span> <span class='ocrx_word' id='word_1_610' title='bbox 960 4668 994 4707; x_wconf 85' lang='lat' dir='ltr'><strong>ex</strong></span> <span class='ocrx_word' id='word_1_611' title='bbox 1004 4649 1112 4708; x_wconf 87' lang='lat' dir='ltr'><strong>civitate</strong></span> <span class='ocrx_word' id='word_1_612' title='bbox 1123 4649 1211 4726; x_wconf 88' lang='lat' dir='ltr'><strong>multi,</strong></span> <span class='ocrx_word' id='word_1_613' title='bbox 1222 4651 1269 4712; x_wconf 84' lang='lat' dir='ltr'><strong>sed</strong></span> <span class='ocrx_word' id='word_1_614' title='bbox 1278 4668 1420 4736; x_wconf 86' lang='lat' dir='ltr'><strong>postquam</strong></span> <span class='ocrx_word' id='word_1_615' title='bbox 1428 4675 1454 4721; x_wconf 89' lang='lat' dir='ltr'><strong>et</strong></span> <span class='ocrx_word' id='word_1_616' title='bbox 1463 4663 1526 4721; x_wconf 84' lang='lat' dir='ltr'><strong>eul-</strong></span> 
     </span>
     <span class='ocr_line' id='line_1_99' title="bbox 782 4741 1523 4822; baseline 0.023 -23"><span class='ocrx_word' id='word_1_617' title='bbox 782 4753 839 4800; x_wconf 91' lang='lat' dir='ltr'><strong>tum</strong></span> <span class='ocrx_word' id='word_1_618' title='bbox 863 4741 1028 4822; x_wconf 87' lang='lat' dir='ltr'><strong>martyribus</strong></span> <span class='ocrx_word' id='word_1_619' title='bbox 1038 4741 1228 4819; x_wconf 79' lang='lat' dir='ltr'><strong>exhibuerant,</strong></span> <span class='ocrx_word' id='word_1_620' title='bbox 1243 4759 1269 4804; x_wconf 93' lang='lat' dir='ltr'><strong>et</strong></span> <span class='ocrx_word' id='word_1_621' title='bbox 1278 4750 1418 4810; x_wconf 84' lang='lat' dir='ltr'><strong>conciones</strong></span> <span class='ocrx_word' id='word_1_622' title='bbox 1428 4753 1523 4816; x_wconf 86' lang='lat' dir='ltr'><strong>arulie·</strong></span> 
     </span>
     <span class='ocr_line' id='line_1_100' title="bbox 781 4832 1521 4916; baseline 0.023 -26"><span class='ocrx_word' id='word_1_623' title='bbox 781 4848 858 4904; x_wconf 90' lang='lat' dir='ltr'><strong>rant,</strong></span> <span class='ocrx_word' id='word_1_624' title='bbox 879 4833 914 4891; x_wconf 90' lang='lat' dir='ltr'><strong>ad</strong></span> <span class='ocrx_word' id='word_1_625' title='bbox 934 4832 1048 4914; x_wconf 87' lang='lat' dir='ltr'><strong>popinas</strong></span> <span class='ocrx_word' id='word_1_626' title='bbox 1064 4847 1089 4893; x_wconf 91' lang='lat' dir='ltr'><strong>et</strong></span> <span class='ocrx_word' id='word_1_627' title='bbox 1107 4836 1318 4916; x_wconf 81' lang='lat' dir='ltr'><strong>compotationes</strong></span> <span class='ocrx_word' id='word_1_628' title='bbox 1340 4840 1521 4909; x_wconf 84' lang='lat' dir='ltr'><strong>divertebant.</strong></span> 
     </span>
     <span class='ocr_line' id='line_1_101' title="bbox 782 4925 1523 5002; baseline 0.027 -20"><span class='ocrx_word' id='word_1_629' title='bbox 782 4929 841 4998; x_wconf 89' lang='lat' dir='ltr'><strong>Qua</strong></span> <span class='ocrx_word' id='word_1_630' title='bbox 857 4925 892 4985; x_wconf 92' lang='lat' dir='ltr'><strong>de</strong></span> <span class='ocrx_word' id='word_1_631' title='bbox 902 4948 930 4985; x_wconf 89' lang='lat' dir='ltr'><strong>re</strong></span> <span class='ocrx_word' id='word_1_632' title='bbox 944 4927 1042 4987; x_wconf 86' lang='lat' dir='ltr'><strong>acriter</strong></span> <span class='ocrx_word' id='word_1_633' title='bbox 1051 4927 1077 4986; x_wconf 94' lang='lat' dir='ltr'><strong>in</strong></span> <span class='ocrx_word' id='word_1_634' title='bbox 1089 4948 1134 4987; x_wconf 90' lang='lat' dir='ltr'><strong>eos</strong></span> <span class='ocrx_word' id='word_1_635' title='bbox 1148 4928 1402 4995; x_wconf 87' lang='lat' dir='ltr'><strong>invehitursanctus</strong></span> <span class='ocrx_word' id='word_1_636' title='bbox 1412 4938 1523 5002; x_wconf 91' lang='lat' dir='ltr'><strong>Doctor.</strong></span> 
     </span>
     <span class='ocr_line' id='line_1_102' title="bbox 783 5016 1525 5113; baseline 0.026 -39"><span class='ocrx_word' id='word_1_637' title='bbox 783 5016 956 5099; x_wconf 77' lang='lat' dir='ltr'><strong>«Perpende,</strong></span> <span class='ocrx_word' id='word_1_638' title='bbox 972 5042 987 5074; x_wconf 79' lang='lat' dir='ltr'><strong>s</strong></span> <span class='ocrx_word' id='word_1_639' title='bbox 1005 5019 1103 5099; x_wconf 88' lang='lat' dir='ltr'><strong>inquit,</strong></span> <span class='ocrx_word' id='word_1_640' title='bbox 1123 5046 1138 5077; x_wconf 81' lang='lat' dir='ltr'><strong>u</strong></span> <span class='ocrx_word' id='word_1_641' title='bbox 1152 5042 1233 5100; x_wconf 84' lang='lat' dir='ltr'><strong>quarn</strong></span> <span class='ocrx_word' id='word_1_642' title='bbox 1245 5021 1394 5086; x_wconf 87' lang='lat' dir='ltr'><strong>ridiculum</strong></span> <span class='ocrx_word' id='word_1_643' title='bbox 1405 5028 1449 5107; x_wconf 88' lang='lat' dir='ltr'><strong>sit,</strong></span> <span class='ocrx_word' id='word_1_644' title='bbox 1463 5047 1525 5113; x_wconf 91' lang='lat' dir='ltr'><strong>post</strong></span> 
     </span>
     <span class='ocr_line' id='line_1_103' title="bbox 782 5110 1526 5200; baseline 0.026 -33"><span class='ocrx_word' id='word_1_645' title='bbox 782 5110 914 5190; x_wconf 89' lang='lat' dir='ltr'><strong>ejusmodi</strong></span> <span class='ocrx_word' id='word_1_646' title='bbox 928 5126 1100 5185; x_wconf 83' lang='lat' dir='ltr'><strong>conventum,</strong></span> <span class='ocrx_word' id='word_1_647' title='bbox 1113 5127 1175 5194; x_wconf 91' lang='lat' dir='ltr'><strong>post</strong></span> <span class='ocrx_word' id='word_1_648' title='bbox 1185 5115 1305 5196; x_wconf 65' lang='lat' dir='ltr'><strong>vigilios,</strong></span> <span class='ocrx_word' id='word_1_649' title='bbox 1317 5133 1377 5200; x_wconf 90' lang='lat' dir='ltr'><strong>post</strong></span> <span class='ocrx_word' id='word_1_650' title='bbox 1387 5141 1526 5195; x_wconf 84' lang='lat' dir='ltr'><strong>sacrarum</strong></span> 
     </span>
     <span class='ocr_line' id='line_1_104' title="bbox 782 5203 1528 5299; baseline 0.021 -37"><span class='ocrx_word' id='word_1_651' title='bbox 782 5203 947 5264; x_wconf 84' lang='lat' dir='ltr'><strong>auditionem</strong></span> <span class='ocrx_word' id='word_1_652' title='bbox 959 5205 1162 5286; x_wconf 74' lang='lat' dir='ltr'><strong>scripturarum</strong></span> <span class='ocrx_word' id='word_1_653' title='bbox 1168 5252 1179 5280; x_wconf 89' lang='lat'><strong>,</strong></span> <span class='ocrx_word' id='word_1_654' title='bbox 1191 5221 1253 5288; x_wconf 89' lang='lat' dir='ltr'><strong>post</strong></span> <span class='ocrx_word' id='word_1_655' title='bbox 1265 5206 1423 5295; x_wconf 80' lang='lat' dir='ltr'><strong>divinorum</strong></span> <span class='ocrx_word' id='word_1_656' title='bbox 1436 5219 1528 5299; x_wconf 84' lang='lat' dir='ltr'><strong>parti·</strong></span> 
     </span>
     <span class='ocr_line' id='line_1_105' title="bbox 781 5296 1530 5389; baseline 0.024 -34"><span class='ocrx_word' id='word_1_657' title='bbox 781 5297 943 5380; x_wconf 77' lang='lat' dir='ltr'><strong>eipationem</strong></span> <span class='ocrx_word' id='word_1_658' title='bbox 957 5297 1202 5389; x_wconf 59' lang='lat' dir='ltr'><strong>mysterior&#39;hmygct·</strong></span> <span class='ocrx_word' id='word_1_659' title='bbox 1212 5296 1456 5386; x_wconf 67' lang='lat' dir='ltr'><strong>post&#39;frpitituulen</strong></span> <span class='ocrx_word' id='word_1_660' title='bbox 1468 5313 1530 5377; x_wconf 59' lang='lat' dir='ltr'><strong>lars</strong></span> 
     </span>
    </p>

    <p class='ocr_par' dir='ltr' id='par_1_9' title="bbox 1311 5393 1350 5449">
     <span class='ocr_line' id='line_1_106' title="bbox 1311 5393 1350 5449; baseline 0.077 -3"><span class='ocrx_word' id='word_1_661' title='bbox 1311 5393 1350 5449; x_wconf 84' lang='lat' dir='ltr'><strong>tu</strong></span> 
     </span>
    </p>
   </div>
   <div class='ocr_carea' id='block_1_6' title="bbox 0 0 1862 5970">
    <p class='ocr_par' dir='ltr' id='par_1_10' title="bbox 0 0 1862 5970">
     <span class='ocr_line' id='line_1_107' title="bbox 0 0 1862 5970; baseline 0 1"><span class='ocrx_word' id='word_1_662' title='bbox 0 0 1862 5970; x_wconf 95' lang='lat' dir='ltr'><strong> </strong></span> 
     </span>
    </p>
   </div>
  </div>
 </body>
</html>
