3714 5970
180 450 248 522 ¹9²
653 448 684 497 s.
709 447 851 498 wisura
876 446 1109 497 euersosrour
1135 446 1239 505 vrrs,
1275 460 1290 473 ·
1367 470 1370 475 .

174 570 320 630 enuntians
330 592 340 632 ε
349 589 414 630 uam
424 570 573 630 mnumerae
583 590 652 652 pene
661 584 724 631 snt
732 571 853 652 ejusdem
863 571 918 628 lor·

177 663 374 724 meeunoris
382 663 513 744 epistole.
521 662 654 723 Antiocho
661 661 920 723 itemamicoscribit

176 759 258 839 epist.
270 757 331 819 189
339 803 349 833 ,
358 756 549 816 difficultatem
561 754 697 815 scribendi
711 755 748 815 ob
760 754 919 815 tabellario-

174 871 239 911 Μ
251 851 394 932 petrariam
412 869 581 921 mnus,
596 849 745 926 frequentes
759 847 793 906 ab
805 868 837 907 eo
857 847 919 905 lite-

174 965 219 1003 ras
238 959 348 1024 prens,
368 943 500 1021 illumque
522 939 693 1000 Artemidoro
714 938 823 999 cuidam
842 959 919 999 com-

174 1037 286 1095 mendat
299 1036 327 1096 io
338 1035 417 1117 epist.
427 1038 496 1103 ΥΠ.
506 1034 624 1114 Alypius
633 1053 696 1093 vero
707 1031 820 1112 quidam
832 1031 919 1112 Chry-

175 1142 293 1188 insumo
304 1126 452 1187 admodum
467 1124 612 1202 addictus,
628 1123 680 1205 ipsi
699 1124 776 1206 prior
799 1123 917 1203 scripse·

178 1234 222 1279 rat
233 1222 312 1302 epist
322 1220 405 1296 (186,
418 1218 498 1293 178),
508 1215 583 1275 haud
596 1215 680 1276 dubie
694 1237 756 1275 cum
769 1215 919 1296 primoCu·

173 1333 272 1371 cusum
292 1311 461 1386 ademisset,
476 1306 524 1368 sed
544 1328 607 1367 cum
626 1307 811 1382 excusatione,
831 1327 865 1365 ne
883 1326 916 1364 ex

173 1402 222 1461 illa
244 1401 412 1461 festinatione
425 1400 503 1479 quasi
523 1398 672 1460 admodum
687 1420 805 1480 praeceps
818 1419 919 1480 argue·

175 1508 261 1554 retur.
275 1492 428 1576 Respondet
441 1493 482 1555 illi
501 1492 710 1575 Cbrysostomus
716 1535 727 1563 ,
741 1511 769 1550 se
780 1536 788 1566 ,
799 1504 829 1550 ut
843 1488 919 1571 prius

175 1585 345 1665 diligentiam
355 1600 382 1647 et
391 1586 588 1647 festinationem
601 1585 659 1666 ejus
671 1583 848 1662 laudaverat,
860 1583 918 1663 jam

175 1677 330 1739 tarditatem
343 1699 464 1760 arguere.

212 1769 258 1831 Ad
275 1771 433 1834 Eotbaliam
451 1793 559 1851 quoquc
581 1770 689 1854 pietatis
709 1769 856 1851 singularis
874 1769 918 1828 fe-

170 1862 272 1923 minam
290 1863 381 1924 literas
394 1864 468 1924 misit
484 1866 539 1940 32,
556 1864 636 1937 1⁷8,
654 1862 831 1943 queriturque
843 1860 919 1941 quod

172 1956 273 2016 multas
286 1957 345 2036 ipse
356 2002 366 2038 ,
379 1978 480 2039 paucas
489 1957 537 2017 illa
545 1957 598 2017 sibi
611 1957 702 2017 literas
712 1956 822 2032 mittat,
837 1955 920 2015 dicit-

170 2068 227 2125 que
238 2062 344 2109 tautum
360 2049 412 2109 sibi
427 2048 718 2131 gaudiumamicorum
735 2048 826 2109 literas
836 2050 918 2109 alier-

171 2161 217 2216 re,
232 2154 263 2200 ut
277 2140 434 2202 solitudinis
447 2142 596 2202 molestiam
612 2141 715 2200 nullam
729 2142 835 2201 sentiat.
850 2142 920 2201 Cum

170 2234 318 2312 Arnprucla
332 2247 359 2293 et
372 2235 538 2314 quibusdam
549 2234 611 2294 aliis
622 2278 632 2305 ,
648 2255 709 2312 quae
721 2255 783 2292 cum
795 2233 843 2292 illa
857 2255 920 2294 rer·

170 2324 315 2399 sabaotur,
334 2327 432 2408 majori
457 2328 537 2387 etiam
562 2326 684 2385 caritatis
704 2325 814 2387 vinculo
834 2346 921 2385 nexus

147 2449 150 2455 ·
168 2418 253 2478 foisse
268 2419 397 2496 videtur,
418 2433 450 2480 ut
470 2441 505 2481 ex
528 2432 644 2498 quatuor
659 2418 780 2499 epistolis
793 2418 827 2478 ad
842 2418 921 2477 illam

171 2510 261 2569 missis
279 2511 369 2573 trihus
382 2512 462 2585 (191
479 2556 488 2588 ,
506 2514 579 2585 tos,
596 2511 660 2585 96)
676 2510 833 2590 percipitur.
853 2511 921 2569 Erat

171 2604 325 2682 Amprucla
356 2604 469 2663 sortasse
494 2604 586 2684 Syra,
606 2602 649 2662 vel
675 2602 786 2661 alterius
811 2602 921 2662 fortasse

171 2693 289 2753 nationis
299 2740 309 2767 ,
324 2714 413 2774 neque
431 2696 526 2756 Graece
545 2694 663 2755 scribere
681 2694 798 2768 sciebat3
809 2712 843 2752 ex
866 2693 923 2752 sin-

101 2850 104 2857 ,
173 2806 237 2867 cero
248 2799 356 2858 autem,
376 2808 432 2866 quo
446 2807 509 2866 erga
525 2786 747 2868 chrysostomum
760 2785 919 2861 tenebatur,

168 2876 269 2938 affectu
281 2891 381 2937 vexata
395 2878 527 2956 malisque
538 2876 631 2937 multis
643 2891 670 2937 et
680 2876 846 2936 illaetsocie
856 2896 923 2957 pene

171 2967 269 3030 obruta
286 2971 385 3030 luerat.
405 2970 486 3029 lllam
498 2989 563 3030 vero
580 2969 682 3029 solatur
696 2967 922 3048 Chrysostomus,

173 3061 317 3141 prasentia
334 3060 427 3121 omnia
439 3061 517 3121 fluxa
531 3081 589 3120 esse
601 3060 713 3134 dicens,
728 3060 818 3118 futura
832 3073 923 3121 autem

170 3153 241 3213 bona
259 3152 342 3212 firma
358 3166 385 3212 ct
403 3153 431 3212 in
445 3166 574 3213 aetmnum
590 3150 736 3212 manentia.
753 3150 924 3211 Harmatium

171 3266 250 3321 vero,
269 3247 392 3326 probum
406 3245 498 3306 virum
509 3259 537 3307 et
549 3246 723 3327 opulentum,
738 3243 786 3323 qui
801 3243 923 3305 homini-

172 3337 225 3397 bus
250 3337 309 3396 suis
331 3337 531 3417 imperaverat,
555 3350 585 3396 ut
606 3336 696 3396 omnia
720 3335 820 3413 quibus
843 3337 921 3416 egere

170 3443 262 3510 posset
288 3429 503 3510 Chrysostomus
523 3428 576 3508 ipsi
595 3427 812 3509 suppeditarent,
837 3427 922 3488 literis

170 3524 226 3584 suis
254 3523 334 3597 (⁷5)
353 3536 444 3582 monet
455 3522 509 3583 sibi
522 3523 612 3582 omnia
626 3523 752 3594 affluere,
767 3534 794 3580 et
807 3543 836 3581 se
849 3523 925 3581 nullo

169 3635 239 3696 opos
258 3613 378 3688 babere,
394 3614 441 3671 sed
463 3614 486 3673 si
508 3613 654 3693 gratificari
675 3613 727 3672 sibi
744 3612 825 3690 velit,
840 3612 925 3673 literis

170 3728 200 3767 se
218 3708 379 3784 frequenter
390 3705 424 3764 de
436 3726 485 3764 sua
507 3720 534 3764 et
556 3705 664 3765 ismiliae
678 3706 760 3765 totius
773 3704 926 3765 valetudine

172 3797 323 3858 certiorem
336 3794 426 3855 faciat.

216 3886 339 3969 llyemis
360 3906 424 3944 vero
448 3899 584 3965 tempore,
606 3887 663 3946 sire
680 3888 778 3969 hyeme
797 3889 906 3949 ineunte
917 3938 925 3965 ,

123 3998 159 4040 tet
170 3982 217 4047 uei
230 3987 249 4054 ἡ
262 3985 311 4038 τοῦ
321 3982 451 4057 χειμῶνος
466 3978 523 4057 ὥρα
532 3979 693 4059 ἀποτειχίζει
702 3981 750 4048 τὰς
760 3981 847 4054 ὁδούς,
861 4003 926 4042 cum

167 4081 236 4159 y'um
253 4072 376 4146 hyemis
391 4081 501 4147 tempus
517 4075 585 4128 vias
599 4073 816 4148 intercluderet,
828 4076 926 4134 Muso-

169 4169 217 4231 nio
249 4160 364 4241 scripsit
383 4181 425 4239 ep.
448 4164 522 4220 216:
537 4182 617 4240 quem
636 4163 759 4223 laudata
778 4167 928 4227 sinceritate

170 4253 305 4319 caritatis
315 4296 325 4328 ,
339 4250 375 4310 ab
393 4251 494 4310 amoris
513 4251 627 4329 ardore,
642 4257 677 4314 ab
696 4258 781 4318 animi
801 4274 926 4320 constan·

174 4351 232 4424 tin,
256 4343 296 4405 ab
316 4342 481 4421 ingenuitate
498 4344 677 4407 simulationis
693 4365 802 4432 experte
815 4378 823 4425 3
835 4354 926 4431 queri-

173 4456 220 4503 tur
240 4448 362 4505 autem,
377 4434 451 4511 quod
467 4435 528 4495 licet
538 4437 596 4516 jam
617 4441 734 4502 secundo
752 4445 850 4504 scribat
865 4446 927 4525 ipsi,

972 569 1091 648 Eratque
1101 568 1250 629 admodum
1264 586 1342 627 canis
1354 580 1412 626 tum
1424 565 1547 627 Armenia
1557 566 1631 646 apud
1642 586 1708 645 quos

970 657 1104 740 degebat,
1118 674 1177 720 tum
1197 659 1322 719 finitimis
1334 658 1467 718 omnibus.
1486 659 1568 719 Multi
1589 660 1710 738 quotidie

971 752 1082 813 adeum
1103 751 1274 813 confluebant
1287 750 1398 810 aurbs
1410 750 1568 828 Antiochia,
1579 772 1615 810 ex
1630 751 1710 832 Syria

971 858 1045 905 etex
1059 845 1163 904 Cilicia.
1183 847 1287 923 Atque,
1303 857 1334 903 ut
1355 842 1478 924 pluribus
1496 842 1565 902 inira
1583 843 1709 910 dicetur,

971 936 1076 1014 eosqui
1088 935 1260 1017 evangelium
1271 934 1453 1013 predicabant
1465 935 1492 996 in
1504 934 1641 996 Phoenicia
1651 936 1714 1014 ,ju-

971 1027 1072 1103 rabat,
1086 1041 1112 1087 et
1130 1028 1241 1099 monitis
1260 1041 1287 1087 et
1301 1026 1509 1108 largitionibus,
1524 1026 1592 1086 alios
1605 1047 1713 1105 quoque

970 1118 1094 1192 mittens,
1110 1119 1157 1196 qui
1171 1118 1261 1178 eidem
1273 1118 1349 1199 operi
1364 1118 1546 1178 incumberent
1558 1141 1566 1175 ε
1578 1118 1714 1197 eumque

972 1210 1137 1269 Gottborom
1151 1224 1177 1270 et
1190 1214 1336 1275 Persarum
1351 1210 1482 1271 Eculeus
1494 1211 1618 1271 curabat.

1010 1302 1075 1362 lllos
1094 1316 1185 1362 autem
1208 1303 1257 1383 qui
1275 1303 1330 1363 sibi
1344 1302 1447 1362 addicti
1462 1317 1552 1373 erant,
1565 1317 1622 1362 tam
1638 1303 1713 1361 Con·

970 1397 1164 1479 stantinopoli,
1179 1420 1262 1477 quam
1283 1398 1446 1476 Antiochia,
1461 1399 1490 1458 in
1506 1399 1637 1459 erumnis
1652 1398 1713 1457 ideo

970 1502 1122 1560 versantes,
1148 1489 1259 1549 fovebat
1283 1489 1496 1570 sustmtabatque
1521 1510 1571 1570 pro
1598 1489 1713 1551 viribus.
1723 1485 1761 1607 fil

973 1581 1043 1641 Cum
1070 1602 1137 1641 vero
1159 1582 1309 1642 Flavianus
1333 1583 1472 1663 episeopus
1497 1595 1621 1641 manuus
1646 1594 1761 1675 essetsm

970 1692 1040 1730 anno
1050 1674 1126 1745 lOd,
1142 1673 1314 1754 Porphyrius
1334 1674 1378 1732 vir
1390 1694 1406 1732 a
1420 1673 1513 1753 probis
1526 1672 1648 1732 moribus
1663 1671 1713 1729 ab·
1724 1709 1761 1740 Μ

971 1763 1083 1824 horrens
1097 1785 1174 1840 ,sese
1191 1765 1387 1826 Antiochenam
1397 1766 1551 1846 episcopum
1570 1778 1632 1846 post
1651 1764 1715 1823 Fla·
1725 1780 1760 1823 sat

970 1855 1048 1919 rimi
1060 1856 1169 1918 obitum
1183 1856 1303 1940 indignis
1320 1857 1409 1919 modis
1422 1856 1541 1918 ordinari
1557 1857 1665 1917 curavit
1680 1858 1715 1917 ab
1729 1844 1761 1903 ¹⁴³

971 1951 1085 2029 Acacio,
1101 1953 1248 2016 Severiano
1263 1968 1288 2016 et
1306 1951 1453 2028 Antiocho,
1466 1949 1611 2030 statimque
1623 1949 1717 2030 Chry·

970 2045 1081 2104 sostomi
1111 2047 1330 2110 condemnationi
1352 2045 1534 2129 subscripsit:
1552 2055 1717 2126 quapropter

972 2136 1053 2196 multi
1069 2141 1097 2199 in
1116 2141 1198 2222 Syria
1213 2143 1249 2203 ab
1261 2145 1320 2224 ejus
1334 2139 1467 2204 consortio
1489 2160 1546 2200 sese
1565 2150 1717 2220 sequestra·

972 2242 1054 2305 root,
1067 2252 1100 2291 ac
1123 2234 1235 2294 seorsim
1261 2236 1385 2298 mllectas
1411 2235 1595 2315 celebrantes,
1615 2233 1717 2296 multas

972 2341 1106 2383 erumnas
1119 2346 1150 2385 ac
1163 2326 1299 2388 molestias
1313 2341 1375 2389 scrut
1388 2329 1515 2411 perpessi.
1534 2330 1607 2389 Nam
1620 2329 1717 2389 Clerus
1727 2341 1761 2386 tu

973 2414 1162 2477 Antiochenus
1185 2418 1317 2499 insignior
1336 2420 1406 2482 clam
1426 2421 1531 2503 plebem
1553 2408 1761 2525 colligebatwl:¹

972 2507 1162 2569 accedentibus
1176 2510 1258 2570 etiam
1276 2512 1515 2593 mulieribusque
1537 2514 1637 2595 opibus
1656 2515 1761 2595 pol-uu

972 2598 1075 2659 lebant.
1091 2603 1162 2661 Tota
1175 2603 1230 2662 lere
1241 2605 1407 2667 Antiocheno
1420 2606 1539 2667 Ecclesia
1551 2609 1667 2671 Joaonis
1678 2609 1718 2668 io·
1727 2594 1761 2634 ³¹²

973 2689 1077 2751 visendi
1102 2713 1184 2754 causa
1197 2694 1226 2754 in
1239 2697 1392 2757 Armeniam
1406 2698 1554 2778 migrarit,
1569 2713 1596 2759 et
1616 2701 1647 2760 in
1672 2722 1718 2760 re-

972 2782 1034 2863 ditu
1057 2804 1149 2845 omnes
1161 2788 1225 2876 ejus⁸
1233 2787 1434 2870 philosophiam
1445 2790 1626 2871 predicarent
1639 2817 1647 2851 ι
1660 2815 1719 2873 que

974 2894 1017 2932 res
1032 2875 1209 2937 Severianum
1222 2892 1249 2938 et
1264 2881 1448 2962 Porphyrium
1463 2883 1500 2943 ita
1514 2884 1675 2966 mordebat,
1689 2900 1720 2946 ot

974 2965 1033 3045 ejus
1046 2965 1108 3027 ideo
1120 2983 1269 3031 extremam
1282 2973 1428 3053 perniciem
1441 2975 1616 3039 molirentur.

1017 3058 1076 3118 Hoc
1091 3059 1199 3122 circiter
1220 3077 1326 3145 tempos
1349 3066 1486 3127 Cucusum
1508 3068 1584 3129 venit
1604 3071 1721 3152 presby·

975 3161 1017 3210 ter
1037 3152 1147 3229 quidam
1162 3176 1178 3213 a
1198 3157 1305 3216 Domno
1323 3157 1446 3239 episcopo
1457 3159 1494 3219 ad
1506 3161 1640 3221 loannem
1652 3163 1720 3221 mis-

977 3264 1033 3305 sus.
1050 3245 1116 3306 E'rat
1136 3261 1226 3308 autem
1248 3251 1371 3312 Domuus
1393 3251 1447 3331 ipsi
1463 3253 1720 3332 conjunctissimos,

976 3358 1058 3416 quem
1080 3354 1157 3418 rogat
1178 3340 1330 3421 frequenter
1350 3343 1441 3402 literas
1462 3344 1552 3404 solatii
1572 3345 1721 3405 causasibi

977 3430 1075 3491 mittat.
1099 3436 1238 3495 Accessere
1262 3457 1368 3515 quoque
1388 3437 1436 3496 alii
1456 3438 1611 3519 presbyteri
1636 3440 1721 3520 ipsius

977 3521 1112 3584 invisendi
1124 3525 1228 3605 gratia,
1242 3542 1268 3587 et
1283 3529 1404 3588 fortassis
1422 3531 1600 3605 Antiocheni‚
1623 3534 1721 3610 quibus

977 3613 1012 3674 ad
1031 3637 1080 3674 sua
1102 3619 1299 3679 revertentibus
1317 3621 1409 3681 literas
1428 3621 1503 3682 dedit
1520 3622 1558 3682 ad
1579 3623 1722 3704 Elpidium

977 3708 1136 3790 episcopum
1150 3708 1325 3786 deferendas,
1337 3735 1379 3792 ep.
1401 3714 1440 3772 25
1453 3737 1461 3774 z
1474 3714 1501 3773 in
1515 3736 1634 3794 quarum
1645 3716 1722 3797 prin·

978 3798 1050 3879 cipio
1062 3800 1148 3880 dicit,
1163 3823 1191 3861 se
1204 3803 1368 3882 frequentius
1382 3804 1434 3884 ipsi
1444 3805 1614 3886 scripturum
1625 3810 1723 3879 luisse,

978 3891 1030 3950 nisi
1051 3892 1187 3952 latronum
1209 3907 1315 3969 metus,
1340 3897 1404 3955 anni
1418 3909 1582 3978 tempestas,
1598 3914 1626 3960 et
1641 3900 1725 3960 tabel-

977 3984 1109 4043 lariorum
1126 3985 1237 4065 inopia,
1249 3987 1403 4047 facultatem
1416 3987 1468 4047 sibi
1478 3988 1631 4050 adimerent
1644 4018 1652 4065 ;
1663 4014 1726 4072 pre·

978 4090 1110 4154 satorque
1132 4090 1162 4136 ut
1175 4078 1328 4156 hequenter
1341 4100 1369 4138 so
1388 4080 1474 4141 literis
1493 4084 1648 4164 compellet.
1669 4078 1745 4145 Eo?

978 4168 1102 4228 rumdam
1123 4169 1345 4250 presbyterorum
1369 4171 1517 4233 ministerio
1543 4174 1640 4235 eadem
1660 4196 1726 4258 pene

978 4260 1038 4340 ipsa
1051 4261 1145 4319 scribit
1158 4261 1193 4319 ad
1208 4265 1339 4341 Magnum
1354 4265 1521 4344 episcopum.
1543 4269 1625 4327 Dona
1639 4282 1726 4328 autem

978 4350 1099 4430 undiquc
1115 4352 1267 4432 accipiebat
1285 4375 1300 4412 a
1320 4354 1388 4415 viris
1408 4356 1517 4436 probis,
1534 4372 1561 4418 et
1574 4359 1727 4440 insignibus

979 4444 1085 4502 feminis
1103 4446 1173 4523 requi
1194 4444 1313 4524 bonique
1332 4448 1505 4519 amantibus,
1524 4450 1562 4509 ita
1585 4465 1616 4510 ut
1640 4474 1725 4511 rerum

170 4535 286 4599 trullam
315 4524 405 4582 adhoc
432 4527 489 4603 ejus
516 4532 647 4610 acceperit
674 4534 831 4614 epistolam,
855 4537 929 4615 quod
980 4536 1100 4594 omnium
1113 4537 1191 4617 copia
1205 4537 1364 4601 abundaret.
1383 4540 1557 4623 Quapropter
1570 4565 1639 4604 cum
1657 4566 1726 4624 quo.

170 4623 323 4691 silentium
339 4614 439 4673 crebris
451 4617 584 4679 desiderat
594 4623 715 4703 epistolis
725 4629 902 4709 compensari.
981 4626 1046 4684 tidie
1069 4630 1225 4688 muneribus
1239 4652 1281 4688 res
1295 4631 1437 4692 familiaris
1451 4635 1523 4694 ultra
1540 4636 1655 4697 modum
1676 4659 1726 4696 arr·

15 4756 158 4820 hut-atr
209 4723 341 4785 loannes
366 4726 429 4763 tero
446 4706 473 4764 in
487 4710 583 4769 exsilio
600 4712 699 4794 degens
715 4722 802 4801 magis
817 4721 929 4780 inclare-
982 4733 1105 4797 geretur,
1121 4722 1202 4801 coepit
1214 4723 1261 4782 ille
1271 4722 1437 4784 donantibus
1450 4748 1562 4787 munera
1579 4730 1727 4800 remittere,

17 4828 156 4871 ‹uacuas-
170 4815 281 4883 mbae,
303 4816 390 4879 quom
403 4817 464 4854 ⁰¹¹⁰]
480 4802 684 4866 Antiochiano}
699 4812 929 4893 Constantinopoli
981 4825 1008 4871 et
1032 4824 1062 4871 ut
1083 4812 1217 4892 largiendi
1232 4816 1315 4874 finem
1334 4816 1450 4876 lacerent
1467 4839 1578 4898 rogare,
1593 4837 1625 4882 ut
1640 4821 1728 4882 ridere

17 4898 148 4993 ‘czffi
171 4920 248 4973 my,
267 4900 347 4959 Cum
361 4887 571 4993 enimnpecuniis
592 4896 761 4977 abundaret,
784 4927 850 4984 quas
871 4919 929 4965 tum
982 4916 1021 4961 est
1040 4904 1066 4962 in
1087 4905 1209 4983 epistolis
1223 4909 1263 4968 50
1283 4907 1315 4966 ad
1337 4908 1554 4988 Diogenem,6t
1582 4912 1620 4973 ad
1641 4914 1730 4973 Theo.

26 5014 104 5069 ιιμιι.
173 4978 631 5085 ttlynipiaod¹³oootooo‚tumalii
646 4992 931 5056 miultisubministra·
982 4994 1076 5054 dotum
1097 5017 1132 5054 ex
1152 4998 1368 5078 Consularibus,
1389 5015 1416 5061 et
1434 5006 1494 5063 239
1514 5002 1551 5063 ad
1567 5008 1725 5066 Carrei-iarn.

23 5094 160 5143 Mhi·
173 5096 239 5159 bant
250 5134 260 5159 ,
273 5074 409 5174 ωΡῑῙΥθξ
419 5070 549 5149 ΡΙϋΝῐΠῠὸ
560 5072 596 5174 ob
608 5077 710 5143 lsauris
720 5087 832 5147 redemit
842 5134 849 5162 ,
860 5089 930 5148 rnul·
983 5089 1116 5168 Diogenes
1125 5110 1190 5150 vero
1201 5089 1271 5150 dona
1287 5113 1335 5151 sua
1351 5093 1461 5155 miserat
1479 5114 1529 5175 per
1544 5097 1728 5177 Aphraatem,

57 5176 95 5219 ξ·
174 5182 308 5253 &qim
329 5181 588 5249 egoottoooeosorto
610 5166 929 5260 largitores1500s,qui
982 5181 1074 5240 virtum
1096 5182 1347 5263 religiosissimum,
1363 5206 1445 5263 quern
1472 5187 1594 5267 jusserat
1617 5191 1731 5271 Chryso.

177 5268 300 5365 ,ιώ
313 5276 372 5327 non
387 5250 519 5333 egebat,
536 5253 678 5335 colloquiis
693 5267 744 5328 sibi
757 5271 926 5332 conciliabat.
983 5287 1069 5333 storno
1095 5276 1194 5335 nolenti
1217 5298 1326 5338 munera
1347 5279 1507 5358 relinquere.
1523 5280 1677 5362 Apbrantes
1694 5304 1725 5342 ne
