3714 5970
692 466 783 517 nunc
808 465 939 520 nnruurr
965 469 1163 521 tnonnart.
1622 447 1687 544 195

142 587 251 652 mulum
271 589 360 673 ipsius
381 589 560 652 Anatolium:
576 590 638 652 due
661 612 725 653 rero
748 605 891 673 postremas
945 594 1080 664 moestitias
1093 615 1121 654 se
1133 592 1249 667 dederit,
1263 605 1392 671 quantam
1406 590 1454 655 illa
1471 590 1623 672 inepistola
1639 615 1690 652 sua

142 683 279 764 longiores
290 696 378 743 erant.
394 684 484 751 lllam,
501 705 584 763 quarn
600 705 648 765 per
662 683 803 765 praetorios
817 683 892 743 mili·
945 684 1117 746 exhibuerat.
1130 686 1200 758 Quia
1211 704 1276 744 vero
1287 682 1346 744 ideo
1357 684 1474 743 maxime
1484 683 1602 758 dolebat,
1615 686 1690 764 quod

144 791 183 836 tes
196 776 323 845 miserat,
342 777 595 841 cumTillanontio
608 791 735 857 putamus
751 777 892 837 essedeci-
946 798 999 836 non
1022 778 1151 859 potuisset
1172 777 1256 836 alium
1278 776 1458 837 commodiore
1480 778 1586 838 Cucuso
1599 779 1689 840 locum

143 889 216 927 mam
228 869 346 942 tertiam,
356 889 440 947 qnam
449 867 533 928 biduo
544 882 686 949 postquam
697 870 834 929 Cucnsum
846 869 893 928 ad·
945 869 1044 931 Joanni
1065 870 1231 950 impetrare;
1252 867 1315 928 binc
1335 868 1472 927 occasione
1493 883 1581 930 sumta
1600 889 1692 933 narrat

144 973 270 1031 venerat,
285 980 336 1040 per
350 958 489 1040 praetorios
504 959 604 1020 milites
617 959 708 1036 misit,
723 959 758 1020 de
770 982 824 1040 qua
836 962 893 1040 jam
946 960 990 1021 illi
1003 961 1110 1038 omnia,
1127 983 1186 1041 qure
1202 960 1257 1020 sibi
1275 960 1303 1019 in
1318 972 1392 1020 tanto
1406 959 1500 1020 itinere
1519 961 1691 1042 maximeque

145 1052 270 1133 superius
291 1066 383 1112 actum
397 1051 477 1112 :illas
491 1073 555 1112 vcro
573 1053 661 1128 duras,
680 1075 797 1132 quarum
811 1054 894 1114 altera
948 1054 1074 1114 Caesareae
1092 1053 1260 1127 acciderant,
1283 1073 1343 1131 quar
1363 1074 1411 1113 nos
1426 1055 1453 1112 in
1474 1053 1588 1113 decursu
1610 1066 1693 1136 su'pra

145 1165 192 1227 per
206 1145 375 1219 Antonium,
389 1143 473 1204 altera
487 1136 537 1226 per
550 1145 706 1204 Anatolium
719 1145 893 1226 Olympiadis
947 1147 1099 1209 attulimus.
1119 1147 1191 1221 Quia
1205 1166 1270 1204 vero
1286 1143 1355 1204 mala
1373 1144 1464 1205 omnia
1476 1160 1610 1220 recenset,
1630 1168 1692 1224 quae

146 1237 278 1296 lamulum
290 1236 374 1297 missa
387 1237 441 1296 suit
451 1281 462 1315 ,
481 1259 518 1297 eae
531 1251 607 1312 sunt,
627 1259 687 1317 quae
705 1237 792 1318 prima
810 1252 837 1298 et
850 1259 894 1298 sc·
948 1237 1001 1297 sibi
1024 1237 1181 1297 Pharstrios
1203 1240 1329 1298 Caesareae
1353 1236 1515 1317 episcopus,
1541 1230 1691 1314 intulerat,

145 1328 236 1389 cunda
246 1330 307 1409 jam
320 1329 349 1389 io
360 1327 441 1388 editis
452 1343 638 1404 numerantur,
652 1341 680 1388 et
692 1328 833 1388 conciones
844 1330 896 1389 ad·
949 1329 1109 1411 Olympiadi
1120 1329 1204 1389 edicit
1213 1343 1243 1388 ut
1255 1328 1302 1388 illa
1316 1329 1407 1388 omnia
1416 1326 1523 1387 silentio
1538 1342 1619 1408 tegat.
1636 1332 1695 1390 Cre-

146 1420 365 1499 donationesque
377 1418 433 1479 dici
444 1433 557 1501 possunt
570 1420 751 1500 potiusquam
763 1421 893 1501 epistole.
948 1435 1036 1481 terum
1052 1436 1082 1480 ut
1094 1419 1287 1502 Olympiadem
1301 1420 1343 1480 sui
1357 1441 1437 1480 causa
1452 1419 1624 1501 plangentem
1644 1444 1693 1481 so-

104 1529 137 1574 27·
184 1514 215 1573 ln
228 1514 321 1594 prima
330 1534 395 1574 vero
407 1511 601 1593 Olympiadem
611 1511 646 1572 de
657 1512 835 1573 diuturnitate
848 1534 894 1574 ca·
949 1514 1037 1588 letor,
1059 1536 1088 1574 se
1102 1514 1141 1575 ait
1153 1515 1226 1572 omni
1248 1511 1370 1573 molestia
1384 1512 1530 1572 liberatum
1544 1533 1617 1589 esse,
1644 1514 1696 1572 lir-
1753 1528 1761 1541 ¹

145 1604 276 1664 lamitatis
289 1625 350 1683 quae
364 1603 513 1663 Ecclesiam
524 1603 575 1662 Dei
585 1603 766 1663 conturbabat
776 1625 895 1664 moeren-
949 1607 1086 1685 mioreque
1098 1605 1251 1667 valetudine
1260 1605 1325 1676 frui,
1338 1625 1420 1684 quam
1431 1625 1493 1684 eum
1505 1604 1696 1664 Constantino-

146 1713 211 1771 tem,
225 1698 361 1778 exemplis
374 1698 481 1758 Veteris
493 1710 520 1756 et
533 1697 603 1757 Nori
619 1698 784 1758 Testamenti
800 1719 896 1758 conso-
949 1699 1004 1781 poli
1018 1698 1143 1778 degeret,
1164 1719 1250 1776 neque
1265 1697 1336 1771 ullo,
1350 1695 1423 1775 qnod
1436 1696 1484 1755 illa
1496 1697 1624 1773 timebat,
1640 1696 1694 1769 tri,-

146 1792 232 1865 latur,
250 1789 422 1869 ostenditque
435 1790 523 1848 Deum
535 1810 608 1870 saepe
621 1791 658 1849 ad
666 1790 800 1870 justorum
814 1810 896 1850 erer-
951 1813 1014 1873 gore
1029 1790 1149 1870 torqueri
1162 1814 1170 1851 ε
1183 1792 1281 1849 celum
1294 1788 1376 1860 illud,
1393 1809 1446 1866 quo
1460 1789 1619 1866 fruebatur,
1635 1792 1698 1849 do·

147 1883 244 1942 citium
256 1895 286 1942 et
299 1881 485 1964 probationem
497 1881 703 1942 diuturnitatem
714 1903 897 1942 erumnarum
950 1883 1074 1944 tiocbeno
1094 1884 1182 1962 magis
1202 1880 1317 1941 similem
1337 1880 1400 1939 sihi·
1412 1879 1517 1958 rideri;
1542 1881 1576 1939 de
1595 1881 1697 1942 Isauris

148 1975 325 2058 permittere,
344 1986 375 2032 ut
388 1972 452 2032 binc
464 1985 492 2032 et
498 1973 614 2052 praemia
625 1988 782 2054 augeantur.
808 1976 839 2033 ln
852 1994 898 2033 se-
951 1991 1041 2037 autem
1052 1977 1121 2038 nibil
1132 1977 1189 2056 jam
1203 1976 1258 2035 sibi
1269 1974 1444 2034 metuendum
1457 1995 1531 2034 esse:
1544 1995 1606 2034 nam
1615 1973 1643 2033 in
1657 1995 1700 2034 re·

148 2065 250 2142 ornda,
268 2086 331 2144 que
344 2064 478 2146 prolixior
492 2079 545 2139 est,
567 2080 593 2124 et
608 2066 688 2146 paulo
706 2080 768 2147 post
780 2066 897 2147 primam
953 2071 1059 2149 gionem
1079 2091 1156 2128 suam
1171 2089 1201 2129 se
1223 2080 1392 2148 receperant,
1416 2065 1500 2143 idque
1520 2086 1556 2125 ex
1578 2065 1701 2126 Praelecti

148 2159 228 2219 mira
245 2159 321 2229 tuit,
337 2156 410 2217 idern
420 2170 611 2236 argumentum
624 2158 813 2238 persequitur,
828 2158 899 2217 mul·
953 2185 1017 2224 cura
1032 2178 1057 2223 et
1068 2163 1159 2224 studio
1171 2165 1272 2223 factum
1283 2183 1348 2222 esse.
1360 2161 1411 2221 Hic
1424 2182 1486 2223 vero
1497 2163 1640 2221 Pralectus
1651 2163 1702 2224 So·

149 2252 235 2327 tiaque
245 2248 410 2321 rationibus,
420 2249 596 2330 argumentis,
612 2251 754 2330 exemplis,
769 2272 830 2330 quae
841 2251 900 2310 lou·
954 2269 1029 2336 pater
1042 2270 1109 2328 erat,
1127 2256 1175 2334 qui
1188 2256 1250 2335 plus
1262 2252 1347 2314 oflicii
1362 2253 1413 2312 sibi
1428 2253 1605 2326 exhibuerat,
1618 2273 1701 2331 quam

150 2346 208 2425 gius
222 2357 295 2404 earet
307 2343 424 2418 referre,
440 2343 600 2424 Olympiadi
616 2357 646 2403 ut
665 2365 772 2429 omnem
783 2344 901 2427 deponat
954 2371 970 2410 a
984 2363 1060 2431 patre
1072 2345 1265 2430 postulandum
1286 2345 1424 2405 videretur
1438 2345 1499 2404 :vir
1518 2346 1636 2426 probus,
1650 2346 1699 2405 be·

150 2457 293 2498 merorem
304 2435 418 2496 suadere
428 2435 533 2497 nititur.
545 2436 617 2511 Quia
628 2458 693 2499 vero
703 2437 772 2500 illud
783 2439 901 2498 maxime
955 2442 1070 2521 nignus,
1093 2439 1296 2517 communisque
1310 2459 1461 2518 pauperum
1475 2451 1578 2518 portus.
1601 2438 1648 2499 Sic
1662 2437 1700 2497 il·

151 2527 351 2612 Olympiadem
368 2528 500 2607 angebat,
521 2528 596 2606 quod
613 2528 837 2610 aChrysostomo
855 2552 901 2590 se·
955 2533 1014 2593 lum
1031 2532 1123 2593 laudat
1137 2532 1346 2611 Chrysostomus
1360 2532 1389 2588 iu
1405 2529 1517 2610 epistola
1535 2532 1575 2590 ct
1588 2530 1625 2590 ad
1644 2531 1704 2612 Cy·

149 2622 240 2701 joucta
254 2634 342 2691 estset,
360 2619 436 2700 quod
449 2619 528 2679 illum
540 2619 680 2681 docentem
695 2636 721 2682 et
736 2624 900 2682 concionan-
957 2626 1060 2688 riarum
1073 2625 1231 2706 episcopum
1245 2647 1251 2680 :
1265 2643 1344 2701 quem
1358 2634 1482 2703 precatur
1494 2634 1524 2680 ut
1537 2622 1589 2681 filii
1602 2622 1702 2703 ipsius,

151 2729 202 2774 tem
222 2735 278 2775 non
295 2713 369 2773 ultra
388 2711 515 2773 audiret:
527 2711 699 2774 licerc·dicit
718 2715 900 2796 Olympiadi,
958 2719 1005 2797 qui
1018 2717 1046 2777 in
1061 2717 1119 2777 istis
1130 2716 1254 2796 partibus
1268 2714 1408 2773 literarum
1422 2712 1519 2773 studiis
1532 2710 1642 2796 operam
1654 2713 1704 2774 da·

152 2807 258 2867 absente
266 2827 309 2877 se,
321 2804 409 2864 libms
417 2825 480 2864 suos
491 2805 579 2885 legere
586 2827 595 2882 ς
607 2804 662 2865 imo
675 2807 851 2887 provisurum
861 2828 901 2884 se,
958 2810 1020 2882 bat,
1033 2829 1126 2869 curam
1138 2820 1248 2886 gereret,
1264 2805 1371 2886 ipsique
1382 2805 1473 2865 ollicia
1487 2805 1662 2887 impenderet.

154 2899 267 2959 simodo
279 2896 439 2957 tabellarios
451 2896 631 2972 nanciscatur,
647 2912 676 2957 ut
687 2899 794 2958 crebras
804 2914 831 2959 et
840 2920 902 2979 pro·
999 2901 1115 2960 Dixerat
1125 2898 1271 2980 Olympias
1285 2898 1313 2957 in
1334 2896 1447 2978 epistola
1460 2918 1508 2956 sua
1523 2898 1703 2977 Heracliden,

154 2992 220 3051 lixas
238 2990 336 3051 literas
356 3009 419 3048 suas
439 2988 566 3069 accipiat.
578 3013 593 3045 r
605 2988 688 3061 Quod
709 2990 732 3049 si
752 2986 904 3051 doctrinam
961 2991 1130 3074 Ephesioum
1150 2991 1307 3071 episcopum
1325 3009 1341 3047 a
1362 2988 1555 3070 Chrysostomo
1575 2991 1707 3050 eonstitu-

155 3098 287 3157 nostram,
299 3106 315 3138 a
327 3081 429 3161 inquit,
450 3105 466 3137 e
477 3081 542 3141 riva
556 3101 622 3142 voce
634 3081 729 3141 audire
741 3083 835 3163 cupis,
848 3084 905 3142 l'or·
960 3098 1036 3159 tum,
1056 3096 1084 3142 et
1097 3083 1132 3142 eb
1151 3084 1209 3163 ejus
1222 3080 1387 3140 adversariis
1401 3081 1558 3161 episcopatu
1572 3084 1704 3164 pulsum,

155 3189 218 3236 tasse
229 3175 284 3236 boe
295 3195 407 3254 quoque
419 3173 573 3253 contingen
589 3173 644 3232 iuro
655 3194 708 3233 uon
721 3175 843 3246 sortasse,
858 3173 906 3235 sed
961 3190 992 3236 ut
1005 3175 1131 3257 superius
1144 3173 1277 3244 diximus,
1293 3188 1359 3232 tunc
1370 3174 1398 3233 in
1412 3195 1516 3234 earcere
1528 3188 1554 3234 et
1565 3176 1593 3235 in
1609 3177 1706 3237 rincu-

155 3284 236 3344 rerte;
257 3288 328 3327 cave
349 3265 470 3334 dubites.
481 3289 496 3321 a
507 3265 553 3325 Sic
566 3265 614 3325 ille
632 3266 764 3346 putabat)
782 3267 830 3326 sed
851 3266 906 3327 alio
961 3269 996 3328 lis
1007 3267 1147 3327 detentum
1158 3265 1218 3324 dira
1231 3265 1298 3345 pati.
1311 3266 1372 3326 Jam
1385 3264 1444 3342 ejus
1457 3286 1536 3326 causa
1549 3267 1643 3345 literas
1651 3270 1707 3329 mi·

156 3359 231 3419 nodo
242 3379 288 3418 rea
297 3357 390 3432 cessit,
400 3357 437 3417 ita
448 3355 607 3438 providente
617 3357 744 3417 Numine.
756 3360 822 3419 Plus
834 3361 907 3421 enim
962 3375 1031 3421 serat
1042 3359 1252 3437 Chrysostomus
1262 3355 1299 3416 ad
1309 3355 1466 3415 Pentadiam
1476 3371 1636 3433 matronam,
1647 3382 1706 3421 mo·

155 3452 279 3533 proderat
291 3450 374 3511 exsul
385 3450 513 3511 Ecclesia
523 3449 574 3508 Dei
588 3463 614 3509 et
625 3450 812 3530 predicationi
827 3472 907 3512 eran·
962 3476 1027 3515 nens
1039 3469 1070 3514 ut
1082 3473 1189 3513 omnem
1208 3450 1378 3531 diligentiam
1394 3447 1552 3522 adhiberet,
1573 3452 1609 3512 ad
1630 3453 1707 3514 cala-

156 3546 226 3623 gelii,
242 3563 331 3622 qnam
344 3562 410 3601 cum
428 3542 456 3602 io
475 3539 620 3622 episcopali
637 3541 735 3602 tbrooo
747 3540 861 3618 sederet,
878 3554 908 3600 ut
962 3547 1083 3607 mitatem
1107 3558 1211 3603 tantam
1231 3542 1273 3602 rel
1294 3540 1441 3600 tollendam
1461 3541 1503 3600 vel
1527 3542 1679 3605 leniendam
1696 3569 1705 3604 r

158 3658 219 3697 nox
232 3634 392 3699 ridebitur.
962 3640 1125 3725 Olympiadi
1140 3659 1203 3698 vero
1217 3637 1304 3713 dicit,
1320 3639 1396 3698 Licet
1410 3636 1572 3709 Heraclide,
1588 3638 1610 3698 si
1625 3640 1703 3719 velit,

191 3731 224 3789 ln
238 3727 323 3789 tertia
337 3726 374 3785 ad
388 3724 584 3807 Olympiadem
597 3726 710 3806 epistola
722 3747 749 3806 p.
763 3727 822 3789 552
836 3726 908 3787 idem
962 3734 1101 3805 lamecu,
1117 3735 1309 3800 instantiam,
1325 3726 1406 3802 dare,
1426 3741 1506 3807 atque
1522 3727 1560 3788 ita
1576 3730 1707 3792 molestiis

160 3821 247 3904 ipsunt
255 3832 454 3901 argumentum
462 3817 642 3901 persequitur,
653 3820 838 3900 exemplisque
847 3822 909 3902 plu·
962 3825 1088 3887 omnibus
1100 3821 1227 3897 liberari;
1238 3820 1306 3880 nibil
1318 3820 1390 3880 enim
1402 3819 1478 3879 aliud
1489 3836 1620 3902 superest.
1637 3826 1707 3898 Quae

161 3914 234 3975 timis
253 3928 282 3974 et
295 3910 466 3992 argumentis
483 3910 580 3992 probet
599 3909 628 3969 in
642 3911 841 3971 calamitatibus
855 3933 907 3971 nou
962 3931 1034 3978 certe
1062 3914 1200 3994 quomodo
1218 3911 1353 3991 quadrare
1373 3910 1476 3992 possint
1497 3932 1550 3971 non
1571 3914 1705 3996 intelligo,

162 4006 238 4068 modo
256 4002 419 4066 moestitiam
431 4023 539 4063 omnem
555 4023 613 4063 esse
628 4001 838 4085 deponendam,
860 4005 909 4065 sed
963 4007 1154 4072 Tillemontios
1168 4026 1232 4066 vero
1245 4017 1324 4086 putat
1335 4002 1480 4081 legendum
1493 4024 1550 4063 esse
1563 4004 1708 4083 ἔκστασιν,

163 4100 237 4168 etiam
252 4098 284 4159 in
293 4094 495 4177 tranquillitate
504 4109 531 4155 et
545 4095 629 4154 animi
644 4095 782 4158 alacritate
795 4117 910 4157 versan-
962 4100 1160 4163 abdicationem
1178 4097 1364 4179 episcopatus,
1386 4115 1446 4173 quae
1465 4094 1575 4155 ridetur
1588 4118 1650 4157 vera
1664 4098 1709 4158 le-

167 4190 225 4250 dum
235 4211 307 4251 erse.
326 4188 403 4247 ilanc
412 4208 478 4247 rero
490 4188 598 4247 tertiam
608 4187 749 4268 epistolam
767 4211 830 4248 cum
841 4190 910 4249 scri·
963 4197 1026 4257 criu,
1046 4193 1099 4256 Sed
1116 4213 1179 4252 cum
1196 4209 1289 4249 omnes
1303 4187 1413 4247 omnino
1435 4189 1502 4246 Mes.
1527 4201 1553 4247 et
1567 4187 1643 4248 Editi
1661 4190 1709 4250 dr·
1733 4203 1736 4207 ’
1781 4200 1784 4206 “

168 4284 266 4362 ΡΜ,
279 4279 445 4343 necdumad
455 4279 649 4360 Olympiadem
662 4281 788 4360 misisset,
802 4283 909 4364 perho-
964 4311 1057 4353 στασιν
1069 4286 1195 4356 babeant,
1208 4283 1279 4341 hanc
1289 4279 1430 4339 lectionem
1441 4292 1546 4339 mutare
1559 4300 1613 4340 non
1627 4303 1709 4344 ausus
1784 4278 1788 4283 ’

171 4377 312 4436 notabilem
328 4372 476 4454 quemdam
495 4372 604 4450 virum,
622 4374 770 4434 Patricium
785 4374 909 4447 nomine,
966 4402 1036 4442 sum.

174 4467 246 4546 ipsios
256 4464 437 4548 Olympiadis
443 4464 584 4546 epistolam
596 4467 698 4548 accepit
706 4477 714 4528 ¹:
722 4488 775 4545 qua
785 4489 813 4527 se
823 4468 911 4528 omni·
1005 4475 1046 4532 De
1055 4467 1183 4531 Marutha
1195 4467 1321 4546 episcopo
1331 4463 1433 4543 majore
1443 4484 1506 4522 curn
1518 4464 1615 4525 allecto
1628 4479 1655 4525 et
1667 4466 1710 4528 io·
1736 4489 1770 4533 tte
1788 4489 1822 4532 nt,

176 4578 203 4616 no
216 4573 357 4633 moestam,
372 4572 398 4617 et
411 4557 489 4636 quasi
506 4557 582 4618 luctu
596 4557 722 4619 obrutam
737 4560 910 4638 declarabat,
965 4563 1061 4624 stantia
1081 4560 1203 4638 loquitur
1216 4556 1428 4637 chrysostomus
1440 4555 1468 4615 in
1482 4557 1576 4617 eadem
1597 4560 1708 4639 epistola
1721 4553 1757 4596 ¹¹¹¹
1777 4554 1824 4611 ‘1¹¹¹'

178 4651 280 4711 maxime
293 4671 359 4711 vero
370 4649 446 4731 quod
460 4670 512 4710 non
525 4650 657 4732 potuisset
669 4652 754 4712 alium
768 4653 859 4713 exsilii
871 4653 912 4714 lo·
964 4655 1069 4717 decima
1087 4666 1181 4732 quarta
1194 4650 1230 4709 ad
1245 4648 1449 4731 Olympiadem.
1470 4651 1613 4712 Maruthas
1626 4654 1711 4733 igitur
1721 4630 1759 4674 [ω’

181 4760 237 4818 curn,
248 4745 356 4805 Cucuso
368 4742 595 4820 commodiorem,
607 4745 706 4807 loanni
718 4747 911 4830 chrysostomo
965 4749 1013 4808 ille
1026 4746 1168 4826 episcopus
1185 4741 1389 4816 sanctissimus,
1404 4763 1419 4800 a
1432 4741 1585 4822 Theophilo
1597 4747 1711 4806 ceteris·

103 4852 106 4913 j
184 4831 319 4914 impetrare.
333 4835 384 4896 Ille
394 4835 522 4895 verottac
534 4851 644 4918 accepta
657 4839 780 4919 epistola,
792 4844 912 4914 tertiam,
965 4861 1017 4919 que
1038 4833 1224 4917 Chrysostomi
1238 4832 1357 4892 inimicis
1379 4832 1599 4907 circumventus,
1620 4835 1648 4894 in
1662 4858 1713 4897 eo·

103 4916 109 5003 l
185 4921 265 5004 deque
280 4927 363 4988 modo
375 4925 545 5002 dicebamus,
561 4929 813 5010 apudseretiouit,
827 4955 914 5013 neque
966 4951 1028 4991 rum
1042 4926 1217 4988 monentibus
1228 4923 1328 5000 adluit,
1344 4923 1479 5002 etiamque
1491 4923 1519 4983 in
1531 4925 1713 4989 conciliabulo

105 5072 109 5101 e
188 5014 244 5077 illan
256 5018 420 5101 Olympiadi
436 5019 532 5091 misit,
549 5019 595 5080 sed
610 5021 693 5082 aliam
707 5025 912 5104 egregiamque,
967 5024 1004 5085 ad
1019 5025 1159 5098 Quercum
1172 5042 1179 5076 :
1193 5039 1255 5095 eum
1269 5016 1342 5076 enim
1352 5038 1387 5076 ex
1398 5015 1508 5074 Perside
1520 5029 1579 5075 tum
1598 5021 1712 5099 reniret,

107 5120 111 5145 ¹
190 5127 311 5183 qtmnuoe
329 5114 400 5173 inter
418 5111 544 5194 epistolas
559 5116 618 5197 ejus
630 5131 726 5196 quarta
738 5117 845 5180 decima
859 5143 914 5182 nu·
968 5137 1021 5178 nou
1039 5125 1143 5196 poterat
1162 5123 1313 5171 accuratam
1331 5123 1421 5166 rernm
1436 5120 1501 5165 tune
1520 5108 1714 5172 Constantino·-

108 5204 115 5279 ξ
193 5218 298 5264 uratur.
834 5220 837 5226 ·
969 5207 1028 5291 poli
1039 5218 1175 5287 gestarum
1188 5200 1312 5262 notitiam
1324 5198 1435 5261 babere.
1450 5198 1579 5276 Alioquin
1591 5223 1655 5262 vero
1669 5227 1715 5264 au·

110 5286 118 5331 i
222 5296 304 5360 Primo
316 5298 395 5361 illam
407 5298 720 5383 satrapetetedrrguit,
740 5305 814 5384 quod
835 5318 916 5367 tautae
970 5301 1058 5362 dierat
1073 5297 1200 5372 tortere,
1214 5290 1402 5374 Epiphaniam
1415 5293 1716 5430 quwueq3flyptit·pi·
