3714 5970
159 446 234 527 ¹elio

165 610 227 648 rum
243 608 298 648 csse
315 588 474 668 aepiscopus
494 585 567 647 enim
583 587 733 647 Antiochiae
757 607 905 667 congrega-

165 694 207 739 tcs
223 681 259 739 ad
276 678 446 740 evertendam
467 677 708 738 Censubstantialis
727 676 825 752 iidem,
843 698 906 736 cum

165 771 228 831 odio
240 773 383 850 flagrarent
398 769 528 831 adversus
539 769 729 848 Athanasium,
739 768 812 828 hune
821 789 905 829 eano-

163 885 225 923 nem
235 863 362 923 emisisse.

608 473 612 481 “
648 465 677 514 S.
706 465 846 514 rosuttts
871 463 1105 515 ctttttsosrottt
1130 466 1229 531 ttth,

958 587 1058 648 Christi
1071 589 1266 653 solemnitatem
1275 587 1413 669 sanguinis
1423 587 1563 651 effusione.
1574 590 1649 652 Tum
1659 592 1701 653 illi

957 678 1136 760 quadraginta
1148 681 1267 763 episcopi
1281 683 1369 742 maesti
1382 681 1418 742 ad
1436 680 1587 743 diversoria
1604 705 1633 744 se
1653 706 1700 746 re·

957 790 1050 851 cepere
1062 794 1121 832 sua.

999 864 1182 945 Primipilares
1190 886 1254 926 vero
1264 866 1452 948 Chrysostomi
1464 867 1554 928 hostes
1565 866 1646 927 illum
1655 867 1700 928 de·
1734 865 1754 974 ξ

26 965 112 1010 nitran.
128 983 151 1027 p.
203 955 325 1028 Aeacius,
340 953 499 1031 Antiochus,
516 953 648 1037 Cyrinus,
663 953 825 1016 Severianus
844 973 906 1013 eum
957 954 1068 1014 trudere
1086 955 1246 1035 cogitantes,
1269 978 1332 1017 eum
1353 958 1528 1038 Imperatoris
1550 959 1641 1039 copias
1664 935 1754 1052 adi„

11 1038 50 1087 ⁷9·
64 1025 103 1073 ⁸⁰·
164 1047 307 1107 Ammonio
317 1061 343 1106 ct
353 1047 466 1106 Leontio
478 1048 670 1127 Imperatorem
679 1046 815 1118 adierunt,
828 1046 906 1105 dine·

163 1153 227 1198 runt
239 1140 390 1200 evocandos
400 1160 456 1198 esse
471 1161 505 1201 ex
518 1153 595 1220 parte
608 1139 721 1202 Joannis
734 1137 828 1199 decem
841 1138 905 1219 epi-

162 1252 267 1313 scopos,
282 1231 319 1292 ad
332 1231 527 1292 conciliandam
542 1232 691 1292 canonibus
704 1230 902 1292 anctoritatem.

160 1324 277 1404 Ingressi
297 1339 386 1384 autem
404 1322 533 1405 Elpidius
548 1338 573 1383 et
593 1323 784 1403 Tranquillus,
803 1322 904 1383 suade-

162 1416 228 1476 bant
236 1415 415 1498 lmperatori,
430 1436 488 1475 non
496 1415 622 1497 'oportere
635 1416 738 1476 indicta
751 1436 832 1474 causa
843 1415 905 1496 ejici

161 1511 301 1570 Joannem.
323 1511 393 1568 Cum
411 1523 501 1569 autem
524 1509 636 1570 Joannis
655 1506 803 1569 adversarii
823 1508 904 1566 alter-

162 1616 300 1677 carentur,
313 1600 441 1682 Elpidius
454 1600 611 1683 Imperatori
626 1600 779 1681 proposuit,
796 1612 827 1657 ut
836 1601 904 1658 Aea-

161 1694 218 1753 cius
233 1709 259 1754 ct
280 1693 428 1752 Antiochus
448 1693 649 1775 subscriberent
664 1714 692 1752 se
708 1690 831 1772 ejusdem
848 1711 904 1757 esse

162 1785 225 1844 fidei
242 1799 322 1865 atque
339 1807 383 1844 cos
403 1785 450 1864 qui
470 1806 583 1845 canones
598 1783 758 1859 ediderunt,
777 1805 845 1863 quos
861 1784 903 1844 illi

159 1879 318 1938 orthodoxis
340 1878 533 1959 proponebant.
554 1879 703 1958 Imperator
725 1897 789 1937 vero
809 1877 904 1936 subri-

158 1970 225 2029 dens
238 1971 310 2030 dixit
324 1969 473 2030 Antiocho:
491 1970 570 2029 Nihil
588 1968 658 2028 mibi
673 1968 768 2029 utilius
782 1969 901 2030 videtur.

156 2062 202 2122 Illi
218 2084 282 2123 vcro
296 2084 342 2122 ceu
358 2061 491 2141 vertigine
505 2061 586 2142 eapti,
602 2082 630 2121 se
644 2061 844 2143 subscripturos
854 2062 900 2122 di-

158 2175 234 2230 xere,
253 2175 340 2237 neque
355 2168 443 2217 tamen
460 2167 553 2235 postea
568 2154 759 2236 subscripsere.
774 2156 900 2216 Interim·

46 2269 210 2344 5,‚„0,u,que
228 2252 344 2309 loannes
364 2268 427 2307 eunt
441 2245 624 2326 quadraginta
642 2246 750 2306 duobus
769 2246 902 2328 episcopis

7 2351 138 2405 ‘Ilittwsso-
158 2341 308 2418 lrequenter
321 2338 496 2398 conveniebat
509 2350 535 2398 et
548 2336 682 2417 colloquia
696 2337 840 2414 miscebat,
854 2360 901 2419 po·

4 2411 148 2531 ῘᾞΓζυᾝέιο
159 2434 277 2514 puloquc
291 2452 340 2489 suo
353 2451 445 2489 sanam
459 2428 774 2516 doetrinampraedicare
787 2451 840 2490 non
852 2432 902 2492 de-

6 2549 127 2607 narum·
158 2524 277 2584 sistebat.
294 2520 368 2594 Quid
388 2534 477 2580 autem
495 2520 542 2580 illa
560 2519 787 2603 Pseudosynodus
810 2537 901 2584 eontra

4 2603 99 2641 ”¹¹”¹¹⁸¹'
148 2616 383 2695 Chrysostomum
398 2611 597 2693 pronuntiarit,
609 2634 670 2677 ,non
689 2613 814 2674 convenit
832 2615 902 2677 iuter

158 2709 301 2788 scriptores
314 2718 488 2784 :certumque
506 2719 593 2764 mmen
611 2704 720 2765 videtur
738 2707 812 2788 ipsos
832 2710 902 2768 hanc

158 2800 303 2883 protulisse
317 2797 484 2871 sententiam,
496 2796 583 2856 asede
594 2795 749 2876 pellendum
763 2800 819 2858 esse
829 2821 901 2878 eum,

159 2893 230 2970 quia
245 2890 353 2973 Synodo
367 2889 512 2950 damnatus
521 2902 547 2948 et
556 2887 708 2968 depositus,
722 2889 813 2952 sedem
824 2913 901 2952 snam

159 2986 309 3066 repetierat.

2 3081 57 3126 batt.
69 3099 92 3142 p·
108 3081 147 3130 81·
201 3077 307 3137 Deinde
324 3096 387 3135 vero
406 3073 553 3133 Antiochus
573 3077 733 3159 Imperatori
753 3077 838 3137 suasit
857 3094 900 3158 nt,

160 3191 223 3230 cum
238 3172 296 3250 jam
317 3169 419 3228 Pascha
442 3167 610 3243 immineret,
629 3170 737 3250 juberet
752 3170 903 3251 Imperator

159 3265 289 3325 Ioannem
307 3283 343 3321 ex
364 3259 484 3321 Ecclesia
505 3261 606 3340 egredi.
628 3261 670 3320 llli
689 3283 791 3321 morem
809 3284 902 3343 gerens

159 3354 302 3428 Arcadius,
323 3351 421 3413 loanni
440 3351 579 3421 mandavit
601 3366 630 3413 ut
648 3353 770 3412 Ecclesia
787 3354 902 3416 excede-

159 3461 210 3507 ret.
228 3445 376 3526 Respondit
390 3446 519 3521 Joannes,
537 3466 565 3504 se
582 3467 598 3505 a
616 3448 674 3506 Deo
692 3445 841 3508 Ecclesiam
855 3469 901 3508 ac·

22 3534 84 3637 ⁸⁰3¹·
95 3529 113 3574 ¹·
123 3531 147 3578 ⁶·
161 3541 262 3621 cepisse
279 3554 306 3599 et
322 3540 357 3598 ab
376 3537 425 3597 illo
440 3537 497 3597 solo
515 3537 577 3618 ejici
592 3558 676 3618 posse.
694 3538 741 3597 Ait
757 3534 839 3619 porro
853 3542 903 3600 So·

4 3609 119 3723 ‘',JULM
161 3646 246 3694 crates
264 3634 394 3693 Ioannem
417 3630 596 3707 obsequutum
619 3651 676 3690 esse
696 3631 824 3691 mandato
844 3635 903 3692 lrn-

8 3739 48 3786 tta.
61 3695 146 3786 8³:⁸¹²*
161 3723 301 3807 peratoris.
316 3712 416 3781 Contra
436 3742 500 3780 vero
518 3719 659 3780 Palladius
678 3736 771 3781 narrat
790 3723 903 3785 sabbato

159 3830 251 3877 sancto
269 3834 332 3873 cum
352 3813 405 3893 ipsi
424 3810 580 3870 mandatum
599 3816 634 3870 ab
653 3818 818 3893 Imperatore
836 3818 901 3877 mis-

149 3931 222 3996 ·snm
239 3908 348 3977 suisset,
368 3907 499 3966 Joannern
514 3902 607 3963 eadem
620 3925 681 3983 quae
696 3919 773 3965 antea
790 3928 902 3989 respon·

161 4003 240 4062 disse.

202 4095 340 4157 Instabant
352 4112 457 4172 semper
473 4089 586 4149 Aeacius
598 4103 625 4149 et
639 4089 798 4168 Antiochus,
813 4104 839 4151 et
851 4091 902 4152 de·

117 4212 122 4219 ·
162 4189 225 4270 poni
240 4190 370 4249 loannem
380 4183 495 4264 ejieique
508 4183 690 4263 postulabant.
707 4184 829 4263 Cumque
841 4187 900 4243 lm-

162 4297 268 4363 pcrator
284 4281 397 4338 hereret
410 4297 443 4336 ac
458 4289 607 4349 vereretur,
621 4290 681 4335 turn
700 4275 756 4336 diei
774 4279 902 4336 sanctita·

160 4389 226 4448 tem,
249 4388 307 4431 tum
328 4394 360 4432 ne
383 4385 473 4429 motus
493 4368 588 4450 populi
605 4369 788 4442 excitaretur,
809 4369 903 4431 dixere

161 4469 277 4529 Aeacius
287 4481 312 4526 et
326 4465 491 4526 Antiochus:
503 4465 534 4522 ln
545 4477 626 4544 caput
640 4476 762 4522 nostrum
774 4464 809 4523 sit
819 4466 901 4526 Joan-

159 4563 203 4621 nis
215 4559 355 4639 dcpositio.
372 4561 445 4617 Tum
458 4555 637 4634 quadraginta
653 4555 695 4615 illi
709 4556 840 4637 episcopi,
852 4559 900 4635 qui

159 4675 222 4714 eum
233 4655 334 4712 Ioanne
346 4649 554 4722 consentiebant,
568 4650 758 4728 Imperatorem
769 4664 795 4710 et
806 4654 901 4730 Augu-

161 4763 231 4808 stam
250 4743 390 4810 adieruut,
412 4741 458 4818 qui
479 4754 537 4798 tum
558 4741 688 4821 rnartyria
705 4764 752 4802 sen
776 4743 901 4804 ecclesias

160 4853 311 4916 martyrum
335 4833 504 4906 invisebant,
530 4832 681 4910 obnixeque
703 4836 804 4914 precati
826 4849 900 4910 sunt,

161 4945 191 4990 nt
209 4926 357 4989 Ecclesiam
376 4924 426 4982 Dei
440 4925 467 4980 in
486 4945 551 5003 paee
562 4923 753 5002 relinquerent,
769 4928 901 4988 maxime·

160 5043 212 5103 que
222 5035 332 5104 propter
341 5016 442 5077 Pascha
455 5029 481 5074 et
492 5030 601 5096 propter
609 5037 653 5075 eos
663 5018 711 5096 qui
725 5023 900 5098 regenerandi

162 5130 245 5178 erant.
268 5112 384 5172 Ae'enm
405 5108 475 5168 nihil
491 5108 634 5188 impetrare
654 5114 900 5189 possent,Paulus,

161 5209 300 5290 episcopus
309 5203 417 5278 Gratiae,
430 5200 565 5260 clamavit:
577 5199 713 5274 Eudoxia,
726 5205 815 5264 Deum
826 5207 901 5283 time,

160 5310 268 5361 'tuorum
280 5297 426 5358 liberorum
439 5292 577 5354 miserere:
589 5313 674 5371 neque
687 5295 769 5356 violes
781 5312 898 5358 sanctam

958 1068 1068 1107 manum
1079 1048 1219 1124 haberent,
1229 1049 1367 1109 collectam
1379 1049 1500 1109 militum
1514 1062 1633 1111 turmam
1644 1049 1700 1110 mi-

958 1153 1057 1199 serunt.
1077 1140 1109 1199 ln
1131 1140 1190 1221 ipsc
1209 1140 1320 1201 sabbato
1344 1154 1437 1201 saneto
1456 1140 1492 1200 ad
1509 1162 1652 1223 vesperam
1671 1143 1700 1202 in

955 1230 1081 1291 ecclesias
1092 1232 1206 1312 ingressi
1218 1233 1328 1307 milites,
1340 1233 1568 1294 Clerumomnem
1579 1235 1699 1313 quicum

956 1323 1060 1384 Joanne
1075 1339 1131 1384 erat
1147 1326 1291 1407 ejecerunt,
1310 1338 1337 1384 et
1352 1325 1436 1386 armis
1453 1326 1639 1387 sanctuarium
1650 1347 1699 1387 un-

956 1413 1041 1493 dique
1066 1416 1238 1478 obsederunt.
1266 1416 1396 1478 Mulieres
1426 1439 1534 1498 quoque
1560 1439 1699 1481 umatum

954 1507 1075 1580 aedium,
1092 1529 1152 1588 quar
1167 1531 1195 1569 se
1208 1523 1336 1570 exuerant
1348 1522 1380 1569 ut
1391 1509 1614 1591 baptizarentur,
1627 1525 1700 1572 metu

957 1601 1117 1681 perterritae,
1133 1601 1211 1662 nudae
1224 1604 1406 1682 aufugerunt,
1422 1602 1592 1682 nequeenim
1606 1624 1698 1664 conce·

957 1692 1072 1753 debatur
1087 1693 1142 1753 illis
1161 1706 1191 1752 ut
1211 1715 1239 1753 se
1256 1694 1394 1768 velarent,
1410 1695 1480 1756 sieut
1500 1695 1627 1756 mulieres
1644 1696 1699 1757 ho·

956 1798 1043 1844 nestas
1064 1784 1149 1846 decet.
1176 1784 1272 1844 Multae
1295 1786 1376 1845 etiam
1399 1787 1514 1867 acceptis
1536 1786 1698 1848 vulneribus

954 1877 1147 1957 ejiciebantur,
1166 1891 1195 1937 et
1218 1876 1347 1958 sanguine
1368 1877 1553 1959 implebantur
1571 1879 1699 1960 piscina,

955 1990 1104 2048 cruorcque
1126 1969 1196 2030 sacri
1219 1969 1312 2029 latices
1331 1970 1516 2033 rubescebant.
1538 1973 1633 2052 Neque
1652 1973 1698 2033 bic

955 2082 1047 2122 rerum
1065 2062 1129 2122 linis
1145 2062 1198 2121 fuit
1213 2085 1220 2119 :
1235 2061 1263 2121 in
1278 2062 1368 2122 locum
1381 2062 1462 2123 etiam
1482 2063 1512 2122 in
1532 2085 1589 2143 quo
1607 2078 1698 2126 muna

955 2152 1063 2213 condita
1080 2154 1258 2214 servabantur
1279 2155 1392 2234 ingressi
1410 2168 1475 2214 sunt
1495 2154 1612 2233 milites,
1631 2178 1699 2236 quo·

955 2268 1018 2306 rum
1033 2246 1137 2325 aliquot
1147 2247 1232 2307 nullis
1244 2247 1343 2307 initiati
1357 2260 1432 2307 eram
1445 2248 1603 2331 mysteriis,
1615 2249 1696 2310 vide·

955 2353 1072 2418 runtque
1093 2353 1182 2399 tamen
1203 2339 1293 2399 omnia
1314 2360 1374 2418 que
1399 2339 1473 2399 intus
1495 2340 1692 2402 servabantur:

954 2432 1021 2512 quin
1031 2445 1058 2492 et
1066 2431 1250 2493 sanctissimus
1263 2430 1366 2492 Christi
1377 2430 1503 2512 sangrris,
1514 2431 1584 2492 utin
1594 2432 1644 2493 tali
1655 2447 1698 2493 tn-

954 2523 1043 2583 multu
1057 2523 1178 2584 accidere
1191 2535 1307 2605 poterat,
1320 2523 1348 2583 in
1363 2522 1483 2583 militum
1498 2537 1587 2584 vestes
1597 2524 1697 2585 effusus

955 2629 1003 2676 est.
1017 2616 1098 2676 Tunc
1113 2615 1203 2675 omnia
1222 2635 1271 2675 eeu
1288 2615 1314 2675 in
1329 2615 1472 2675 barbarica
1487 2615 1641 2696 irruptione
1649 2639 1698 2698 pa·

955 2721 1024 2767 trata
1039 2707 1155 2769 vidisses
1170 2731 1177 2765 ε
1193 2707 1292 2787 vulgus
1305 2707 1334 2766 in
1346 2705 1520 2767 solitudinem
1534 2707 1698 2787 fugabatur,

955 2800 1104 2861 multitudo
1135 2803 1223 2860 omnis
1247 2813 1324 2860 extra
1357 2798 1495 2860 civitatem
1524 2799 1697 2876 versabatur,

955 2907 1083 2971 erantque
1097 2892 1215 2954 ecclesiae
1227 2891 1257 2951 in
1271 2905 1342 2951 tanta
1359 2891 1504 2953 lmtiritate
1515 2891 1628 2952 omuino
1648 2914 1699 2954 va·

955 3004 1021 3044 cue.
1033 2985 1161 3066 Episcopi
1172 2984 1234 3064 plns
1246 2981 1436 3063 quadraginta,
1446 2985 1496 3064 qui
1505 2983 1620 3044 Joannis
1632 3005 1698 3045 con·

954 3076 1037 3135 sortio
1048 3076 1218 3154 fruebantur,
1230 3097 1291 3136 curn
1304 3075 1383 3136 Clero
1397 3088 1423 3135 et
1435 3074 1536 3156 populo
1550 3075 1610 3135 sine
1620 3097 1697 3139 eausa

955 3166 983 3225 in
995 3169 1087 3248 lugam
1098 3169 1169 3229 versi
1179 3182 1250 3228 sunt.
1261 3167 1409 3229 Horrendis
1419 3166 1577 3247 hujusmodi
1587 3168 1699 3250 flagitiis

955 3262 1044 3319 omnia
1061 3261 1147 3320 mixta
1163 3260 1325 3339 turbataque
1338 3272 1435 3319 manta
1451 3259 1555 3338 ubique
1568 3280 1618 3341 per
1628 3262 1696 3338 fora,

952 3373 1002 3434 per
1021 3353 1128 3427 domos,
1152 3375 1199 3434 per
1213 3351 1383 3428 solitudines,
1401 3373 1450 3432 per
1466 3371 1561 3412 omnes
1579 3352 1697 3413 civitatis

954 3459 1061 3527 partes,
1085 3446 1175 3505 omnia
1195 3444 1336 3519 lamentis,
1354 3441 1514 3524 ejulatibus,
1532 3455 1559 3503 et
1577 3443 1697 3504 lontibus

954 3538 1138 3619 laerymarum
1148 3537 1227 3618 plena
1238 3559 1247 3614 3
1261 3550 1291 3595 ut
1304 3557 1358 3595 non
1372 3533 1453 3595 mdo
1465 3534 1513 3613 qui
1524 3533 1555 3595 in
1568 3536 1696 3595 arumnis

956 3631 1148 3706 versabantur,
1172 3627 1220 3688 sed
1237 3626 1327 3707 etqui
1349 3626 1418 3686 nihil
1438 3625 1492 3685 tale
1509 3625 1698 3706 patiebantur;

955 3744 1008 3784 non
1030 3721 1163 3804 Catholici
1176 3720 1273 3795 modo,
1287 3719 1335 3780 sed
1346 3719 1428 3779 etiam
1439 3717 1576 3795 baeretici,
1592 3718 1696 3795 dadai,

956 3813 1102 3874 idololatra
1119 3834 1182 3874 cum
1196 3811 1342 3873 Catholicis
1356 3810 1476 3870 dolerent
1488 3823 1534 3870 :et
1551 3811 1632 3890 quasi
1647 3833 1697 3872 ex·

956 3921 1074 3989 pugnata
1088 3908 1123 3966 ab
1142 3906 1265 3966 hostibus
1278 3903 1401 3979 civitate,
1419 3902 1559 3978 tumultu,
1575 3903 1697 3986 trepida-

955 4001 1028 4060 tione
1041 4013 1067 4059 et
1081 4000 1190 4081 planctu
1201 3999 1280 4078 plena
1294 4009 1370 4056 erant
1382 3996 1480 4056 omnia.

995 4091 1078 4151 Addit
1093 4113 1156 4152 vero
1175 4091 1384 4172 Chrysostcmus
1398 4088 1464 4149 talia
1481 4108 1562 4150 ausos
1576 4111 1635 4151 esse
1645 4089 1697 4151 ini-

955 4185 1040 4246 micos
1064 4198 1161 4267 preter
1183 4182 1341 4243 sententiam
1366 4181 1481 4263 piissimi
1508 4185 1691 4264 Imperatoris.

954 4277 1093 4339 Nimirum
1112 4277 1199 4336 bonus
1219 4297 1250 4335 ac
1268 4275 1342 4334 mitis
1363 4274 1511 4350 Arcadius,
1530 4275 1579 4353 qui
1595 4275 1632 4335 ab
1653 4276 1696 4335 ad·

954 4370 1082 4433 versariis
1095 4367 1284 4451 Chrysostomi
1298 4367 1439 4448 deceptus,
1449 4365 1609 4447 pellendum
1620 4368 1696 4428 illum

954 4487 1010 4526 esse
1023 4477 1177 4538 censuerat,
1195 4483 1247 4521 non
1262 4460 1374 4540 putabat
1389 4479 1507 4536 eousque
1526 4479 1696 4539 processuros

954 4581 1011 4620 esse
1022 4557 1225 4618 consceleratos.
1247 4554 1280 4612 ld
1297 4565 1375 4612 noete
1394 4549 1492 4621 multa,
1509 4551 1602 4630 inquit
1620 4553 1698 4613 Joan-

953 4673 1011 4726 nes,
1030 4652 1129 4712 laetum
1147 4661 1199 4727 est,
1219 4645 1353 4727 episcopis
1367 4643 1425 4703 hee
1443 4643 1656 4716 instruentibus,
1673 4658 1699 4704 et

954 4743 1047 4804 multis
1066 4743 1094 4802 iu
1110 4742 1176 4801 loeis
1197 4739 1305 4800 ordines
1324 4734 1508 4806 ducentibus,
1529 4756 1582 4796 nec
1603 4735 1698 4796 erube

954 4836 1087 4914 centibus,
1105 4832 1177 4913 quod
1189 4854 1239 4913 pro
1252 4830 1374 4891 diaconis
1386 4827 1606 4909 campiductoree
1618 4830 1699 4891 habe-

953 4941 1012 4989 rent
1024 4939 1178 5008 praeeuntes.

995 5020 1059 5079 llaec
1077 5018 1297 5098 Chrysostomus,
1315 5015 1363 5074 ubi
1378 5014 1506 5076 advertes
1519 5014 1615 5096 ipsum
1628 5015 1703 5078 dite·

952 5134 982 5172 re
996 5113 1084 5193 primo
1099 5110 1156 5169 baec
1168 5109 1195 5169 in
1211 5130 1321 5189 vespera
1336 5107 1441 5168 sabbati
1457 5108 1545 5169 sancti
1559 5123 1703 5191 coepta,et

953 5206 1077 5285 quaedam
1088 5204 1173 5264 multa
1184 5201 1353 5277 noctefacta,
1365 5200 1393 5260 in
1402 5201 1523 5262 eeclesiis
1534 5215 1633 5264 autem
1643 5205 1704 5285 qui·

952 5299 1069 5360 busdam
1087 5299 1145 5358 bec
1159 5309 1263 5377 patrata
1279 5295 1363 5357 luisse
1378 5293 1456 5354 dicit.
1478 5298 1549 5356 eum
1568 5317 1654 5377 porro
1669 5317 1704 5358 ex
