3714 5970
407 419 452 465 nu
478 417 558 467 vira
586 418 618 466 s.
646 416 789 466 cornuis
814 420 1061 470 cunrsosrour.
1471 395 1519 497 89

125 541 240 614 ιοσύνην,
257 539 328 602 ἀλλά
351 541 396 601 καλ
418 541 485 618 μετδι
509 540 600 623 δώρων
624 541 723 602 πείθειν
778 555 823 602 tus
838 543 951 604 vivendi
966 544 1048 603 finem
1061 543 1143 603 fecit:
1162 542 1198 603 ita
1215 555 1246 602 ut
1265 542 1355 603 crincti
1368 545 1456 603 Deum
1469 565 1519 604 ve·

125 632 185 701 κοίις
199 634 294 714 τάχιον
310 632 455 702 ἐξελαύνειν
467 637 520 694 τῶν
534 634 646 694 πολεων.
661 632 725 695 Εἰσί
778 651 918 707 nerantes,
939 651 1112 718 agnoscerent
1127 658 1186 697 eam
1208 656 1265 697 esse
1281 657 1389 717 poenam
1409 637 1520 717 injuria·

125 749 166 787 rte
185 733 263 786 τοῦτο
284 726 502 797 πεποιηκότες,δ
522 729 630 805 Ταρσοῦ
645 726 725 786 καὶὸ
778 746 862 784 rum:
885 747 947 786 oum
968 725 1139 807 predixisset
1157 725 1181 784 ei
1199 723 1356 801 Palladius,
1378 740 1408 786 ut
1433 725 1520 784 redux

139 818 187 877 καί
201 815 531 896 ΕθλόγεοςθΚαισαρείας
552 824 600 891 τῆς
616 820 725 877 Παλαι-
778 816 888 895 quidam
901 819 1051 878 commilito
1068 818 1205 878 narravit:
1224 816 1311 877 atiud
1324 818 1375 877 iter
1387 840 1440 878 non
1451 818 1523 878 iuce-
1574 807 1581 821 ’

125 933 135 970 ε
148 909 277 991 Ἀγκύρας
289 909 343 990 πρὸ
359 908 477 985 πάντων,
490 909 536 969 καί
547 908 696 989 Ἀμμώνιος
710 915 725 970 θ
777 907 835 979 des,
852 909 900 970 scd
914 911 1105 971 miserabiliter
1119 911 1251 970 morieris.
1264 911 1393 971 Ecclesiis
1405 930 1522 991 namque

125 1002 184 1076 ίαυ,
197 1007 276 1061 τοῦτο
290 999 484 1080 μὲν“δόμασι,
504 1002 621 1062 τοῦτοδὲ
645 1007 725 1062 ἀπει-
779 1001 852 1061 viros
872 1016 978 1063 sanctos
999 1004 1108 1062 omnino
1131 1002 1348 1083 appropinquare
1368 1023 1420 1062 non
1446 1004 1519 1062 sine-

131 1097 193 1155 κατ’
211 1097 300 1154 αὐτῶν
322 1093 381 1159 τοὺς
403 1093 541 1172 διάγοντας
560 1095 725 1174 στρατιώτας
778 1099 1026 1171 bant,divertentes
1036 1100 1119 1159 autin
1129 1099 1521 1173 stabula,ubiscortorumerat

125 1212 139 1265 ;,
155 1188 201 1249 ἵνα
221 1190 291 1268 μήτε
304 1188 365 1256 τοὺς
376 1194 428 1248 τῶν
444 1189 610 1268 βουλομένων
624 1189 723 1248 λαϊκῶν
780 1189 942 1267 multitud03
955 1205 1001 1250 aut
1015 1191 1044 1250 in
1056 1192 1299 1267 Samaritanorum,
1310 1192 1352 1251 vel
1365 1190 1521 1253 Judaeorum

131 1283 227 1352 ὠτοίις
239 1286 423 1365 συγχωρῶσιν,
436 1281 522 1351 καθὼς
534 1285 561 1341 o
572 1292 630 1350 ταῖς
642 1288 723 1342 καθο-
779 1302 942 1364 synagogas,
958 1286 1093 1366 precipue
1104 1284 1183 1344 Tarsi
1197 1307 1204 1340 ε
1218 1284 1256 1342 ita
1277 1297 1308 1342 ut
1323 1283 1380 1343 illic
1394 1284 1421 1341 in
1435 1304 1523 1363 angu-

125 1398 152 1436 ει
164 1374 241 1456 Γαίῳ
255 1380 270 1434 θ
285 1375 414 1453 μακάριος
426 1375 552 1446 Ἰωάννης
565 1374 634 1434 κατά
653 1376 723 1441 τινὸς
742 1388 760 1433 u
779 1374 843 1434 stias
860 1376 973 1451 rerlacti,
986 1376 1068 1435 etiam
1088 1376 1164 1435 aliud
1185 1376 1253 1456 quid
1267 1375 1429 1455 cogitarent,
1447 1377 1522 1455 quod

126 1468 323 1550 ἀποδεχόμενος
345 1474 391 1527 τοῦ
416 1458 498 1528 Γαίου
520 1469 550 1528 τὸ
574 1467 723 1548 ξενόδοχον,
778 1481 837 1526 crat
849 1468 960 1529 minime
974 1470 1203 1551 praemeditatum.
1220 1471 1299 1528 Unus
1312 1483 1401 1528 autem
1416 1490 1451 1528 ex
1463 1458 1522 1550 epi·

126 1559 205 1620 αὔτδν
228 1560 266 1638 μὴ
287 1564 425 1638 μιμεῖσθαι
441 1559 501 1627 robe
520 1559 650 1640 πονηροὺς
670 1562 723 1618 τῶν
778 1559 867 1641 scopis
880 1559 954 1621 dixit
965 1588 973 1624 ε
985 1563 1060 1635 Quid
1073 1563 1108 1622 ob
1118 1561 1267 1622 diversoria
1281 1560 1441 1622 tristamur?
1457 1583 1521 1621 num

130 1648 212 1730 Ἔχει
227 1651 255 1711 δέ
269 1677 327 1719 πως
346 1657 363 1723 ἡ
383 1649 466 1719 λέξις·
480 1650 555 1732 Γαίῳ
577 1654 723 1731 ἀγαπητῷ,
778 1650 886 1711 enimin
903 1653 983 1714 nobis
990 1668 1043 1727 est,
1056 1653 1103 1713 ubi
1113 1653 1294 1728 diversemur,
1309 1666 1339 1711 ut
1352 1652 1462 1733 propria
1475 1674 1522 1713 vo·

125 1744 171 1801 att
183 1745 210 1802 lu
233 1744 354 1823 ἀληθεία.
368 1742 516 1821 Ἀγαπητὲ,
538 1743 599 1823 περὶ
615 1744 722 1804 πάντων
778 1741 879 1802 luntate
893 1744 1148 1824 indecoreagentcs,
1161 1766 1253 1839 poenas
1269 1744 1384 1803 demus?
1397 1765 1431 1803 an
1442 1744 1523 1824 igno-

139 1835 295 1908 ὥοδοῦσθαι
317 1833 363 1891 καί
387 1831 534 1910 θγιαίνειν,
555 1831 642 1899 καθὼς
667 1833 723 1893 εύο·
778 1837 843 1895 ratis
863 1836 919 1896 haec
940 1839 1030 1898 omnia
1053 1839 1110 1919 jam
1132 1838 1276 1917 contigisse
1295 1859 1326 1896 ac
1343 1838 1432 1896 lutura
1452 1858 1523 1909 csse,

125 1923 236 2005 ίψυχή.
261 1922 381 2004 Ἐχάρην
403 1923 455 2005 γάρ
474 1923 549 1992 λίαν,
571 1925 722 2006 ἐρχομένων
779 1947 842 1984 cum
850 1928 961 1988 Deusiu
974 1929 1151 1990 hisomnibus
1163 1928 1447 2008 glorificetur?Quam
1455 1928 1525 1987 mul-

125 2016 278 2097 ηγουμίνων
293 2038 348 2094 μοι,
370 2017 411 2076 ότι
431 2021 457 2077 ἐν
478 2016 589 2099 ἀληθείᾳ
609 2041 723 2097 περεπα-
779 2032 813 2078 tae
831 2040 866 2078 ex
888 2020 943 2080 illis
957 2022 1143 2081 meretricibus
1156 2042 1217 2100 quae
1229 2022 1280 2080 Dei
1298 2021 1462 2081 oblivionem
1476 2042 1522 2080 ce·

135 2099 177 2175 οἷς
188 2108 341 2174 ἀνίπαυσας
352 2106 411 2175 τοὺς
424 2106 521 2186 ἁγίους.
534 2109 650 2178 Μείζονα
661 2108 723 2169 ταύ-
779 2128 883 2193 perant,
897 2127 946 2172 aut
961 2114 997 2174 ab
1010 2113 1088 2173 initio
1099 2134 1161 2173 eum
1180 2134 1212 2173 ne
1222 2128 1318 2173 norant
1330 2112 1451 2192 quidem,
1471 2133 1522 2172 no·
1551 2167 1552 2171 ,

125 2199 229 2282 ίαίχω.
241 2199 380 2280 Ἐπιρέρει
392 2201 421 2258 δὲ
438 2201 505 2277 μετδι
516 2207 606 2261 τοῦτο·
621 2200 722 2281 ἔγραψα
741 2205 760 2251 Ε
778 2204 821 2264 bis
833 2205 900 2265 visis
914 2207 951 2264 ita
967 2206 1092 2281 vexatis,
1104 2206 1132 2264 in
1149 2205 1270 2265 timorem
1282 2205 1332 2265 Dei
1345 2219 1371 2263 et
1383 2204 1524 2283 cogitatio-

125 2292 161 2372 ίρ·
175 2295 236 2352 ἀλλ’
251 2296 265 2351 δ
287 2292 489 2373 φιλοπρωτεύων
506 2295 590 2361 αὐτῶν
613 2297 723 2372 Διοτρε-
779 2319 841 2357 nem
860 2314 1007 2372 venerunt,
1020 2300 1132 2359 sortasse
1152 2298 1179 2358 in
1200 2298 1442 2363 meliuseonversae
1454 2345 1462 2370 ‚
1475 2311 1523 2357 aut

125 2385 240 2466 ιδάχεται
253 2391 333 2464 ἡμᾶς,
347 2385 434 2462 λόγοις
449 2395 572 2464 πονηροῖς
584 2390 723 2465 ρλυαρῶν·
778 2387 873 2445 saltem
889 2408 941 2445 non
953 2388 1086 2468 prolapsae
1098 2388 1125 2447 in
1141 2386 1239 2468 pejus?
1249 2387 1309 2444 Nou
1322 2406 1420 2464 parum
1429 2399 1469 2444 est
1479 2407 1523 2445 re-

125 2476 220 2557 ύμενος
232 2477 277 2537 inl
288 2477 397 2551 τούτοις,
411 2477 470 2537 ούτε
484 2479 560 2540 αὐτὸς
573 2478 725 2559 ἐπιδέχεται
780 2474 874 2533 tionali
890 2474 1003 2548 animae,
1019 2498 1079 2554 quae
1100 2499 1115 2535 a
1130 2472 1377 2556 perturbationibus
1391 2487 1521 2547 vexatur,

125 2596 160 2645 ις,
178 2570 225 2630 καί
238 2569 298 2638 τοὺς
311 2570 482 2646 βουλομένους
503 2569 616 2645 κωλύει,
635 2570 681 2631 καί
694 2572 725 2629 ἐκ
779 2570 823 2629 ναί
841 2569 978 2630 modicum
1000 2572 1147 2653 respirare,
1160 2569 1234 2650 quod
1243 2583 1284 2643 est
1300 2569 1522 2633 castimoniaeso-

125 2663 294 2731 ιςάκάάλλει.
304 2654 363 2722 Εἶθ’
374 2661 481 2741 ὕστερον
489 2671 623 2740 παραινεῖ,
630 2661 723 2741 λόγων·
781 2677 920 2722 mentum:
938 2663 1005 2724 adeo
1022 2678 1051 2723 ut
1062 2664 1180 2735 dixerit,
1196 2661 1241 2740 qui
1255 2662 1311 2720 haec
1326 2660 1465 2733 sustinuit,
1481 2682 1524 2721 so·
1622 2733 1625 2739 ι

125 2760 133 2829 l
152 2761 237 2833 μιμοῦ
256 2755 286 2814 τὸ
303 2754 426 2813 κακόν·θ
444 2754 494 2833 γάρ
514 2757 680 2832 ἀγαθοποιῶν
695 2756 725 2814 ἐκ
781 2776 888 2815 crorum
910 2756 1041 2837 interpres
1057 2757 1159 2815 Paulus
1180 2779 1187 2812 ι
1211 2756 1320 2815 Christi
1340 2757 1432 2812 bonus
1452 2754 1525 2812 odor
1534 2793 1555 2837 ²:
1571 2778 1625 2827 cor.
1638 2793 1662 2825 2,

125 2868 190 2907 mu·
207 2851 221 2906 δ
234 2851 385 2907 κακοποιῶν
399 2849 449 2926 οὐχ
467 2845 569 2925 ἑώρακε
583 2847 628 2906 τὸν
642 2845 721 2906 Θεόν.
779 2869 878 2909 sumus
891 2857 923 2907 in
936 2852 982 2909 his
991 2853 1043 2930 qui
1052 2845 1230 2930 saliijiurtt,
1242 2860 1270 2906 et
1284 2850 1317 2904 in
1329 2847 1376 2905 his
1390 2848 1441 2926 qui
1451 2836 1519 2925 per·
1537 2845 1571 2889 ¹5·

125 2962 205 3019 ταμεν
230 2938 258 2997 δὲ
281 2943 326 2998 τοῦ
350 2944 429 3020 ῥητοῦ
451 2938 512 2998 ὅλου
535 2943 583 3009 τῆς
609 2940 725 3005 παλαιᾶς
779 2958 858 3014 eunt,
882 2964 916 3001 eo
936 2945 1015 3022 quod
1034 2941 1233 3023 spectaculum
1239 2945 1447 3022 jactitamus
1465 2959 1522 2996 an-
1537 2978 1555 3010 ,,
1576 2967 1632 3011 00„
1647 2963 1673 3026 γ,

125 3056 140 3091 ι
152 3033 207 3090 τῶν
222 3036 268 3089 νῦν
282 3034 433 3110 Διοτρερῶν
448 3030 664 3112 παραστήσωμεν
676 3030 725 3102 τὴν
777 3034 851 3112 gelis
865 3048 892 3093 ει
907 3036 1085 3097 bominibus.
1099 3034 1140 3092 Eo
1156 3048 1246 3093 autem
1256 3053 1341 3110 usque
1355 3030 1521 3090 crudelitatis
1531 3042 1556 3089 9·

125 3122 191 3204 πίνει
204 3121 232 3181 δὲ
246 3121 292 3181 καλ
306 3122 438 3200 ἐθαύμαζε
449 3127 496 3193 τῆς
509 3123 632 3204 δευτέρας
647 3125 724 3182 Kurr-
780 3140 961 3207 proruperunt
979 3127 1100 3187 locorum
1120 3126 1230 3186 illorum
1251 3124 1371 3206 episcopi
1391 3122 1426 3183 de
1444 3144 1521 3182 com-

125 3214 157 3285 ίκ
179 3214 355 3289 ἐπισκόπους,
376 3218 412 3283 ὡς
426 3214 493 3275 πολύ
508 3214 723 3295 συναλγήσαντος
743 3225 760 3271 F
779 3219 907 3279 munione
917 3220 1064 3301 Theophili
1077 3242 1125 3300 per
1136 3232 1222 3278 totum
1232 3215 1467 3289 Orieutcm,sicut
1480 3237 1522 3275 re·

125 3331 158 3368 νον
171 3316 228 3374 τοῖς
240 3306 408 3385 ἐξορισθεῖαιν
428 3307 592 3379 ἐπισκόποις,
607 3309 723 3385 μάλιστα
781 3311 842 3370 tulit
854 3312 1002 3372 monachus
1016 3313 1063 3391 qui
1075 3313 1137 3371 inde
1148 3310 1239 3383 rediit,
1252 3326 1283 3371 ut
1295 3310 1417 3391 plerique
1427 3330 1519 3370 eorum

125 3422 208 3460 τατον
224 3399 364 3479 Θεόδωρον
384 3403 437 3459 τῶν
457 3399 584 3472 Τυοίνων,
603 3400 649 3460 καὶ
671 3405 724 3460 Bo·
779 3422 831 3462 uon
843 3405 925 3464 modo
937 3403 1260 3473 debitambrunanitatem
1271 3402 1369 3462 uostris
1381 3422 1433 3461 uon
1444 3401 1522 3461 exbi-

125 3489 233 3564 maiar,
246 3489 534 3571 τεσσαρακοστθόγδονν
551 3490 607 3559 ἔτος
628 3491 723 3572 ἔχοντα
778 3495 899 3571 buerint,
914 3518 1011 3556 verum
1024 3496 1095 3556 datis
1109 3490 1267 3555 muneribus
1279 3494 1456 3554 Praetorianos
1470 3492 1521 3552 mi-

125 3586 206 3663 εοπῇ,
224 3583 271 3642 καί
289 3583 450 3664 Σεραπίωνα
470 3583 515 3642 τὸν
529 3583 722 3665 Ὀστρακίνης,
738 3629 761 3666 ,0
777 3584 838 3644 lites
855 3584 1024 3657 induxerint,
1039 3598 1126 3644 utros
1141 3583 1215 3643 ocius
1231 3605 1245 3643 e
1258 3581 1414 3642 civitatibus
1428 3581 1521 3662 expel-

125 3674 266 3752 αατίμπτογ
279 3675 337 3743 ἔτος
351 3675 446 3756 ἔχοντα
460 3678 488 3734 ἀν
501 3680 535 3753 τῇ
551 3681 599 3748 τῆς
611 3680 721 3738 ἐπισκο-
741 3686 758 3730 Α
776 3678 868 3740 lerent.
880 3679 950 3738 Sunt
962 3693 1052 3739 autem
1063 3679 1109 3759 qui
1119 3679 1176 3737 baec
1187 3677 1325 3758 praecipue
1339 3676 1436 3749 fecere,
1449 3676 1522 3735 Tar-

125 3766 172 3849 ιίρ.
191 3768 281 3834 Ἐνεδς
295 3767 323 3826 δὲ
337 3768 475 3846 γενόμενος
489 3769 601 3829 ἐπιπολὺ
616 3775 630 3829 δ
649 3772 722 3831 Θεό·
776 3771 800 3830 si
815 3787 840 3831 et
855 3773 1006 3833 Antiochiae
1027 3772 1165 3854 episcopi,
1184 3785 1265 3850 atque
1283 3769 1414 3851 Eulogius
1435 3771 1522 3830 Cosa-

135 3859 166 3919 τί
178 3850 224 3918 σύν
244 3863 355 3940 ἀροῦμεν
369 3861 434 3940 πρὸς
452 3866 545 3932 ταῦτα,
561 3860 644 3943 πάτερ
650 3885 658 3933 ς
674 3861 720 3932 Μὴ
777 3886 828 3923 reae
842 3865 1008 3939 Palaestina,
1023 3880 1085 3925 ante
1098 3886 1190 3924 omnes
1202 3876 1292 3923 autem
1305 3863 1445 3943 episcopus
1460 3867 1521 3921 An·

125 3949 185 4031 ὕρα
199 3952 285 4027 ἐστίν,
308 3951 355 4010 καί
369 3956 386 4023 ἡ
402 3952 567 4024 ἀποστασία,
588 3953 658 4014 κατά
677 3954 721 4014 τὸν
777 3979 848 4038 cyre
864 3972 889 4018 ct
905 3958 1065 4017 Ammonius
1078 3959 1189 4030 Pelusii,
1205 3957 1304 4038 partim
1315 3954 1406 4032 donis,
1421 3955 1520 4036 partim

141 4042 244 4103 τούτων
257 4042 391 4121 λαμάοίνει
412 4042 459 4114 την
475 4043 584 4115 εἴσοδον,
605 4045 648 4105 tva
662 4049 720 4106 lor·
777 4050 869 4121 minis,
885 4049 1048 4109 deductores
1060 4049 1159 4108 milites
1169 4049 1299 4108 adversus
1309 4069 1354 4106 eus
1363 4048 1520 4127 magisexa-
1609 4064 1612 4069 “

125 4139 187 4216 νρθῇ
208 4140 223 4195 θ
244 4135 297 4200 υἱδς
322 4138 370 4205 τῆς
389 4135 523 4203 ἀπωλείας
537 4140 551 4194 δ
566 4139 720 4217 ἀντικείμε-
776 4158 924 4224 sperantes,
942 4158 973 4204 ut
984 4166 1017 4203 ne
1028 4143 1105 4203 Ιειίείε
1115 4141 1226 4223 quidem
1235 4162 1279 4200 eos
1291 4140 1416 4221 excipere
1426 4139 1521 4199 volen-

133 4226 196 4295 τὼς
213 4225 309 4292 κακοὺς
332 4228 470 4307 εὐημερεῖν
491 4226 537 4285 καί
560 4229 720 4310 δισπροίττε-
776 4236 850 4295 tibus
861 4236 889 4296 id
899 4235 1175 4317 permitterentzsicut
1185 4234 1213 4292 in
1225 4231 1371 4292 Catholicis
1382 4231 1475 4290 scribit
1485 4231 1520 4292 ad

136 4319 195 4389 ,καί
218 4318 347 4398 χρονίζειν
370 4319 415 4378 καί
438 4317 557 4399 ἰσχύειν,
585 4323 631 4380 καλ
660 4321 720 4391 τοὺς
777 4324 1398 4403 Caiumbeatusloanuesadrersusquemdam
1411 4322 1520 4404 episcb·
1596 4359 1616 4367 ·-

125 4411 207 4470 '1⁰0²‘
227 4410 272 4469 “l
290 4413 494 4489 λεηλατεῖσθαι,
511 4415 548 4481 εἷς
569 4413 664 4493 φρίκην
688 4442 722 4496 με
777 4422 1084 4503 pum,hospitalitatem
1094 4419 1152 4481 Caii
1164 4416 1289 4492 irridens,
1301 4436 1516 4494 cumqueorans,

125 4502 262 4576 λησιοίζειν
284 4505 393 4563 ἐκεῖνον.
420 4501 454 4562 Ὁ
480 4505 568 4564 ἐπίσκ.
591 4507 719 4570 Μάλιστα
777 4534 810 4573 ne
820 4509 1293 4595 improbosepiscoposiinitetur.Sic
1302 4522 1391 4567 autem
1401 4508 1519 4569 verbose

125 4591 261 4667 ατοίτατε,
277 4595 354 4672 ἐγγύς
373 4598 428 4654 ἐστι
447 4595 477 4655 τὸ
496 4595 584 4670 τελος,
596 4599 667 4660 sart
678 4602 721 4660 τὸν
741 4606 758 4650 Β
777 4606 899 4665 θείνοντε
918 4610 991 4667 Caio
1012 4609 1176 4675 carissimo,
1199 4623 1285 4683 quem
1304 4621 1357 4678 ego
1377 4601 1468 4681 diligo
1486 4603 1518 4660 iu
1528 4627 1656 4676 3,J„„,„

125 4684 205 4760 ιιδία,
222 4686 324 4766 ἐσχάτη
341 4687 398 4767 ὥρα
415 4686 500 4747 ἐστίν·
521 4690 566 4748 καί
587 4691 658 4751 κατὰ
677 4694 721 4768 τὸ,
776 4703 914 4759 veritate.
929 4700 1098 4773 carissime,
1113 4698 1149 4754 de
1160 4697 1463 4755 omnibusomtionem
1470 4690 1552 4774 stt-4·

125 4777 337 4851 Βῠλῑθδῑθπόῖης
356 4779 417 4859 περὶ
432 4779 502 4861 ὥραν
519 4782 660 4855 ἑνδεκάτην
678 4810 722 4862 μι-
777 4796 820 4851 cio
832 4813 966 4873 prospere
977 4803 1006 4851 te
1020 4790 1134 4870 ingredi
1147 4802 1175 4849 et
1188 4790 1300 4862 ualere,
1314 4791 1389 4846 sicut
1398 4806 1518 4874 prospe-
1534 4848 1537 4853 ,

125 4869 238 4951 leptim<
252 4875 289 4937 εἷς
300 4872 344 4930 τὸν
366 4875 526 4948 ἀμπελῶνα·
542 4877 559 4944 ἡ
579 4874 607 4934 δὲ
621 4876 721 4956 ἐσχάτη
776 4906 809 4944 re
819 4889 880 4966 ugit
892 4886 994 4944 anima
1009 4897 1068 4942 tuo.
1083 4883 1208 4942 Gavisus
1219 4903 1282 4942 sum
1293 4881 1385 4940 ualde
1394 4883 1516 4939 venien·

126 4961 197 5022 ‘⁰¹¹⁹
209 4968 225 5034 ἡ
236 4963 383 5023 τελευταία·
398 4966 432 5023 El
443 4966 470 5023 δὲ
481 4968 534 5047 πρὸ
544 4970 721 5047 τετρακοσίων
778 4981 853 5038 tibus
863 4977 1050 5058 quibusdam,
1059 4990 1088 5036 et
1100 4977 1288 5035 narrantibus
1299 4975 1383 5048 mihi,
1394 4972 1475 5055 quod
1484 4975 1516 5032 in

127 5053 226 5136 ιπαρά
245 5060 292 5115 τοῦ
313 5055 462 5115 ἀποστόλου
486 5058 607 5138 ἐσχάτη,
631 5065 722 5143 πολλῷ
777 5070 904 5127 veritate
923 5066 1070 5137 aittbulrts,
1092 5077 1120 5124 et
1139 5069 1172 5147 in
1185 5066 1291 5143 quibus
1304 5073 1420 5122 sanctos
1438 5061 1516 5145 rese-

134 5145 179 5206 διδ
191 5145 288 5209 πάντα.
312 5146 429 5208 Ἔπειτα
449 5149 475 5209 δὲ
498 5153 544 5210 ἀπ’
560 5155 644 5234 ἀρχῆς
666 5158 721 5216 ἐστι
778 5157 854 5217 cisti.
865 5156 966 5236 Maius
977 5156 1023 5215 iiis
1036 5176 1095 5214 non
1105 5143 1359 5234 liabeogouditim.
1372 5152 1408 5213 Et
1416 5148 1514 5213 addite

125 5299 203 5370 ieorg.
242 5309 247 5318 ‘
