3714 5970
708 474 803 527 NUNC
824 479 957 529 PRIMUM
984 478 1183 529 anorum.
1641 490 1711 563 209

111 600 322 674 ,feOEeonomi
331 601 452 683 adjutor,
467 602 630 662 narrabatur
642 603 671 663 in
685 603 776 663 Africa
790 603 912 663 versari:
967 605 1017 664 das
1035 604 1165 665 utendum
1185 624 1242 663 esse
1256 604 1447 683 existimabat,
1462 619 1492 667 ut
1511 609 1604 671 videre
1622 625 1662 671 est
1681 613 1709 674 in

111 695 146 737 ²¹¹³
158 694 236 754 alius
251 696 353 754 Paulus
366 694 497 754 diaconus
507 695 654 754 Anastasia
664 695 842 777 ierosolymis
852 717 913 756 ver·
965 699 1076 778 epistola
1088 697 1124 757 ad
1133 697 1318 756 Innocentiam
1330 699 1432 778 Papam
1442 745 1450 774 ,
1462 701 1507 759 cui
1521 722 1639 763 summas
1652 705 1708 783 agit

111 769 147 797 κ’
158 785 284 845 sabatur.
299 785 441 845 Helladins
453 786 595 866 presbyter
610 787 706 847 Palatii
722 789 749 846 in
763 789 851 867 agello
862 809 911 848 suo
964 791 1065 869 gratias
1090 788 1163 869 quod
1179 802 1266 847 tantas
1289 803 1478 871 tempestates,
1496 806 1583 855 tantos
1607 796 1706 858 lluctus

157 880 301 961 Bithyniae
309 881 392 941 vitam
405 881 510 961 agebat.
522 881 604 940 Multi
616 882 849 963 Constantinopoli
860 883 910 943 de·
964 903 1014 961 pro
1025 883 1132 941 viribus
1145 881 1238 940 sedare
1251 895 1361 949 conatus
1375 883 1410 942 sit
1421 909 1430 942 .-
1444 885 1481 943 ita
1494 900 1544 962 ut,
1558 888 1583 946 si
1595 903 1705 949 conatus

157 969 332 1047 litescebant3
351 973 398 1031 alii
418 974 447 1030 in
470 973 585 1054 patriam
603 974 717 1052 quisque
736 995 812 1033 suam
831 975 908 1035 abie·
961 974 1019 1052 ejus
1030 973 1123 1033 felices
1133 973 1225 1033 exitus
1235 971 1478 1056 habuissent,jam
1498 992 1593 1059 pacata
1614 982 1705 1041 omnia
1737 1006 1741 1012 ·

155 1078 231 1125 rant.
245 1065 390 1139 Silvanus,
402 1078 511 1124 sanctus
523 1063 665 1146 episeopus
676 1110 684 1139 ,
695 1067 724 1124 in
739 1066 848 1125 Troade
860 1067 907 1147 pi·
961 1079 1065 1140 essent,
1079 1078 1105 1125 et
1114 1064 1235 1126 Ecclesia
1247 1065 1393 1144 tranquilla
1409 1088 1475 1148 pace
1486 1070 1631 1132 irrueretur.
1648 1075 1704 1135 no-

156 1155 305 1230 scebatur,
323 1170 350 1216 et
367 1177 403 1216 ex
420 1156 526 1237 piscatu
544 1157 632 1217 vitam
651 1157 704 1217 sibi
724 1159 906 1239 comparabat.
959 1171 1060 1237 gatque
1079 1157 1158 1216 illum
1178 1178 1212 1217 ne
1235 1179 1270 1218 ex
1287 1158 1506 1221 adversariorum
1530 1164 1620 1224 surore
1641 1165 1704 1227 ani·

150 1248 317 1329 Stephanus
329 1249 478 1309 monachus
488 1293 498 1324 ,
510 1254 558 1327 qui
575 1238 762 1310 ¹Romanorum
781 1250 906 1332 epistolas
960 1270 1035 1310 mum
1049 1248 1230 1332 despondeat,
1243 1271 1306 1310 cum
1318 1264 1357 1311 tot
1366 1242 1466 1312 videat*
1472 1256 1587 1336 populos
1596 1257 1702 1340 disper·

154 1338 316 1416 detulerat,
329 1362 361 1400 ea
373 1339 408 1400 de
421 1361 501 1400 causa
515 1341 673 1402 verberatus
684 1387 692 1418 ,
702 1342 796 1403 decem
806 1345 906 1404 mensi-
959 1360 1004 1402 sos
1011 1386 1020 1418 ,
1033 1342 1145 1403 clericos
1156 1354 1285 1417 vexatos,
1298 1342 1437 1425 episcopos
1455 1344 1566 1406 sedibus
1585 1349 1678 1430 pulsos
1691 1373 1699 1408 ι

155 1431 210 1492 bns
224 1431 460 1514 Constantinopoli
479 1433 506 1492 in
525 1453 631 1493 carcere
648 1435 733 1494 vitam
749 1435 828 1516 ogit:
842 1457 905 1498 eum
958 1447 985 1493 ct
998 1448 1098 1513 quanto
1109 1434 1196 1515 major
1213 1448 1356 1515 tempestas
1370 1448 1410 1496 est
1420 1482 1431 1509 ‚
1441 1449 1517 1498 tanto
1534 1440 1622 1521 majus
1636 1455 1701 1501 stu-

156 1538 250 1585 aarum
264 1525 436 1607 propositum
448 1525 501 1607 ipsi
517 1526 611 1586 fuisset
621 1539 653 1586 ut
671 1527 761 1588 Attico
774 1528 903 1605 beteret,
957 1524 1035 1585 dium
1051 1525 1179 1586 adhibeat
1190 1538 1325 1605 precatur.
1338 1526 1427 1606 Seque
1438 1527 1632 1608 frequentiores
1646 1531 1700 1613 ipsi

154 1628 183 1675 et
198 1635 256 1675 non
268 1616 468 1694 acquievisset,
481 1616 611 1677 lateribus
625 1630 653 1678 et
665 1631 772 1699 pectore
782 1621 904 1699 ungula·
957 1615 1052 1677 literas
1065 1616 1212 1677 missurum
1225 1616 1309 1677 luisse
1320 1617 1375 1691 ait,
1395 1617 1449 1678 nisi
1464 1619 1550 1680 lsauri
1562 1625 1701 1704 perpetuis

155 1727 217 1765 rum
243 1707 273 1767 ri
297 1707 431 1768 laceratus
453 1722 492 1768 est
505 1729 513 1768 s
526 1709 604 1790 cujus
624 1710 665 1770 rei
683 1711 759 1770 testis
774 1711 828 1771 luit
848 1711 905 1792 ipse
958 1707 1158 1768 incursionibus
1169 1707 1229 1768 vias
1241 1707 1460 1770 intercluderent.

156 1798 310 1862 Palladius.
329 1801 484 1881 Stephanus
504 1822 570 1861 vero
589 1802 693 1863 Christi
714 1804 902 1884 providentia,
998 1801 1074 1861 Hane
1086 1800 1229 1881 epistolam
1245 1803 1359 1860 Romam
1374 1803 1618 1865 attulereJoannes
1635 1828 1701 1888 pre·

156 1892 327 1954 mmunda
355 1895 467 1954 tortasse
488 1895 634 1955 certamina
654 1910 822 1973 reservatus,
844 1914 905 1978 post
957 1893 1086 1973 sbyteret
1100 1892 1360 1966 Paulus'diaeonus,
1375 1906 1404 1952 ut
1418 1894 1700 1978 inilladicitur,quae

156 1984 295 2047 &timum
308 1988 454 2047 curationis
467 2010 524 2049 511ae
538 1990 825 2062 mensemfflelusium
839 1992 905 2051 mle.
957 2004 999 2043 res
1024 1984 1215 2043 difficultatem
1236 1997 1326 2043 movet
1347 2005 1400 2045 non
1420 1999 1475 2045 lam
1496 1988 1573 2047 facile
1592 1990 1699 2052 solven-

157 2094 234 2159 gatns
253 2095 308 2141 est.
327 2081 509 2142 Provincialis
529 2080 641 2159 quidam
653 2079 732 2141 miles
750 2103 785 2140 ex
805 2083 906 2143 sobolis
958 2079 1031 2143 dam.
1049 2081 1080 2138 ln
1091 2080 1203 2160 epistola
1217 2079 1289 2138 enirn
1304 2079 1408 2139 ttttad
1423 2081 1589 2162 Cyriacum,
1603 2087 1701 2145 Deme·

158 2172 306 2244 Palatinis,
317 2186 349 2231 ut
361 2173 474 2234 loannis
490 2173 580 2232 fautor
592 2185 732 2232 accusatus
741 2217 749 2245 ,
758 2187 818 2253 post
835 2175 905 2234 varii
957 2171 1040 2230 trium
1054 2183 1080 2230 et
1093 2185 1220 2245 caeteros,
1237 2192 1296 2249 quae
1312 2172 1411 2253 scripta
1427 2187 1539 2252 putatur
1552 2181 1700 2255 annotOb',

157 2264 260 2344 gereris
274 2265 372 2346 plagas
389 2278 417 2324 et
436 2264 617 2324 atrocissimas
632 2263 802 2342 abrasiones,
812 2267 905 2326 Petras
957 2265 997 2325 ait
1014 2267 1225 2348 chrysostomus
1243 2269 1373 2328 loannem
1386 2270 1575 2351 presbyterum
1588 2286 1615 2332 et
1627 2275 1701 2333 Pau·

159 2356 236 2417 exsul
249 2358 352 2417 missus
363 2371 414 2420 est.
957 2361 1016 2420 lum
1034 2360 1179 2420 diaconum
1193 2361 1243 2419 iter
1256 2381 1367 2439 parare,
1381 2374 1411 2420 ut
1427 2361 1499 2442 ipsos
1520 2367 1698 2425 conveniante

127 2494 133 2503 .
194 2447 368 2530 Episcopum
379 2448 464 2508 alium
478 2462 610 2530 memorat
621 2448 904 2531 Syuesins,tllexan-
958 2454 980 2511 si
1008 2466 1098 2512 autem
1123 2473 1194 2511 anno
1214 2452 1273 2512 l05
1295 2451 1366 2512 banc
1396 2453 1537 2534 epistolam
1565 2456 1702 2538 scripserit

111 2506 237 2611 :itm
260 2540 552 2621 Basilinopulitanum,
569 2542 675 2622 Cyrene
693 2541 721 2600 in
742 2540 831 2622 Libya
853 2561 904 2600 na·
958 2544 1168 2625 chrysostomus
1180 2588 1189 2619 ,
1204 2564 1259 2620 quo
1277 2556 1356 2623 pacto
1377 2544 1468 2605 dicere
1489 2548 1572 2626 possit
1591 2550 1702 2609 tertium

161 2647 233 2708 mm,
248 2631 300 2712 qui
315 2632 426 2715 juvenis
439 2633 614 2693 monasticam
628 2630 713 2691 vitam
726 2645 902 2709 exercuerat,
958 2655 1060 2695 aunum
1087 2635 1116 2696 in
1144 2633 1242 2695 exsilio
1266 2654 1364 2713 agere,
1389 2636 1437 2714 qni
1460 2650 1524 2696 tuno
1552 2639 1701 2701 seeundum

161 2738 302 2805 penuque
314 2725 458 2806 presbyter
474 2739 579 2785 creatus
597 2744 660 2784 cum
680 2724 905 2805 Constantinopo-
956 2741 1063 2788 tantum
1092 2728 1160 2787 inire
1186 2729 1324 2808 poterat?
1348 2728 1485 2810 Opinatur
1511 2731 1701 2794 Tillcmontius

162 2820 197 2880 liu
214 2822 355 2893 venisset,
374 2843 389 2880 a
409 2822 620 2903 Chrysostomo,
635 2819 683 2899 qui
700 2822 759 2902 ejus
776 2822 904 2901 pietatem
958 2822 1089 2881 loannem
1099 2834 1125 2880 et
1139 2821 1273 2896 Paulum,
1284 2819 1332 2898 qui
1346 2834 1410 2881 tuuc
1425 2822 1478 2881 iter
1487 2824 1628 2904 parabant,
1637 2846 1699 2907 pro·

162 2925 319 2990 firmaque
331 2911 418 2972 animi
428 2912 507 2973 dotes
518 2912 603 2993 probe
613 2926 741 2984 noverat,
757 2912 905 2993 Basinopo·
956 2913 1098 2973 sectionem
1113 2933 1189 2973 suam
1203 2913 1231 2971 in
1246 2933 1349 2973 annrrm
1362 2930 1515 2994 sequentem
1525 2916 1673 2979 distulisse.

163 3003 213 3063 less
226 3003 727 3085 episcopusereatusluit.·Cum‚vem
741 3004 905 3086 Chrysosto·
995 3007 1091 3070 loanni
1106 3019 1196 3066 autem
1207 3005 1364 3087 presbytero
1377 3021 1405 3066 et
1417 3009 1503 3068 Paulo
1513 3009 1628 3070 diacono
1641 3011 1699 3093 epi·
1767 3076 1772 3087 ⁸
1818 3071 1825 3085 ,

164 3114 246 3155 musa
265 3095 332 3155 sede
349 3116 398 3155 sua
423 3096 519 3177 pulsus
534 3098 606 3168 fnit,
629 3098 688 3178 ejus
710 3096 758 3156 ille
781 3099 904 3178 partibus
956 3098 1054 3158 stolam
1074 3098 1150 3158 dedit
1169 3097 1250 3165 168.
1276 3099 1386 3175 Probae,
1405 3114 1533 3160 matronae
1550 3105 1698 3177 Romanae,
1711 3072 1854 3195 ,pamm

165 3208 263 3270 temper
281 3189 363 3249 baesit
375 3236 383 3262 ,
396 3189 511 3271 ideoque
532 3205 645 3252 vexatus
666 3192 860 3253 Ptolemaidem
875 3195 903 3253 in
957 3191 1147 3264 adserendam,
1164 3191 1207 3250 cui
1232 3190 1294 3250 illos
1315 3191 1486 3251 commendat
1500 3237 1508 3267 ,
1522 3194 1651 3275 illamque
1669 3209 1701 3256 ut

165 3280 244 3364 libya
257 3304 289 3343 se
303 3284 423 3364 recepit,
438 3306 524 3364 neque
541 3306 669 3366 umquam
684 3307 700 3345 a
715 3285 904 3367 Chrysostomi
956 3285 1120 3363 frequentius
1133 3283 1186 3343 sibi
1208 3282 1300 3341 literas
1321 3282 1412 3344 mittat
1432 3297 1566 3365 precatur.
1583 3287 1700 3348 lisdem·

166 3376 280 3455 pubes
294 3375 441 3437 abscedere
453 3379 551 3438 voluit.
956 3399 1009 3457 que
1018 3420 1032 3452 ,Α
1041 3391 1072 3436 ιιι
1084 3389 1213 3458 putatur,
1226 3374 1353 3455 epistolas
1366 3390 1506 3453 sequentes
1527 3379 1587 3438 169
1599 3393 1624 3438 et
1640 3382 1700 3441 l'lO

111 3494 161 3561 fl,
195 3469 297 3529 Narrat
310 3490 378 3529 vero
392 3470 532 3530 Palladius
543 3492 655 3552 scopum
667 3470 793 3532 Ecclesiae
803 3472 903 3530 lloma·
955 3469 1082 3542 tradidit,
1097 3490 1211 3548 quarum
1226 3466 1425 3547 priorJulianae
1439 3482 1465 3527 et
1476 3469 1509 3528 iis
1519 3470 1640 3548 quicum
1649 3472 1698 3532 illa

111 3563 153 3613 *²¹5-
169 3560 294 3621 uidisse
305 3581 360 3620 non
374 3563 573 3622 communicare
587 3583 715 3642 umquam
728 3583 789 3620 curn
804 3562 903 3621 Orien-
955 3574 1031 3621 crant
1049 3559 1198 3638 dirigitur,
1212 3557 1312 3637 quibus
1335 3558 1436 3636 gratias
1449 3559 1525 3638 agit,
1540 3561 1615 3638 quod
1637 3562 1699 3623 illos

168 3653 257 3715 alitus
279 3654 436 3736 episeopis,
458 3656 608 3738 praesertim
634 3676 697 3714 cum
725 3654 900 3735 Theophilo,
955 3669 1142 3733 omnes‚quos
1157 3655 1271 3712 Romam
1293 3651 1403 3710 miserat
1416 3651 1609 3730 benignissime
1622 3676 1699 3716 exce·

169 3746 242 3810 doner
251 3739 373 3809 dedisset
386 3751 520 3811 Dominus
540 3751 630 3811 locum
643 3749 790 3810 universali
808 3750 901 3830 Syno-
955 3748 1071 3826 pissent,
1082 3744 1213 3823 quodque
1229 3758 1285 3802 tarn
1303 3764 1388 3801 saevos
1411 3745 1564 3823 tumultus,
1576 3748 1624 3825 qui
1638 3761 1697 3810 turn

122 3873 125 3879 ·
171 3838 291 3920 do‚qn2
310 3842 469 3922 putrefactis
492 3842 623 3903 membris
644 3862 757 3915 eorum,
776 3840 824 3918 qui
844 3840 902 3900 bare
953 3840 1101 3899 Ecclesiam
1112 3835 1277 3897 Orientalem
1291 3835 1626 3918 agitabaut‚compescere
1638 3854 1712 3900 stu-1

173 3950 295 4015 patrarant
305 3981 316 4008 ,
328 3936 481 3996 mederetur
492 3962 501 3997 s
512 3936 643 4016 additque
653 3937 733 3996 etiam
748 3949 809 4015 post
826 3956 902 3994 mor·
951 3931 1043 3991 derent
1056 3955 1063 3993 :
1076 3930 1207 4011 posterior
1224 3948 1286 3986 vero
1302 3927 1403 3988 ltalieae
1424 3928 1600 4006 inscribitur,
1612 3954 1695 4011 qnam

111 4032 114 4091 l
175 4030 354 4105 temloannis,
368 4030 487 4110 viguisse
505 4044 593 4090 tamen
614 4030 691 4088 illam
711 4027 862 4088 Innocentii
875 4040 902 4084 et
953 4025 1139 4084 alortitudine
1151 4022 1276 4095 celebrat,
1286 4019 1357 4097 quod
1372 4040 1456 4099 neque
1466 4021 1590 4081 sedandae
1599 4024 1696 4084 Orien·

111 4119 273 4611 planant
287 4121 403 4181 Consilii
417 4122 643 4196 declarationem,
657 4121 721 4201 quia
735 4121 762 4179 in
774 4134 846 4179 tanto
858 4133 900 4178 tu·
953 4117 1000 4176 tali
1024 4115 1174 4197 tempestati
1194 4110 1348 4172 incumbere
1361 4111 1510 4189 desineret;
1523 4115 1648 4194 acuitque
1661 4117 1695 4176 il-

179 4210 246 4271 nnltu
261 4213 342 4272 multi
359 4213 466 4294 indigni
478 4213 513 4274 ad
526 4215 659 4275 Ecclesias
672 4211 842 4292 occupandas
855 4211 901 4269 in·
953 4210 1006 4268 lam
1020 4208 1090 4266 utin
1103 4207 1154 4265 boc
1168 4218 1223 4263 tam
1237 4202 1373 4263 laudando
1385 4203 1477 4262 studio
1493 4220 1655 4283 perseveret.

181 4302 322 4364 obserant.
335 4304 460 4387 ldipsum
481 4304 550 4366 dicit
566 4305 754 4367 Theodoretus
767 4328 775 4361 a
790 4302 902 4382 adjicit·
993 4301 1116 4361 Diversis
1128 4318 1235 4378 qnoque
1248 4318 1296 4377 per
1310 4295 1482 4355 Occidentem
1505 4297 1639 4377 episcopis
1656 4297 1696 4357 li-

139 4394 301 4469 ‘loreum
314 4412 376 4479 post
393 4413 507 4458 mortem
521 4401 612 4478 magni
624 4398 744 4459 doctoris
759 4398 833 4455 orbis
845 4410 901 4454 ter·
953 4411 1022 4457 teras
1043 4398 1095 4456 hoe
1113 4397 1219 4456 circiter
1233 4407 1352 4472 tempore
1368 4391 1460 4463 misit,
1481 4392 1524 4450 rel
1546 4405 1576 4451 ut
1596 4394 1696 4469 gratias

187 4503 272 4563 amn,
288 4496 334 4550 τοῦ
353 4491 470 4569 psyilos
484 4492 646 4551 διδασκάλω
661 4496 709 4561 τῆς
725 4487 902 4567 οἰκουμένης,
953 4505 1043 4568 ageret
1056 4510 1104 4570 pro
1118 4509 1183 4569 pace
1202 4486 1230 4544 in
1246 4482 1366 4544 Ecclesia
1378 4482 1513 4542 Orientali
1529 4484 1695 4545 restituenda

190 4574 343 4642 Otddentales
363 4584 522 4665 episcopos,
539 4584 729 4664 episcoporum
749 4581 861 4662 AEgypti
875 4595 902 4640 et
954 4581 1155 4651 laborantibus,
1181 4577 1223 4637 vel
1251 4589 1281 4633 ut
1305 4586 1411 4633 acueret
1432 4587 1458 4632 et
1484 4572 1519 4632 ad
1543 4590 1695 4636 constanter

193 4667 296 4752 blatis,
308 4676 418 4757 bospori
429 4691 456 4736 et
467 4678 606 4753 Thraciae,
619 4676 836 4736 communionem
850 4695 902 4734 non
954 4673 1086 4753 agendum
1103 4668 1290 4739 inflammaret.
1305 4664 1381 4725 Talis
1395 4679 1435 4723 est
1452 4665 1563 4744 epistola
1581 4669 1634 4728 151
1659 4668 1694 4727 ad

198 4778 238 4824 ttte
252 4769 402 4843 admisisse,
418 4792 500 4851 quam
519 4772 609 4831 divini
634 4772 709 4831 illius
731 4770 784 4829 viri
806 4791 903 4828 nomen
956 4765 1077 4824 Asellum
1101 4763 1277 4844 episcopum:
1292 4756 1503 4860 tales'epistolae
1526 4761 1602 4832 152,
1618 4762 1695 4836 155,

202 4874 291 4920 tumn
300 4863 397 4924 oetmis
406 4864 541 4924 defunctis
550 4865 683 4946 episcopis
693 4864 903 4943 consignassent.
956 4857 1034 4932 l5l,
1050 4855 1084 4914 ad
1102 4855 1241 4934 episcopos
1253 4849 1412 4930 simpliciter
1424 4849 1579 4929 inscrrptae,
1594 4850 1694 4926 idest,

128 4997 131 5000 ,
183 4989 193 5001 ,,
229 4952 410 5036 clqmomus
433 4982 496 5019 cum
523 4961 656 5042 episcopi,
684 4958 905 5020 Occidenralibus
957 4963 986 5008 nt
996 4970 1031 5008 ex
1042 4949 1110 5008 serie
1124 4947 1227 5024 liquet,
1242 4941 1277 5002 ad
1288 4943 1427 5023 episcopos
1438 4940 1631 5003 Occidentales.
1642 4944 1697 5004 lis·

165 5025 357 5145 {Romanam
370 5052 578 5133 ,uaefipiemffius
600 5053 713 5126 scribit,
726 5052 760 5111 de
773 5052 844 5110 felici
866 5050 905 5109 rei
957 5042 1019 5100 dem
1037 5041 1118 5100 missa
1134 5039 1186 5098 luit
1204 5035 1316 5118 epistola
1336 5036 1388 5095 l8l
1406 5079 1414 5108 ,
1435 5034 1483 5091 ubi
1503 5033 1569 5093 dicit
1582 5036 1645 5097 illos
1661 5039 1696 5098 ab

111 5172 120 5209 ς
177 5133 905 5225 anbudnhirarevidetur,quodnequitiampotentiarn,
958 5132 1084 5192 omuibus
1108 5130 1247 5214 praedicari
1269 5144 1348 5206 atque
1374 5126 1524 5203 celebrari,
1547 5128 1621 5206 quod
1647 5134 1697 5191 etsi

111 5268 122 5301 ι
215 5229 345 5301 l'tlrauiam
358 5236 577 5298 adrermriorum
586 5259 697 5298 suorum
713 5236 797 5318 probe
809 5247 906 5296 nosset.
959 5243 1014 5288 tam
1032 5225 1113 5307 longe
1128 5222 1219 5284 dissiti
1239 5233 1314 5281 erant
1327 5264 1335 5295 ,
1349 5219 1452 5279 sortiter
1472 5232 1631 5300 strenueque
1644 5223 1697 5282 ad-

122 5371 138 5376 .,
154 5401 158 5408 ,
180 5314 306 5407 qjlttileo
315 5329 416 5390 minore
426 5350 493 5390 eura
503 5344 530 5392 et
542 5329 633 5392 studio
645 5328 680 5391 ad
694 5350 736 5391 res
747 5346 906 5410 componen·
960 5341 1055 5383 sersus
1063 5320 1124 5381 illos
1133 5317 1183 5398 qui
1193 5314 1342 5377 Ecclesiam
1354 5312 1548 5453 perturbabqny
1557 5315 1697 5379 steterint:

213 5452 217 5459 -
321 5428 392 5469 rous.
404 5430 476 5470 sur.
