3714 5970
773 448 890 498 snuntn
918 415 1081 515 euentu.

145 664 1696 706 W

141 873 193 952 lV.
208 873 360 953 Ejusdem,
376 872 456 952 quod
469 891 556 953 grove
573 877 615 930 sie
626 871 684 948 Dei
699 868 885 929 elementiam
901 873 920 919 B
940 866 990 927 IV.
1003 868 1058 927 Τοῦ
1073 868 1164 941 αὐτοῦ,
1175 864 1217 925 ότι
1231 865 1299 947 βαρύ
1311 869 1359 938 ’τῆς
1372 871 1419 927 τοῦ
1430 868 1503 927 Θεοῦ
1515 864 1702 946 φιλανθρωπίας

181 978 374 1027 contemnere.
389 966 481 1025 Dicta
497 976 596 1023 autem
608 965 833 1043 suitpostquam
850 959 887 1016 de
979 969 1164 1040 καταφρονεῖν.
1180 959 1293 1041 Ἐρρέθη
1315 959 1343 1021 δί
1361 963 1409 1033 τῆς
1422 964 1476 1019 τῦν
1495 958 1598 1038 μυρίων
1615 957 1703 1017 ταλάν·

183 1079 245 1118 cem
256 1059 384 1117 millium
396 1059 573 1117 talentorum
581 1052 889 1136 parabolnlectafue·
979 1077 1033 1113 των
1058 1053 1273 1136 ἀναγνωσθείσης
1299 1051 1455 1133 παραύολῆς
1477 1050 1525 1110 καὶ
1546 1049 1617 1110 κατδ
1644 1050 1703 1110 Ἰον-

181 1163 239 1210 rnt.
251 1153 291 1210 Et
302 1164 406 1209 contra
416 1150 549 1226 Jodaeos,
559 1170 626 1207 curn
638 1161 722 1207 terrm
732 1143 885 1226 neotussa·
898 1211 901 1215 ,
980 1145 1071 1222 δαίων,
1081 1149 1128 1206 τοῦ
1144 1151 1255 1223 σεισμοῦ
1268 1143 1420 1225 γενομίνου.

182 1255 247 1303 etus
261 1255 347 1303 esset.

181 1441 338 1506 Clementiae
351 1440 462 1503 Domini
474 1438 558 1499 nostri
569 1437 786 1519 magnificentia,
804 1459 888 1517 quam
980 1443 1017 1504 ‘H
1047 1442 1095 1521 μίν
1122 1446 1171 1516 τῆς
1198 1445 1357 1516 δεοποτικῆς
1387 1438 1590 1523 φιλανθρωπίας
1619 1440 1706 1520 ἀρτίως

143 1545 218 1589 nunc
226 1522 395 1595 audivistis,
407 1519 591 1602 peccatoribus
606 1519 739 1592 exhibita,
751 1518 887 1597 ingentem
941 1524 1089 1603 ἀκουομίνη
1110 1523 1251 1603 φιλοτιμία
1274 1521 1376 1594 πολλὴν
1398 1520 1445 1581 καί
1460 1519 1564 1601 μυρίων
1583 1520 1706 1600 ἁμαρτίας

142 1619 170 1665 et
182 1604 275 1664 decern
287 1601 404 1661 millium
419 1601 519 1682 peccati
530 1599 692 1659 talentorum
702 1599 888 1659 remissionem
941 1604 1078 1665 ταλάντων
1093 1602 1252 1684 χρεοκοπίαν
1267 1601 1409 1684 εἰργάσατο
1425 1602 1597 1681 ἁμαρτωλοῖς
1614 1602 1706 1682 δωρον-

143 1684 243 1744 eliecit.
254 1680 370 1742 Plurimi
384 1702 447 1741 vero
459 1700 530 1761 supe
540 1692 633 1738 contra
644 1679 755 1737 Domini
770 1679 887 1738 clemen·
942 1685 1008 1763 μάνη
1021 1708 1028 1723 ·
1042 1682 1137 1744 πολλοί
1151 1681 1178 1751 δὲ
1189 1683 1319 1750 πολλάκις
1330 1686 1379 1756 τῆς
1389 1681 1551 1752 δεσποτικῆς
1564 1702 1706 1760 κατασκιρ·

142 1765 208 1824 τίετο
222 1776 345 1842 agentes,
357 1774 383 1820 et
399 1760 469 1819 maile
478 1759 557 1819 donis
568 1760 626 1839 ejus
639 1759 886 1831 utentes,clemen-
941 1767 1037 1831 τῶντες
1050 1762 1244 1845 χρηστότητος,
1256 1762 1301 1823 καί
1313 1765 1403 1829 κακῶς
1416 1769 1474 1827 ταῖς
1488 1763 1557 1840 παρ’
1571 1761 1653 1833 αὐτῆς
1664 1761 1707 1819 δυ-

143 1844 188 1903 tiae
201 1842 313 1902 divitias
335 1842 363 1899 in
381 1841 535 1900 thesaurum
553 1838 681 1919 supplicii
699 1838 753 1896 sibi
770 1860 888 1899 conver·
943 1851 1014 1925 ρεοιῑς
1024 1843 1203 1923 κεχρημένοι,
1216 1842 1261 1902 τδν
1273 1847 1320 1914 τῆς
1333 1840 1534 1922 φιλανθρωπίας
1551 1838 1708 1900 amma.

143 1920 361 2001 tuntzsiquidem
375 1941 427 1980 nou
440 1917 922 1998 temerelargiensmisericordiam‚c
942 1929 1015 1993 ζουσι
1044 1925 1157 1982 πλοῦτον
1180 1920 1362 2000 θησαυρισμδν
1388 1922 1492 1986 ἑαυτοῖς
1511 1919 1655 2000 τιμωρίας.
1675 1922 1709 1979 θθ
1731 1933 1734 1939 ’

144 2022 233 2081 neque
253 2000 339 2061 nimio
358 1999 563 2079 magnificentiae
583 1998 674 2057 studio
686 1997 819 2071 allectus,
834 2000 887 2058 cle·
941 2003 993 2083 γάρ
1008 2001 1157 2082 σκορπίζων
1175 2004 1274 2068 ἁπλῶς,
1287 1998 1512 2077 τοθςοίκτιρμυθς
1531 1999 1647 2071 θΘεδε,
1659 1998 1708 2060 otti

144 2080 250 2143 mentia
264 2101 320 2140 suae
328 2079 438 2138 divitias
452 2079 575 2152 exhibet,
589 2077 636 2137 sed
651 2080 908 2158 τιιιιοειτιιιιείιιιο-Ι
941 2085 1031 2143 νοσῶν
1047 2081 1163 2142 ἀσωτίαν
1188 2080 1359 2161 φιλοτιμίας,
1382 2080 1427 2140 τὸν
1450 2083 1499 2150 τῆς
1520 2078 1709 2160 φιλανθρωπίαι

143 2161 235 2222 dantia
258 2158 409 2242 persuadet.
432 2160 502 2219 Cum
526 2171 616 2217 autem
640 2159 740 2216 lrustra
769 2159 888 2239 projecta
941 2162 1120 2223 ίπιδείκνυται
1130 2163 1254 2234 πλοῦτον,
1269 2159 1339 2220 ἀλλά
1351 2163 1384 2239 τῇ
1398 2163 1451 2219 τῶν
1466 2161 1576 2239 δωρεῶν
1590 2160 1709 2218 δυσωποῦν

144 2240 219 2304 videt
232 2239 379 2300 clementie
393 2260 448 2298 suae
463 2238 548 2314 dona,
563 2236 666 2297 clau&
677 2238 811 2296 bonorum
830 2239 890 2297 lon·
941 2246 959 2303 ά
978 2241 1051 2303 θονία
1063 2264 1070 2278 ·
1084 2239 1148 2300 όταν
1163 2242 1190 2301 δὲ
1201 2241 1245 2320 teg
1257 2240 1345 2318 μάτην
1360 2241 1431 2319 αὐτῷ
1450 2236 1485 2297 τά
1497 2242 1549 2310 τῆς
1586 2241 1708 2320 ιλανθρυ-

145 2335 196 2396 teu,
212 2320 308 2379 retinet
322 2319 471 2378 clementiae
484 2318 585 2377 imbres
599 2316 739 2393 ,defessus
752 2331 792 2376 est
807 2321 891 2397 grati·
941 2265 1005 2387 πίοις
1022 2304 1194 2403 ρίπτούμινα,
1206 2318 1344 2380 συστίλλει
1358 2321 1411 2376 τῶν
1426 2318 1535 2396 ἀγαθῶν
1587 2344 1600 2387 ς
1613 2316 1708 2396 πηγάς,

147 2400 265 2461 licando.
279 2401 354 2473 Quot
363 2398 429 2458 olim
440 2398 574 2457 bonorum
586 2397 719 2455 imbribus
730 2395 748 2454 J
751 2396 890 2458 udaeorum
940 2401 1050 2481 κατάχει
1064 2405 1112 2470 τῆς
1123 2399 1320 2480 φιλανθρωπίας
1334 2397 1396 2467 τοθς
1414 2398 1541 2480 όμόρους,
1554 2401 1628 2458 δκνεῖ
1639 2420 1711 2478 χαρι-

149 2479 283 2561 populum
297 2480 397 2558 rigans,
410 2491 441 2536 ut
451 2476 523 2537 vidit
537 2477 598 2535 illos
612 2474 784 2557 gratitudinis
800 2477 890 2537 fructu
942 2481 1056 2559 ξάμενος.
1075 2478 1174 2548 Πόσσις
1190 2478 1255 2541 ποτὲ
1270 2477 1330 2547 τοὺς
1342 2477 1479 2538 Ἰουδαίων
1493 2478 1598 2556 δήμους
1612 2480 1707 2555 ἀγαθῦπ

149 2580 258 2640 vacuos,
266 2558 402 2637 ingratum
411 2557 521 2617 illorum
532 2557 654 2635 animum
668 2577 720 2616 non
734 2558 821 2616 serens
835 2558 891 2618 cla·
942 2564 1026 2628 ύετοῖς
1048 2559 1206 2631 ἐπικλύζων,
1225 2564 1262 2625 ὡς
1279 2550 1346 2618 εἶδεν
1368 2555 1507 2637 ἀκάρπους
1527 2557 1596 2636 πρδς
1614 2558 1710 2638 εὖχορι·

0 2676 1 2684 ,
9 2672 56 2714 ,ιχ
71 2679 91 2714 ,ι
103 2662 140 2727 ,g
149 2640 251 2710 mahat,
271 2641 357 2697 Facti
377 2641 445 2697 estis
459 2639 572 2697 molesti
584 2637 658 2695 milri
662 2634 675 2696 ί
688 2636 733 2696 Ex
745 2657 805 2697 mea
827 2657 891 2717 erga
943 2639 1018 2707 στίας
1030 2638 1256 2744 καρτοῦς,ὥοπερ
1269 2637 1433 2717 ἐμπλησθεὶς
1446 2640 1496 2708 τῆς
1507 2637 1617 2696 ἐκείνων
1631 2640 1710 2717 ἀγνυ-

150 2718 348 2779 vosclemeutia
363 2717 449 2797 magis
464 2716 622 2777 contentiosi
641 2717 827 2796 apparuistis:
843 2717 893 2776 ιίε-
944 2720 1069 2796 μοσύνης,
1086 2718 1165 2779 ἐθόα·
1179 2717 1319 2799 Ἐγενεσθί
1341 2741 1386 2796 μοι
1410 2721 1448 2783 είς
1470 2717 1642 2794 πλησμονήν.
1663 2717 1711 2788 Τῆς

150 2799 235 2858 fessus
248 2818 309 2858 sum
328 2797 407 2856 vobis
426 2795 603 2877 gratificando
622 2819 629 2852 ι
646 2799 735 2854 Facti
747 2801 816 2856 estis
832 2817 894 2856 mo-
944 2801 1010 2876 ίμῆς
1026 2803 1064 2867 είς
1076 2798 1182 2875 specu
1202 2805 1281 2871 θητε,
1301 2796 1376 2878 φησὶ,
1390 2797 1455 2877 πρός
1474 2820 1508 2874 με
1522 2799 1620 2877 φιλανθ
1699 2818 1711 2864 ς

151 2879 217 2938 lesti
229 2879 310 2937 milei.
324 2876 432 2936 Rationi
453 2876 579 2957 competit
598 2875 644 2934 illa
663 2895 726 2954 erga
748 2876 820 2956 ipsos
842 2898 925 2957 για-ι)
946 2880 1166 2960 φιλονεικότεροι·
1181 2823 1295 2956 ίκαμνον
1321 2881 1383 2955 ύμῖν
1407 2875 1622 2957 χαριζόμενος·’
1645 2874 1710 2955 γίνε-

151 2958 251 3018 tientiae
264 2970 353 3016 meta:
367 2955 895 3038 nullusenimsuperestipsoscorrigen·
946 2959 992 3020 σθέ
1003 2981 1048 3037 μοι
1068 2962 1105 3025 είς
1116 2957 1284 3036 πλησμονήν.
1301 2957 1425 3036 Εὐλόγως
1434 2961 1482 3028 τῆς
1498 2959 1541 3016 ἐπ’
1560 2959 1649 3021 αὐτοῖς
1666 2979 1710 3034 μα-

124 3116 128 3121 ·
151 3036 182 3097 di
195 3035 364 3098 modus****
944 3038 1088 3118 προθυμίας
1109 3044 1124 3098 θ
1147 3038 1237 3119 κόρος·
1252 3040 1282 3097 οὐ
1305 3036 1357 3117 γδρ
1379 3033 1531 3118 εὑρίσκεται
1554 3035 1652 3117 τρόπος
1671 3038 1711 3108 τῆς

946 3121 1033 3180 αὐτῶν
1048 3117 1211 3200 διορθώσεως
1222 3117 1268 3149 ***

19 3593 55 3626 u,
67 3576 90 3625 ς,
101 3575 141 3642 4³·
152 3547 189 3610 V.
199 3547 340 3628 Ejusdem
351 3550 383 3604 in
393 3551 546 3627 songut'nis
550 3543 644 3627 fluxu
656 3546 852 3620 laborantem,
860 3566 896 3605 ex
955 3547 956 3551 ’
973 3549 1010 3608 V.
1025 3550 1081 3608 Τοῦ
1097 3550 1176 3609 αὐτοῦ
1191 3551 1227 3617 είς
1244 3547 1292 3621 τὴν
1307 3551 1512 3630 αίμορροοῦσαν,
1522 3549 1553 3608 ἐκ
1570 3551 1617 3607 τοῦ
1634 3541 1696 3604 met

6 3669 11 3678 ·
292 3639 458 3716 Evangelio
471 3640 757 3699 seeurrdumLucarn.
1099 3707 1101 3716 Ι
1193 3645 1299 3701 Λουκάν
1314 3639 1477 3722 εὐαγγελίου.

195 3835 264 3899 Aliis
286 3839 397 3917 quidem
416 3839 485 3900 alias
505 3840 697 3919 negotiationes
718 3840 782 3899 vite
799 3861 898 3920 scopus
992 3837 1097 3907 Ἄλλοις
1113 3837 1160 3918 μὲν
1184 3839 1266 3906 ἄλλος
1290 3843 1304 3898 δ
1326 3844 1372 3898 τοῦ
1390 3838 1449 3917 βίου
1475 3837 1576 3905 σκοπὸς
1598 3834 1716 3917 ἐμπορίας

152 3920 308 4002 dispertivit
322 3965 330 3989 ‚
344 3920 387 3977 cui
410 3940 441 3977 ue
454 3919 530 3979 illam
542 3919 692 3978 attribuens
708 3942 768 3998 quae
781 3921 855 3978 utilis
871 3933 897 3979 et
953 3920 1071 4001 ἐμέρισε,
1087 3923 1193 3998 διαιρῶν
1207 3920 1310 3999 ἑκάστην
1323 3917 1372 3989 τὴν
1386 3920 1514 3978 δοκοῦσαν
1528 3909 1597 3977 εἶναι
1610 3915 1716 3999 χρειόιδη

155 4021 273 4081 congrua
287 4020 343 4058 esse
358 3942 603 4072 videtnr3unicain
615 4020 679 4058 vero
691 4000 768 4059 nobis
783 4000 897 4079 largitus
952 4001 1040 4062 καὶου
1083 4002 1285 4080 ε’ρουοαν·ἠμῖν
1297 3999 1325 4059 δὲ
1340 3997 1403 4076 μίαν
1414 4000 1556 4074 ἀπένειμεν
1572 3995 1716 4066 bileberi*

154 4095 195 4142 est
207 4083 280 4139 Deus
303 4078 509 4158 negotiationem
531 4080 664 4159 Spiritus,
680 4100 739 4158 qum
753 4102 802 4160 per
815 4080 897 4139 lidern
952 4025 1081 4158 ἐμπορίθίθ
1095 4085 1140 4137 τοῦ
1160 4079 1331 4156 Πνεύματος,
1348 4080 1505 4147 πολλαπλῆν
1520 4069 1603 4137 ούσαν
1616 4077 1659 4136 διδ
1676 4073 1717 4134 πί·

156 4163 187 4222 lit
201 4159 365 4239 multiplex,
378 4179 410 4216 ac
426 4159 544 4218 maxima
558 4157 613 4216 edit
624 4159 693 4218 bona
709 4180 788 4239 opera
800 4205 810 4231 ,
827 4160 897 4220 sicut
914 4174 933 4220 t:
953 4173 1046 4234 στεως,
1059 4160 1103 4219 καί
1118 4164 1296 4239 κατορθοῦσαν
1312 4157 1346 4217 τά
1360 4157 1472 4236 μέγιστα
1483 4156 1554 4215 κατὰ
1567 4157 1600 4216 τθ
1609 4176 1718 4236 γεγραμ-

5 4288 26 4319 ,,,
38 4275 86 4320 0„
107 4287 143 4320 η,
156 4241 288 4321 scriptum
300 4253 358 4298 est:
372 4239 455 4297 Idem
466 4260 537 4297 vero
546 4239 670 4318 Spiritus
682 4284 689 4312 ,
701 4240 831 4299 dividens
841 4242 898 4298 sin·
954 4241 1047 4317 μένον·
1059 4239 1100 4298 Τὸ
1114 4237 1141 4298 δὲ
1156 4239 1220 4297 αὐτὸ
1236 4241 1348 4315 Πνεῦμα
1364 4239 1477 4318 διαιροῦν
1492 4237 1546 4316 ίδίρ
1561 4236 1664 4317 ἑκάστῳ
1676 4256 1718 4293 κα·

7 4350 47 4383 ιι.
90 4316 95 4327 ’
155 4323 232 4403 gulis
246 4333 333 4399 prout
351 4319 429 4379 uult.
448 4319 511 4379 Sola
524 4319 595 4377 eninr
610 4318 677 4377 fides
690 4340 752 4377 cum
765 4339 898 4400 possesso·
953 4320 1006 4384 θὼς
1026 4318 1157 4397 βούλεται.
1170 4318 1246 4388 Μάνη
1258 4317 1309 4398 γάρ
1322 4317 1410 4384 πίστις
1423 4316 1574 4397 παραμίνει
1586 4325 1640 4384 τοῖς
1652 4314 1718 4396 lpu-

155 4402 231 4461 ribus
246 4413 353 4458 manet:
374 4400 548 4479 accipientem
565 4420 616 4458 nou
632 4399 753 4480 decipit,
768 4421 796 4458 se
810 4411 898 4458 tenen·
952 4420 1011 4460 σιν·
1038 4400 1067 4457 οὐ
1087 4398 1210 4478 ψεύδεται
1226 4398 1270 4457 τὸν
1289 4395 1478 4473 λαμύάνοντα,
1499 4400 1547 4455 οὐκ
1571 4398 1657 4456 ἀθετεῖ
1679 4394 1718 4454 rb

155 4495 209 4541 tem
224 4501 276 4538 uon
288 4479 403 4548 deserit,
413 4480 486 4539 iures
497 4500 549 4538 non
563 4479 678 4554 metuit,
692 4493 831 4558 raptorum
844 4500 897 4538 non
953 4478 1132 4555 κτησάμενον,
1150 4482 1197 4538 οὐκ
1212 4477 1362 4537 εῦλαάεῖται
1375 4476 1436 4543 τοῦς
1447 4475 1583 4550 κλέπτας,
1599 4479 1647 4555 οθχ
1658 4479 1718 4554 bpa-

155 4561 236 4620 babet
247 4559 444 4637 suspicionem,
460 4558 558 4638 sigillis
572 4581 623 4618 non
640 4559 759 4638 indiget,
774 4559 898 4618 custodes
955 4570 1032 4639 ρᾶται
1052 4557 1111 4624 τοὺς
1125 4557 1257 4638 ἅρπαγας,
1272 4561 1300 4616 οὐ
1322 4558 1414 4638 χρῄζει
1429 4556 1596 4637 σφραγίδων,
1611 4559 1640 4616 οὗ
1654 4558 1719 4626 ζητεῖ

155 4660 209 4699 uon
231 4639 351 4714 requirit.
378 4640 465 4697 Deum
487 4639 560 4697 enim
582 4639 720 4699 custodem
740 4638 837 4711 habet,
850 4641 898 4717 qui
953 4637 1013 4705 τοὺς
1028 4637 1220 4717 φυλάττοντας·
1233 4638 1302 4698 Θεὸν
1316 4643 1367 4718 γὰρ
1382 4638 1439 4716 ἔχει
1453 4634 1561 4716 φύλακα
1579 4635 1625 4695 τδν
1641 4633 1720 4694 πάντα

175 4740 204 4779 cr
225 4718 294 4776 hanc
319 4717 407 4775 omnia
436 4718 563 4776 omnibus
591 4734 694 4800 promte
716 4719 898 4778 administrat.
954 4728 1008 4786 τοῖς
1027 4727 1094 4776 πᾶσι
1114 4717 1157 4776 ut
1180 4717 1277 4789 ταύτης
1303 4718 1414 4795 ἑτοίμως
1434 4716 1598 4796 παρέχοντα.
1622 4713 1720 4786 Ταύτην

156 4742 234 4857 lianc
258 4796 357 4854 babere
379 4797 493 4876 cupiunt
511 4817 602 4876 regcs;
617 4799 664 4856 sed
686 4800 785 4879 privati
809 4800 897 4878 possi·
955 4800 1126 4873 ἐπιθυμοῦσιν
1143 4796 1213 4877 ἔχειν
1233 4798 1362 4875 βασιλεῖς,
1379 4797 1438 4853 ἀλλ’
1450 4797 1554 4854 ἰδιῶται
1568 4794 1720 4865 κέκτηνται·

157 4880 240 4950 dent,
259 4877 388 4956 primates
407 4891 548 4955 quierunt:
566 4876 612 4935 illa
636 4899 700 4936 vero
725 4879 759 4936 ad
782 4878 900 4944 httmiles
956 4881 1063 4950 ζητοῦσι
1087 4877 1229 4949 δυνάσται,
1252 4876 1318 4946 αὐτὴ
1345 4875 1373 4934 δὲ
1396 4883 1530 4941 ταπεινοῖς
1553 4873 1721 4954 προστρέχει,

157 4959 260 5030 currit,
271 4970 296 5016 et
311 4970 403 5015 tenues
414 4956 605 5036 amplectitur3
619 4957 656 5016 ad
670 4957 791 5017 infirmos
804 4958 899 5033 venit,
956 4957 1002 5018 καί
1021 4955 1080 5022 τοὺς
1094 4960 1206 5024 εὐτελεῖς
1224 4954 1447 5034 περιπτύσσεται·
1462 4952 1572 5032 ἔρχεται
1588 4953 1652 5034 πρὸς
1670 4950 1723 5018 τοὺς

158 5054 184 5098 et
198 5037 378 5119 apprehensos
393 5057 474 5095 manu
497 5034 587 5105 ducit,
609 5035 666 5094 sine
685 5037 805 5096 mercede
824 5059 901 5095 cura·
920 5044 938 5090 t
957 5036 1183 5119 ἀρριίιστους,καί
1198 5036 1305 5101 τούτους
1327 5039 1536 5136 παρακροτοῦσα
1558 5037 1725 5113 χειραγωγεί,

158 5119 244 5178 tiones
267 5116 394 5195 largiens.
421 5117 491 5174 Curn
518 5115 602 5191 igitur
625 5114 720 5188 vides,
741 5138 757 5174 o
781 5117 898 5187 dilecte,
960 5117 1052 5194 ἀμισθὶ
1069 5117 1116 5182 sle
1137 5116 1219 5182 ἰάσεις
1242 5113 1406 5193 δωρουμένη.
1431 5103 1726 5191 Οτανούνῖδρφάγα·

158 5199 296 5256 Christum
319 5217 334 5254 c
348 5209 445 5255 moute
461 5193 685 5264 descendentem,
699 5195 862 5274 iterumque·
872 5197 900 5255 in
910 5237 946 5275 „5
958 5196 1037 5269 πητθ,
1049 5195 1096 5262 τὸν
1109 5196 1224 5275 Χριστὸν
1236 5195 1262 5265 ἐξ
1276 5195 1351 5278 όρους
1368 5191 1576 5295 κατερχόμενον,
1591 5193 1638 5253 καί
1651 5193 1727 5252 πάλιν

160 5291 276 5337 montem
288 5274 491 5351 ascendentem,
504 5273 630 5355 paludem
646 5276 841 5353 transeuntem,
855 5298 901 5357 per
920 5293 940 5338 a
959 5280 995 5342 είς
1007 5276 1065 5359 όρος
1084 5275 1273 5349 ἀναόαίνοντα,
1286 5277 1408 5354 περῶντα
1430 5278 1545 5351 λιμνην,
1573 5272 1729 5334 διαπλέοντα
