3714 5970
234 418 910 532 apostatatus
935 452 1172 504 cunrsosnonr
1194 454 1289 520 vrrs,

237 583 325 648 multa
336 582 444 667 repetit,
464 602 525 663 quae
538 581 567 643 in
580 576 982 663 primedeEutropiohemilia
1035 577 1092 640 hat.
1109 578 1245 655 lllevero,
1258 593 1359 640 utrem
1374 578 1530 662 Theophilo
1544 594 1648 661 gratam
1661 581 1771 662 hoeoet,

237 676 365 759 pluribus
379 676 526 753 dicuntur,
540 694 642 735 necnon
655 672 733 733 initio
743 672 877 753 sequentis
891 672 982 732 homi·
1035 668 1113 730 aliud
1125 670 1179 731 sibi
1192 670 1363 732 domicilium
1375 671 1486 752 delegit,
1499 673 1671 755 collectisque
1682 678 1778 737 omni·

238 768 331 828 liade
350 766 495 849 Eutropio.
515 764 587 827 Hinc
602 766 685 826 etiam
701 780 729 826 et
746 787 782 826 ex
797 765 859 825 aliis
875 785 982 845 quoque
1036 760 1089 821 bus
1097 783 1145 841 qur
1154 775 1219 823 tunc
1229 764 1462 845 Constantinopoli
1474 780 1551 828 erant
1565 768 1710 850 episcopis,
1725 769 1778 831 da-

239 860 370 941 probatur
383 860 452 919 hanc
463 858 603 919 homiliam
617 856 848 938 Constantinopoli
862 857 951 917 boe
927 879 983 917 ιιι-
1037 852 1201 915 montionem
1210 853 1343 916 lihrorum
1352 857 1554 938 Origenisbase
1566 859 1718 941 prolatam
1709 862 1777 943 apsis

238 951 306 1011 citer
318 966 438 1032 tempore
447 950 548 1012 dietam
561 951 657 1024 fuisse,
671 964 702 1010 ut
715 949 830 1011 videas
822 971 850 1010 ιιι
863 949 979 1011 Μοιιιιο.
1036 945 1154 1008 ostendit
1163 968 1196 1008 ac
1215 947 1290 1029 legit.
1306 953 1345 1010 Ae
1357 949 1489 1010 uonnuffv
1497 951 1608 1030 quidem
1618 953 1729 1013 illorum
1742 954 1779 1014 ob

238 1044 271 1104 ln
283 1044 336 1104 hac
348 1043 460 1104 homilia
472 1043 642 1105 subindicare
653 1041 762 1105 videtur
772 1043 981 1125 Chrysostomus
1037 1039 1186 1121 Epiphanii
1204 1042 1383 1103 reverentiam
1401 1042 1466 1103 huic
1485 1043 1592 1105 deeoeto
1609 1045 1779 1127 mbscripse-

238 1157 268 1198 se
282 1136 326 1197 bis
337 1136 366 1197 in
378 1136 549 1197 hebdomada
562 1134 715 1218 concionari
726 1135 820 1196 solere.
1036 1145 1121 1209 runt3
1135 1132 1216 1193 multi
1228 1154 1295 1195 vero
1309 1134 1338 1194 id
1352 1134 1440 1196 heae
1457 1152 1635 1198 recusarunt:
1652 1159 1689 1198 ex
1706 1160 1779 1218 quo·

279 1229 371 1291 Aliam
381 1250 488 1309 quoque
499 1229 527 1288 in
540 1228 636 1290 eadem
652 1230 734 1290 verba
748 1229 775 1290 in
788 1228 927 1288 Psalmum
941 1226 982 1289 t8
1036 1243 1099 1283 rum
1113 1245 1226 1285 numeru
1244 1225 1297 1285 suit
1308 1226 1469 1288 Theotimus
1485 1229 1629 1311 episcopus
1645 1230 1777 1312 Scythiae,

238 1322 394 1384 concionem
411 1322 508 1382 babuit
520 1321 751 1404 Constantinopoli
769 1322 798 1381 in
815 1324 915 1400 Magna
933 1341 982 1381 ec-
1037 1315 1085 1395 qui
1098 1317 1255 1399 Epiphanio
1267 1319 1417 1401 respondit,
1432 1321 1505 1382 nolle
1518 1342 1547 1382 se
1558 1322 1649 1383 virum
1659 1323 1718 1403 jam
1730 1323 1780 1383 diu

238 1415 334 1496 clesiaf,
347 1428 377 1474 ut
389 1416 417 1474 in
429 1413 509 1474 titulo
521 1413 615 1474 lemur.
629 1414 697 1475 Erat
713 1428 803 1474 autem
821 1416 920 1492 Magna
937 1433 982 1472 ec-
1038 1409 1082 1490 pie
1095 1410 1252 1471 defunctum
1263 1413 1425 1474 conmmelia
1437 1413 1554 1491 afficere,
1567 1435 1647 1494 seque
1660 1435 1719 1474 rena
1731 1416 1780 1474 im·

239 1506 320 1570 elesia
333 1506 397 1583 illa,
416 1505 512 1585 inqua
529 1506 695 1584 frequentius
714 1507 859 1588 episcopus
873 1504 983 1566 concio-
1035 1503 1110 1584 piam
1128 1503 1265 1563 iacturum
1281 1519 1392 1585 putare,
1412 1505 1436 1565 si
1456 1527 1488 1567 ea
1505 1506 1704 1584 condemnaret,
1718 1527 1779 1585 quae

240 1598 371 1672 nabetur,
386 1586 650 1680 Magnaappellata,
666 1599 740 1679 quod
751 1597 855 1660 caeteris
866 1597 983 1679 amplior
1036 1596 1152 1676 majores
1169 1596 1212 1657 sui
1227 1617 1280 1656 non
1302 1597 1519 1678 reprobaverant
1538 1597 1676 1659 Nimirum
1696 1611 1778 1679 puta·

239 1706 318 1753 esset.
339 1691 518 1752 Contionatus
531 1704 570 1751 est
593 1705 692 1767 autem,
707 1707 849 1774 postquam
863 1690 934 1750 alius
948 1710 983 1751 ex
1036 1688 1211 1774 batnsanctus
1224 1691 1271 1753 vir
1290 1712 1344 1752 non
1362 1691 1444 1751 unius
1459 1703 1566 1751 ιιιιιιιιιι
1583 1689 1705 1772 episcopi
1724 1709 1782 1750 esse

239 1797 346 1866 recepto
373 1804 447 1844 more
465 1783 612 1844 orationem
630 1783 781 1859 habuerat,
796 1782 983 1844 brevissimam
1037 1779 1077 1840 sie
1088 1777 1211 1842 veterum
1228 1783 1314 1844 libros
1326 1784 1510 1866 proscribere,
1528 1782 1576 1844 sed
1591 1780 1623 1843 id
1640 1781 1677 1841 ad
1696 1790 1781 1843 totam

239 1875 360 1956 qtridem,
376 1874 424 1935 sed
439 1896 500 1953 quaa
511 1874 666 1936 auditorum
684 1875 778 1935 laudes
789 1888 939 1949 meruerat,
956 1887 984 1933 et
1036 1873 1187 1934 Ecclesiam
1201 1874 1231 1935 in
1245 1897 1332 1936 unum
1345 1889 1465 1935 coactam
1478 1876 1623 1956 pertinere.

238 1989 256 2028 a
274 1959 469 2049 Chrysostom
485 1980 517 2026 ut
531 1970 623 2048 magni
636 1968 717 2050 pretii
739 1968 898 2028 celebratur.
920 1967 984 2026 Post
1077 1967 1193 2027 Joannes
1206 1989 1271 2029 vero
1279 2014 1289 2046 ,
1308 1968 1359 2029 etsi
1371 1981 1463 2028 contra
1477 1967 1684 2028 eodoeiastieam
1697 1987 1782 2048 regu·

238 2061 372 2121 mmultus
381 2082 445 2122 vero
454 2059 587 2139 quosdam
598 2058 907 2141 Constantinopolitanae
920 2078 984 2139 pro·
1037 2058 1093 2119 lam
1106 2059 1166 2120 haec
1179 2061 1214 2120 ab
1227 2061 1391 2143 Epiphanio
1407 2062 1468 2122 fieri
1481 2062 1605 2140 videbat,
1621 2060 1784 2121 hortabatur

238 2155 388 2214 nuntiatam
397 2152 479 2212 luisse
487 2153 557 2213 hanc
564 2153 706 2212 homiliam
714 2154 924 2234 Chrysostomus
932 2151 984 2211 sub
1037 2164 1127 2212 umen
1140 2151 1220 2212 illum
1233 2168 1264 2213 ut
1282 2155 1311 2214 in
1326 2154 1474 2236 episcopali
1486 2154 1568 2215 domo
1578 2167 1711 2215 ιιιιιιειοι.
1726 2155 1784 2215 Ve-

168 2284 171 2291 ·
238 2244 350 2306 initium
368 2245 628 2326 docet.ehgeergo,
642 2265 657 2302 ι
671 2245 770 2324 inquit,
783 2268 798 2301 ιι
811 2265 859 2303 nos
879 2263 985 2322 quoque
1039 2264 1100 2303 rum
1116 2244 1162 2304 ille
1177 2266 1230 2307 non
1243 2267 1402 2306 mansurum
1415 2267 1518 2307 secum
1536 2247 1600 2322 illo,
1617 2266 1706 2325 neque
1723 2265 1785 2326 pre·
1818 2271 1822 2277 ·

207 2388 209 2392 .
239 2336 420 2413 tumultuum,
443 2338 490 2416 qui
501 2339 560 2419 jam
576 2338 762 2418 contigerunt,
777 2336 895 2417 procella
910 2336 984 2395 libe-
1039 2345 1164 2393 catumm
1180 2333 1267 2410 dixit,
1284 2335 1336 2394 nisi
1354 2336 1516 2395 Dioscorum
1534 2336 1682 2414 fratresque
1698 2335 1785 2414 ejuse

238 2427 306 2502 rati,
318 2441 455 2507 tamquam
467 2426 625 2488 fluvialibus
636 2426 802 2506 quibusdam
816 2426 894 2505 aquis
905 2447 984 2486 aures
1037 2424 1150 2486 civitate
1166 2425 1293 2506 pelleret,
1308 2439 1335 2486 et
1348 2427 1405 2508 ipse
1416 2426 1633 2488 condemnationi
1646 2427 1784 2487 librorum

239 2533 345 2580 nostras
352 2518 465 2577 lectione
474 2518 678 2600 Scripturarum
689 2517 865 2578 abluamus.»
878 2521 919 2577 De
930 2539 985 2596 quo
1041 2517 1168 2598 Origenis
1180 2539 1262 2579 manu
1277 2520 1385 2601 propria
1399 2519 1590 2580 subscribent.
1606 2521 1680 2582 Cum
1692 2534 1785 2580 autem

240 2610 361 2681 tumultu
378 2623 404 2669 et
418 2610 666 2692 perturbationibus
681 2608 806 2689 quadam
818 2608 886 2669 dicit
903 2610 985 2670 etiam
1040 2612 1154 2672 Joannas
1174 2611 1203 2670 id
1222 2612 1311 2672 facere
1329 2611 1424 2689 nollet,
1442 2611 1566 2691 nihilque
1585 2625 1686 2672 temere
1708 2633 1786 2692 agen·

239 2705 362 2767 inferius.
385 2704 526 2765 Putaverit
546 2706 658 2765 sortasse
675 2704 810 2784 quispiam
826 2703 871 2764 hic
888 2706 932 2785 agi
950 2705 986 2765 dc
1039 2699 1108 2761 dum
1125 2723 1183 2762 csse
1201 2701 1303 2763 diceret
1320 2717 1383 2763 ante
1401 2704 1532 2785 generalis
1551 2704 1667 2765 Consilii
1688 2704 1785 2767 defini·

239 2798 330 2880 priore
351 2796 467 2875 exsilio,
485 2797 559 2877 quod
580 2819 651 2857 anno
668 2799 730 2858 tos
749 2797 863 2878 contigit
880 2812 928 2857 :at
950 2798 986 2858 li·
1039 2793 1158 2872 tionem,
1179 2795 1290 2855 Joanois
1313 2795 1514 2858 inimicialiud
1533 2797 1693 2878 Epiphanio
1714 2820 1785 2880 sug-

239 2889 348 2950 bentius
362 2889 497 2950 crederem
511 2890 557 2949 hie
567 2889 643 2970 loqui
656 2891 880 2971 chrysostomum
892 2890 928 2950 de
943 2912 986 2951 re·
1039 2901 1187 2967 gesserunt.
1206 2890 1275 2948 Cum
1297 2889 1456 2949 celebranda
1473 2889 1585 2969 synaxis
1602 2903 1672 2951 esset
1691 2891 1721 2951 in
1735 2912 1784 2952 ec·

238 2982 291 3044 bus
302 2982 439 3063 Eutropii,
448 2982 565 3062 itemque
575 2983 713 3042 Aureliani
724 2997 750 3042 et
762 2984 902 3043 Saturnini
915 2985 986 3066 opti-
1041 2978 1121 3038 etesia
1140 2980 1354 3060 Apostolorum,
1379 2981 1535 3063 Epiphanio
1555 2997 1587 3043 ιιι
1608 2982 1637 3042 in
1660 2982 1785 3044 medinm

238 3089 353 3152 matum,
364 3077 413 3156 qui
424 3075 521 3136 Gaiuae
532 3097 613 3157 opera
625 3089 651 3135 et
662 3075 781 3135 tumultu
794 3076 867 3157 pulsi
880 3078 984 3137 suntin
1040 3071 1161 3153 prodiret
1184 3087 1342 3150 suaserunt,
1365 3087 1391 3134 et
1417 3095 1508 3135 coram
1531 3074 1659 3137 universo
1682 3078 1784 3158 populo

238 3168 385 3245 exsilium,
404 3167 493 3247 deque
515 3168 610 3228 Gainae
629 3166 796 3244 delectione5
817 3169 910 3247 sicque
929 3191 982 3230 an·
1040 3164 1166 3245 Origenis
1194 3166 1280 3226 libros
1306 3165 1510 3242 condemnaret,
1536 3168 1701 3228 Dioscorum
1722 3191 1784 3229 cum

239 3279 273 3320 no
288 3261 363 3333 dOl,
380 3261 424 3321 vel
437 3261 517 3333 ἀοι,
534 3260 626 3320 habita
641 3261 722 3320 luerit
735 3262 794 3320 haec
807 3263 917 3334 concio,
932 3265 983 3324 etsi
1037 3260 1094 3321 suis
1114 3263 1383 3337 excommunicaret,
1402 3276 1429 3322 et
1451 3265 1581 3325 Joanncm
1612 3277 1707 3345 utpote
1727 3263 1784 3324 illis

86 3370 226 3432 ’Μιιιιι
238 3353 269 3414 id
285 3373 339 3413 non
353 3354 462 3413 omnino
476 3367 579 3413 certum
595 3366 646 3417 est,
664 3352 717 3413 Hie
729 3375 770 3412 res
782 3374 873 3413 onmes
887 3355 984 3414 huma·
1037 3353 1170 3413 faventem
1181 3355 1382 3436 perstringeret.
1393 3354 1456 3415 llaec
1468 3354 1567 3416 Jeanni
1578 3356 1703 3416 nuntiata
1712 3370 1785 3431 sunt,

238 3468 288 3507 nas
305 3445 429 3505 umbram
445 3466 502 3506 esse
517 3444 595 3505 dicit.
612 3446 723 3504 Luxum
745 3466 808 3506 vero
827 3447 983 3506 Constanti·
1037 3445 1085 3524 qui
1103 3447 1235 3527 postridie
1253 3447 1410 3529 Epiphanio
1430 3448 1571 3508 ecclesiam
1586 3449 1645 3528 jam
1661 3449 1783 3529 ingresso

237 3539 457 3621 nopulitanorum
471 3558 603 3617 nusquam
616 3539 652 3598 ita
668 3537 807 3618 speciatim
819 3537 981 3620 descripsit,
1037 3557 1086 3619 per
1098 3539 1270 3620 Serapionem
1285 3540 1343 3598 bac
1354 3540 1503 3619 significari
1513 3540 1595 3622 jussit
1608 3541 1701 3620 :quod
1711 3563 1785 3602 nem·

238 3645 265 3692 et
282 3644 425 3711 postquam
442 3630 592 3690 ostenderat
611 3651 694 3709 quam
711 3630 835 3711 fugitivae
849 3631 905 3691 sint
919 3653 983 3713 opes
1038 3629 1133 3712 pe'ille
1146 3633 1230 3691 multa
1242 3646 1334 3692 contra
1346 3633 1452 3713 regulas
1466 3630 1568 3715 ageret,
1583 3634 1630 3713 qui
1645 3634 1677 3694 in
1689 3635 1784 3696 Eccle-

238 3737 265 3785 et
278 3721 392 3795 divitiae,
414 3725 568 3784 concionem
581 3722 695 3783 claudit.
1038 3723 1085 3783 siis
1101 3724 1170 3801 suis,
1187 3745 1215 3784 se
1228 3725 1328 3800 inscio,
1343 3725 1542 3786 ordinationem
1555 3726 1662 3787 secent·
1654 3728 1784 3806 qu,iin·

278 3815 328 3876 llis
338 3817 382 3876 vel
389 3815 524 3875 similibus
532 3815 706 3875 concionibus
713 3835 836 3895 egregius
846 3815 894 3875 ille
904 3816 985 3876 Joan·
1035 3817 1113 3898 jussu
1128 3839 1177 3878 suo
1197 3819 1225 3878 in
1243 3818 1341 3879 iisdem
1355 3818 1475 3879 ecclesiis
1491 3820 1637 3880 missarum
1654 3820 1785 3881 solemnia

88 3937 154 3987 qm„
172 3931 230 4009 403
240 3927 287 3967 nes
300 3907 376 3988 gregi
395 3929 444 3968 suo
465 3907 597 3990 pascendo
616 3906 794 3988 advigilabat.
812 3898 983 3990 Theophilus
1038 3909 1194 3969 oelehrarit·
1187 3910 1262 3988 ,qui
1279 3911 1371 3970 olim
1363 3911 1494 3971 invitatus
1512 3911 1561 3970 illo
1578 3911 1673 3972 venire
1690 3913 1785 3972 nolue-

240 4020 305 4061 vero
316 3998 534 4059 Alexandrinus
526 4014 626 4059 interea
640 4019 746 4059 omnem
760 3999 876 4081 lapidem
891 4022 983 4062 move·
1037 4000 1085 4073 rit,
1103 4021 1176 4061 nunc
1192 4023 1257 4062 vero
1272 4000 1302 4061 id
1315 4002 1387 4061 sibi
1380 4023 1438 4082 ipse
1451 4003 1613 4083 permiserit.
1622 4005 1786 4065 Cavereau·

240 4093 306 4170 bat,
327 4106 356 4151 ut
375 4092 453 4152 illurn
468 4112 482 4152 e
496 4091 558 4152 sede
570 4113 618 4152 sua
633 4091 775 4153 detrudere
789 4107 888 4175 posset.
910 4094 983 4175 Epi·
1038 4106 1093 4152 tem
1106 4092 1218 4171 rogabat
1233 4114 1266 4152 ne
1279 4094 1412 4152 tumultus
1426 4093 1568 4153 excitaret.

166 4224 171 4233 -
240 4184 344 4269 phanio
353 4198 446 4244 auctor
457 4184 519 4260 ιιιιι,
532 4200 563 4245 ιιι
573 4205 635 4244 cum
645 4185 706 4244 alus
717 4185 984 4266 episcoprsConstau·
1080 4185 1130 4244 llis
1147 4183 1249 4244 auditis
1273 4186 1384 4245 territus
1406 4186 1591 4268 Epiphanius,
1614 4187 1652 4247 ab
1671 4187 1786 4248 ecclesia

241 4278 375 4361 tinopclin
384 4299 412 4339 se
424 4279 555 4339 conferret
560 4279 637 4357 d,um
650 4277 707 4359 ipse
718 4276 754 4337 ad
765 4276 838 4337 idem
856 4279 907 4338 iter
924 4299 986 4337 sus·
1040 4275 1173 4348 discessit,
1193 4290 1219 4335 et
1234 4276 1269 4336 de
1284 4280 1388 4339 Joanne
1406 4279 1525 4358 graviter
1539 4294 1714 4358 conquestus,
1732 4283 1786 4362 cy-

194 4376 198 4383 '
242 4369 630 4452 cipiendumsecomparabat.
642 4368 723 4428 Haud
734 4369 821 4429 multo
838 4385 898 4450 post
918 4371 987 4450 Epi·
1041 4389 1122 4450 prum
1142 4369 1328 4450 adnavigavit.
1350 4371 1435 4431 Erant
1455 4372 1504 4451 qui
1526 4371 1647 4433 dicerent
1665 4374 1787 4455 Epipha-

89 4481 232 4544 ιιιιιιιιιιι
208 4462 511 4545 phanrusexrnsula
525 4463 619 4546 Cypro
635 4462 885 4543 Constantinopolin
896 4476 986 4541 venat
1041 4463 1132 4537 nium,
1147 4481 1208 4520 cum
1229 4463 1322 4524 navim
1336 4484 1527 4524 conscensurus
1539 4479 1621 4540 esset
1636 4464 1694 4525 brec
1708 4468 1788 4529 lean-

90 4546 229 4666 2ᾞὲοᾓ
243 4555 399 4636 exemplum
415 4557 529 4616 afferens
545 4556 691 4638 Synodalis
705 4556 842 4616 sententiae
851 4577 931 4635 ,qua
950 4555 988 4614 li·
1042 4555 1072 4615 ni
1092 4554 1295 4614 denuntiasse·
1288 4557 1400 4636 ·Spero
1420 4570 1447 4617 te
1462 4578 1515 4617 non
1538 4557 1706 4618 moriturum
1730 4580 1788 4619 esse

90 4673 156 4718 ιιιι
158 4671 214 4716 ιιῑι.
189 4621 307 4713 ιχἰιιοι
322 4649 447 4729 Origenrs
457 4648 650 4724 damnaverat
666 4662 692 4707 et
704 4669 766 4706 cnm
779 4647 814 4706 ad
828 4647 989 4730 martyrium
1042 4649 1218 4730 episcopum3
1247 4650 1431 4729 Joannemque
1456 4650 1577 4710 vicissim
1605 4651 1647 4710 illi
1678 4672 1790 4734 respon-

106 4736 169 4783 ⁵⁰²³·
179 4733 197 4780 ¹
208 4729 233 4779 ⁶·
245 4742 443 4806 seuecclesiam
462 4743 490 4800 S.
503 4741 615 4802 loannis
632 4694 795 4820 appulisset,
812 4762 872 4819 quas
889 4754 989 4821 septem
1043 4740 1134 4802 disse.
1127 4743 1230 4823 Spero
1243 4754 1267 4800 te
1280 4762 1334 4801 non
1348 4756 1543 4823 perventurum
1556 4747 1790 4824 essernpatrram

91 4817 114 4849 ‘⁸
127 4813 162 4847 ¹²⁸
243 4853 374 4918 passuum
390 4831 509 4890 millibus
525 4832 560 4890 ab
574 4832 641 4890 urbe
653 4831 781 4906 distabat,
797 4832 886 4892 enavi
901 4853 989 4912 egres-
1043 4834 1086 4892 An
1103 4854 1167 4892 vera
1187 4833 1305 4892 narratio
1319 4833 1355 4892 sit
1369 4833 1497 4894 dubitant
1510 4837 1633 4896 Socrates
1652 4850 1682 4896 et
1701 4836 1790 4897 Soro-

244 4947 302 5000 sus,
327 4923 367 4983 ihi
387 4922 502 5004 synaxin
523 4923 687 4994 celebravit,
707 4924 869 4985 etordinato
885 4925 989 4985 ibidem
1044 4946 1147 4985 menus.
1161 4925 1276 5004 Utrique
1291 4941 1360 4985 certe
1372 4925 1531 5007 hujusmodi
1544 4941 1635 4986 exutus
1648 4928 1789 5011 oonugrt

244 5017 392 5093 diacono,'
384 5036 412 5075 m
424 5016 539 5075 urbem
532 5035 666 5094 ingressus
676 5031 726 5079 est.
741 5020 856 5078 loannes
867 5019 915 5077 etsi
928 5038 991 5078 con
1044 5037 1105 5076 nam
1119 5038 1206 5097 neque
1219 5017 1411 5122 Epiphanius
1403 5039 1432 5078 ιο
1446 5021 1570 5100 Cyprum
1582 5021 1713 5124 appulit3
1730 5038 1850 5121 post⁸¹

245 5125 286 5174 tra
300 5111 372 5191 leges
383 5107 627 5168 ecclesiasticarum
639 5110 808 5169 factumesse
818 5110 944 5187 videbat
960 5109 989 5170 id
1042 5111 1191 5171 discessum
1214 5112 1286 5170 enim
1309 5125 1432 5171 mortuus
1454 5125 1496 5172 est
1517 5111 1546 5172 in
1565 5113 1653 5174 navi:
1670 5074 1850 5184 tunnam.

108 5242 116 5255 .
246 5218 334 5268 umen
344 5215 454 5283 propter
463 5222 517 5263 vrri
532 5202 708 5262 reverentiam
721 5201 906 5282 dissimulans,
921 5205 988 5286 Epi·
1042 5224 1108 5264 vero
1122 5216 1212 5283 postea
1225 5203 1418 5285 exepiscopali
1436 5204 1499 5264 sede
1514 5205 1613 5286 pulsus
1628 5220 1670 5269 est
1678 5209 1849 5312 ,atquem-

249 5294 382 5383 phanium
403 5307 434 5353 nt
450 5293 479 5352 in
494 5290 598 5353 aedibus
611 5293 668 5354 suis
686 5293 891 5358 diversaretur
883 5297 988 5359 unvita·
1043 5296 1073 5357 in
1089 5295 1179 5357 exsilii
1191 5295 1251 5358 loco
1263 5293 1337 5357 diem
1349 5294 1450 5359 clausit
1462 5310 1625 5358 extremum.
