3714 5970
912 518 934 563 V

142 634 275 715 qualern
288 634 449 699 Voorstius
465 636 600 700 ediderat
611 660 649 701 ex
662 638 762 702 codice
775 636 924 715 leidensi,
946 642 1182 706 emendatiorem
1201 666 1236 705 ea
1250 665 1345 725 quam
1369 661 1576 725 expresserant
1590 647 1688 709 Bene-

143 728 271 791 diutini.
290 730 330 791 ln
342 732 458 811 priores
477 732 554 795 duas
569 736 798 798 annotationem
815 735 965 815 egregium
979 739 1136 819 scripserat
1151 739 1382 817 Valckenarius,
1401 759 1496 821 quam
1520 745 1688 824 recepimus

146 824 587 907 iutegnmp.5ot-581nova
595 828 744 895 editionis.
759 830 863 895 Oratio
872 834 975 913 spuria
988 835 1028 897 dc
1041 838 1124 895 beato
1135 834 1304 911 Abrabam,
1315 857 1346 916 p.
1361 842 1421 901 885
1430 858 1497 919 sqq.
1508 883 1517 914 ,
1532 858 1570 900 ex
1587 837 1690 899 codice

148 920 338 983 Gmsbuiano
347 921 489 1003 plurimis
498 923 569 987 locis
578 926 748 999 emendata,
761 929 900 1010 suppleta
912 942 942 990 et
955 930 1074 992 duabus
1081 932 1200 1012 paginis
1210 932 1332 994 ineditis
1341 935 1447 1007 (Solet
1456 933 1623 1013 895Jaucta
1631 946 1685 995 est.

148 1014 295 1077 Romilia
306 1017 496 1097 itemspuria·
504 1022 538 1077 in
550 1024 671 1081 Petrum
681 1037 710 1082 et
722 1025 854 1100 Heliam,
865 1047 898 1106 p.
911 1030 966 1092 871
980 1048 1062 1109 sqq„
1072 1029 1105 1088 in
1118 1047 1179 1108 qua
1189 1040 1307 1089 textum
1320 1026 1537 1091 Mosellianum
1558 1051 1576 1092 e
1589 1028 1691 1091 codice

147 1108 294 1191 plurimis
306 1112 339 1171 in
350 1109 423 1173 locis
434 1133 542 1174 manno
556 1114 684 1178 ductum
702 1121 867 1181 retinuerat
889 1123 1131 1198 ilontlauconus,
1153 1124 1357 1184 recensionem
1372 1122 1557 1187 Savilinnam
1569 1144 1689 1204 expres·

147 1208 260 1285 aimus,
272 1207 414 1269 similiter
425 1222 546 1290 agentes
558 1212 591 1272 in
599 1212 730 1275 llomilia
739 1220 882 1297 genuina,
896 1219 950 1277 Ar
956 1219 1169 1280 illuminandos
1184 1220 1350 1281 catechesis
1360 1224 1466 1295 prima,
1484 1242 1514 1301 p.
1531 1222 1592 1284 165
1605 1241 1687 1301 sqq.,

148 1310 183 1361 ct
193 1298 308 1379 spuriis
319 1298 359 1359 da
372 1301 503 1359 Onerum
514 1301 651 1381 Domini,
671 1327 703 1386 p.
713 1306 772 1371 975
789 1330 870 1391 sqq„
885 1313 922 1370 dc
944 1314 1101 1393 Fugienda
1121 1314 1264 1375 simulata
1284 1320 1393 1394 specie,
1412 1314 1579 1378 voluminis
1596 1314 1690 1396 primi

147 1412 183 1473 p.
197 1396 276 1455 1⁰01
288 1412 372 1473 sqq„
385 1392 441 1454 ubi
452 1394 544 1455 etiam
559 1396 765 1480 interpretatio
776 1402 871 1467 latina
889 1404 1079 1472 Savilianum
1102 1410 1206 1491 potius
1223 1432 1317 1492 qttom
1337 1410 1556 1474 Motellianum
1573 1424 1691 1473 textum

149 1506 169 1547 a
179 1486 386 1552 Bmedictinis
393 1500 547 1552 servatum
559 1492 714 1557 rciucbnt.

190 1632 371 1699 Volumiuis
392 1639 474 1699 tertii
486 1639 626 1703 Homiliis
650 1643 701 1719 18,
722 1648 772 1720 19,
784 1649 839 1722 2⁰,
860 1651 911 1724 tt,
923 1647 962 1712 24
986 1662 1018 1711 et
1036 1653 1076 1712 ‘29
1094 1648 1228 1711 multum
1241 1648 1358 1730 profuit
1378 1648 1472 1710 codex
1488 1648 1603 1729 Regius
1615 1650 1690 1719 74&

149 1750 243 1813 porro
254 1728 392 1795 llomilia
404 1734 583 1815 interpolata
597 1740 630 1796 in
640 1738 854 1801 Ascansionem
869 1742 1001 1821 Domini,
1017 1765 1048 1825 p.
1066 1745 1214 1819 llil-935,
1228 1742 1398 1825 plurimum
1407 1743 1495 1805 debet
1508 1742 1629 1805 duobus
1641 1763 1692 1804 co·

151 1822 272 1889 ditibus
282 1824 418 1909 ejsudem
432 1826 634 1910 bibliothece,
647 1832 766 1897 1186et
780 1834 867 1899 1111.

191 1948 342 2012 llomilias
351 1952 385 2010 in
398 1948 544 2029 Genesin,
554 1975 631 2034 quas
643 1956 853 2036 complectitur
866 1955 1011 2019 volumen
1025 1970 1183 2037 quartum,
1202 1954 1251 2017 hic
1269 1954 1332 2017 illic
1352 1956 1499 2037 corrigere
1517 1970 1693 2037 poteramus

156 2064 192 2107 ex
208 2044 312 2107 codice
332 2042 537 2121 Coisliniano,
566 2070 661 2129 quem
682 2051 920 2113 Montsauconus
942 2073 1005 2115 non
1022 2051 1144 2116 videtur
1162 2054 1333 2133 inspexisse.
1356 2050 1457 2113 Sinin
1482 2052 1692 2114 voluminibus

158 2140 275 2219 quinto,
285 2154 381 2216 sexto,
393 2143 521 2224 aepdmo
533 2144 584 2205 hic
599 2145 661 2207 illic
670 2147 765 2208 codex
777 2150 927 2228 inspectus
941 2160 996 2209 est.
1016 2148 1055 2209 ln
1077 2162 1162 2210 sexto
1180 2149 1300 2209 accessit
1311 2149 1542 2210 commentarius
1555 2148 1692 2210 Matthaei
1720 2139 1726 2151 ’

160 2234 191 2297 'tu
200 2234 365 2299 llomiliam
376 2236 416 2301 de
428 2237 564 2314 mann,
583 2252 613 2303 et
620 2242 725 2322 spania
735 2241 874 2322 quedam
885 2242 982 2303 oratio
989 2241 1159 2304 vindicatur
1175 2240 1337 2306 Severiano
1352 2241 1549 2305 Gabalorum.

109 2698 136 2745 ’-
207 2696 359 2763 tuumne
369 2713 488 2778 octavo,
501 2703 535 2762 in
548 2722 611 2782 quo
631 2701 862 2783 Cbrvsostomus
883 2700 924 2763 ad
945 2700 978 2765 S.
1003 2700 1129 2765 loannis
1148 2700 1350 2784 Evangelium
1370 2722 1451 2766 novo
1466 2704 1693 2767 commentandi

181 2811 265 2873 pare
276 2796 492 2879 exponendum
510 2795 694 2878 aggreditur,
710 2808 747 2858 ut
769 2817 833 2858 non
854 2809 918 2859 tam
938 2797 1101 2860 sententias
1125 2817 1231 2860 omnes
1252 2795 1439 2878 evangelista
1461 2818 1628 2882 earumque
1647 2813 1693 2863 tc·

184 2906 265 2953 ttrmr
274 2890 416 2973 uquabili
433 2891 527 2955 modo
539 2904 713 2974 persecutus
728 2890 857 2954 declaret
879 2904 911 2954 et
921 2892 1054 2967 evolvat,
1073 2891 1126 2956 sed
1138 2888 1301 2968 baereticos,
1322 2893 1377 2972 qui
1389 2892 1495 2954 multis
1513 2892 1585 2955 locis
1600 2894 1693 2975 hujus
1818 2940 1824 2955 .

185 2978 311 3065 burgelii
335 2986 424 3049 ebusi
444 2986 576 3063 iuuant,
598 2985 647 3050 rel
669 2987 788 3049 saniore
800 2984 962 3065 Scripturas
980 2988 1227 3068 interpretatione
1239 2988 1364 3058 refutet,
1389 2986 1437 3050 rel
1459 2986 1620 3049 dialecticis
1644 3010 1695 3049 ra·

187 3074 290 3143 iuba·
307 3080 486 3163 redargtratr
504 3080 593 3143 iubis
605 3082 698 3163 igitur
714 3082 855 3145 llomiliis
873 3080 1083 3143 difficultatem
1104 3081 1260 3161 quandam
1278 3083 1377 3161 veriti,
1391 3103 1579 3162 quamquam
1593 3081 1690 3144 Bene

188 3166 264 3235 irin
276 3195 307 3237 te
324 3174 671 3258 codicmpuutuordecim
685 3175 845 3239 contulisse
866 3175 1070 3251 affirmabant,
1084 3174 1241 3237 Savilianae
1266 3175 1394 3237 editioni
1416 3175 1549 3237 codicem
1563 3175 1695 3256 Regium

188 3262 230 3329 tu
244 3268 434 3349 addidimus,
460 3292 554 3352 quem
583 3271 809 3335 consuleremus
832 3271 1019 3352 ubicumque
1042 3270 1257 3351 descriptura
1279 3271 1448 3350 integritate
1468 3269 1598 3331 dubium
1618 3271 1693 3330 inci-

189 3352 256 3425 lttt·
274 3362 383 3427 Paullo
394 3378 463 3447 post
476 3367 569 3429 etiam
588 3366 721 3429 codicem
734 3369 794 3430 705
808 3367 1014 3428 assumsimus.
1026 3364 1063 3424 In
1079 3365 1277 3445 quibuscum
1292 3362 1390 3425 multa
1400 3384 1476 3445 saepe
1489 3365 1694 3426 inveniremur

189 3470 234 3531 Ρ
245 3478 301 3539 μ
319 3466 440 3542 mepta
460 3460 589 3524 lectione
615 3461 704 3523 uobis
718 3460 934 3542 probarentur,
956 3472 1058 3521 tamen
1079 3480 1118 3522 ne
1136 3461 1219 3540 justo
1239 3457 1413 3521 audaciores
1429 3480 1491 3521 esse
1506 3457 1692 3535 videremur,

150 3620 153 3625 .
189 3546 334 3619 flitmum
355 3555 495 3619 codicum
508 3568 539 3618 et
552 3554 710 3618 Savilianoe
723 3555 864 3618 editionis
875 3575 1054 3618 consensum
1073 3555 1200 3617 testibus
1226 3556 1446 3634 quatuordecim
1467 3552 1614 3616 vellemus
1639 3575 1694 3615 an-

146 3666 150 3676 ·
189 3653 313 3731 ψιπος
332 3650 491 3732 vulgatam
508 3651 689 3730 scripturam
700 3664 769 3713 tmn
787 3650 914 3712 demum
931 3663 1050 3712 mutare
1069 3651 1281 3723 sustinuimus,
1293 3651 1418 3730 quando
1431 3649 1481 3713 vel
1500 3648 1613 3730 linguae
1629 3648 1690 3725 lex,

143 3778 148 3785 ·
189 3738 221 3801 'tl
234 3744 290 3825 ipra
308 3746 460 3809 enimus
479 3747 683 3809 uanitatem
703 3745 889 3827 imponebat.
916 3744 952 3806 In
973 3747 1084 3808 steteris
1103 3745 1175 3807 locis
1197 3744 1251 3807 ubi
1265 3745 1385 3808 delendi
1404 3758 1520 3826 poterat
1544 3745 1693 3825 scriptura

187 3826 431 3917 humanm
443 3852 500 3903 aut
513 3839 647 3916 tolerari,
660 3838 846 3904 Savilianam
858 3854 889 3901 et
898 3859 966 3920 quar
984 3851 1159 3902 nostrorum
1179 3840 1319 3903 codicum
1334 3853 1400 3917 est,
1424 3842 1457 3900 in
1469 3841 1531 3900 imo
1552 3840 1689 3919 margine

185 3934 368 4017 quimus,
391 3934 551 4017 chtroties
563 3956 598 3997 ea
611 3947 733 3998 tantum
752 3955 841 3995 causa
853 3935 996 4015 permoti,
1018 3946 1053 3995 ut
1062 3946 1236 3996 nostrorum
1248 3935 1381 3996 fontium
1391 3933 1543 3997 dissensus
1555 3935 1693 3996 testimo·

185 4024 247 4088 rirn
257 4028 503 4111 relinquerernus.
518 4028 579 4093 Sed
590 4030 719 4093 ulterim
726 4031 885 4110 progressis
894 4049 966 4090 cum
978 4029 1160 4108 suspiciones
1173 4028 1213 4091 de
1223 4027 1412 4109 indiligentia
1423 4027 1555 4109 quadam
1567 4027 1695 4091 Benedi-

182 4118 304 4185 tlbomm
313 4123 557 4201 cumularentur,
569 4126 679 4187 nostris
691 4124 845 4188 codicibus
864 4143 940 4204 quos
956 4123 1136 4204 procedente
1153 4144 1241 4206 opere
1256 4126 1389 4187 curatius
1409 4122 1692 4205 usqueconsuleba·

181 4228 241 4295 111,
248 4216 404 4299 etSavilio,
420 4240 455 4281 re
462 4221 529 4301 ipsa
535 4221 715 4300 imperante,
724 4219 819 4300 magis
830 4216 1025 4294 confidenter,
1036 4238 1086 4279 eas
1097 4216 1238 4281 lectiones
1247 4239 1315 4300 que
1326 4240 1383 4281 sua
1390 4240 1421 4280 se
1431 4221 1543 4280 virtute
1555 4218 1595 4279 ab
1607 4219 1693 4281 oanni

179 4322 244 4387 11111
259 4314 527 4393 commendarent,
551 4317 585 4376 iu
603 4317 736 4377 oratione
755 4315 821 4396 ipsa
843 4311 1050 4394 Chrysoatomi
1068 4333 1182 4394 ponere
1202 4334 1265 4375 non
1286 4313 1508 4374 dubitavimus.
1522 4310 1569 4373 Itu
1581 4310 1694 4372 barum

178 4396 355 4475 murum
372 4431 443 4492 pars
458 4408 552 4473 altus
564 4410 756 4492 aliquatenus
766 4408 918 4472 dissimilis
937 4410 1031 4470 evasit
1042 4409 1148 4488 priori,
1163 4409 1313 4470 nimirum
1324 4405 1514 4468 emendatior
1525 4418 1555 4467 et
1568 4402 1691 4466 erudito

179 4490 260 4565 ham
272 4505 415 4586 pauciora
427 4502 574 4585 objiciens
585 4505 619 4566 iu
630 4504 744 4587 quibua
756 4502 907 4566 offendere
918 4504 1028 4583 possit3
1044 4524 1099 4564 nec
1109 4504 1135 4564 si
1144 4504 1322 4582 profitemur
1332 4500 1388 4581 ipsi
1403 4520 1457 4561 nos
1466 4499 1607 4581 plurimis
1620 4499 1694 4562 locis

179 4608 261 4661 'erm
275 4614 305 4663 et
316 4598 522 4663 indubitatam
540 4600 721 4680 scripturam
739 4598 942 4681 Chrysostomi
959 4618 995 4658 ex
1009 4596 1070 4675 illis
1081 4596 1235 4659 codicibus
1251 4595 1352 4675 Regiis
1361 4595 1533 4669 restituisse,
1549 4615 1692 4658 veremur

180 4690 307 4757 anania
320 4698 445 4777 jactasse
453 4692 620 4775 aliquando
633 4695 860 4757 convincamur.
876 4693 1016 4754 Ceterum
1025 4691 1197 4771 frequenter
1209 4689 1420 4765 emendanda,
1437 4711 1506 4752 raro
1515 4689 1692 4772 explicanda

183 4798 232 4847 “tt
245 4790 332 4853 ustio
343 4788 376 4851 S.
400 4788 549 4864 doctoris3
573 4786 659 4869 quod
670 4788 759 4851 tacite
767 4786 952 4869 plerumque
975 4787 1100 4849 lecimus
1113 4787 1249 4849 versione
1267 4784 1363 4847 latina
1383 4786 1494 4848 rectius
1516 4786 1691 4862 constituta,

185 4876 313 4962 ¹⁵quoties
331 4888 489 4951 disertione
509 4885 708 4968 expositione,
735 4897 770 4947 ut
787 4886 819 4947 in
835 4898 907 4947 nota
926 4904 943 4945 c
964 4883 1003 4946 ad
1015 4905 1047 4964 p.
1063 4880 1227 4959 tracen
1240 4880 1353 4944 Menti.

194 5176 252 5223 Μ
270 5182 378 5246 partem
392 5168 432 5230 ab
452 5165 565 5239 Savilio
585 5166 663 5228 male
680 5166 785 5229 feriato
798 5167 829 5226 in
859 5163 956 5227 lucem
970 5176 1140 5245 protrusus.
1156 5164 1218 5251 Has
1230 5184 1417 5246 quamquam
1438 5184 1475 5224 ex
1488 5165 1554 5243 ipso
1576 5161 1690 5226 Savilio

219 5062 341 5136 Romilius
353 5074 387 5134 in
394 5070 594 5153 Evangelium
602 5072 634 5135 S.
646 5070 768 5133 Ioannis
781 5071 890 5150 excipit
897 5069 1070 5150 spuriarum
1082 5069 1180 5129 omnis
1197 5068 1313 5148 generis
1323 5087 1447 5129 acervus
1457 5067 1573 5146 ingens,
1587 5069 1685 5129 maxi·

109 5040 156 5396 1
198 5262 550 5347 ammirantium,
569 5262 666 5327 multa
679 5275 920 5344 praeposteretur
943 5260 1128 5343 negligenter
1143 5263 1240 5342 posita
1260 5282 1295 5324 ox
1317 5259 1478 5342 naherypo
1500 5259 1689 5341 corrigenda,
