3714 5970
161 472 228 579 rats

161 654 242 717 finem
255 653 344 715 secuti
359 650 447 729 quarti
460 674 468 708 ε
480 648 535 710 imo
545 646 769 709 certum‘uidetur
781 645 808 703 in
822 643 890 703 mul·

159 749 195 808 tis
211 749 304 807 saltem
326 758 458 805 mutatum
472 740 555 802 titisse
565 765 572 801 a
583 762 646 801 nam
665 738 810 799 secundum
827 758 890 818 pro·

159 842 226 902 lanae
240 840 358 922 plurium
372 837 483 897 deorum
496 834 633 914 religionis
650 832 733 893 ritum
746 831 889 890 concinna·

157 948 214 994 tum
226 947 265 993 est
277 946 379 992 toturn:
392 930 439 1010 qui
451 929 529 1011 impii
540 928 607 987 ritus
619 926 726 985 demum
740 924 792 984 sub
801 923 890 983 Tbco·

153 1025 229 1086 dosio
239 1028 340 1105 Magno
348 1023 449 1085 sublati
460 1036 531 1085 sunt.
546 1021 589 1081 Ad
599 1020 657 1079 hnc
670 1032 772 1077 certum
782 1015 891 1076 ridetur

156 1117 236 1176 urbes
246 1116 308 1176 illas
318 1115 392 1176 orbis
402 1114 560 1197 praecipuas,
574 1110 662 1191 qualis
672 1122 731 1169 erat
740 1105 891 1182 Antiochia,

155 1230 217 1269 suos
231 1223 279 1269 aut
291 1209 395 1288 aliquos
409 1206 502 1267 saltem
516 1206 568 1266 sibi
580 1203 704 1285 proprios
717 1201 842 1259 habuisse
854 1199 893 1258 ri·

155 1314 212 1376 tus,
226 1315 357 1382 quantum
368 1300 403 1359 ad
418 1298 497 1358 ludos
507 1313 534 1358 et
546 1298 599 1357 alia
613 1297 640 1355 in
654 1294 825 1355 Kalendariis
837 1292 891 1352 ad-

154 1395 237 1454 scribi
258 1394 337 1453 solita
350 1413 422 1471 :quo
441 1392 530 1473 posito
543 1388 610 1468 quid
623 1409 766 1470 possumus
779 1408 814 1446 ex
831 1387 892 1447 Ka—

154 1485 401 1546 lendariollomano
411 1482 668 1565 circahntiochenos
676 1481 745 1540 ritus
754 1481 891 1539 statuere?

153 1579 234 1652 Quod
245 1600 311 1640 uero
322 1580 423 1639 dicitur
432 1576 627 1657 querimoniam
639 1572 825 1655 chrysostomi
839 1571 892 1631 ini-

152 1674 191 1733 tio
203 1674 323 1733 homiliae
334 1688 416 1733 sextae
430 1693 482 1732 non
502 1684 621 1752 spectare
634 1667 713 1727 ludos
727 1665 890 1742 Gotthicos,

152 1765 183 1826 id
203 1778 273 1826 certe
285 1763 433 1825 divinando
454 1763 509 1825 dici
527 1762 646 1824 videtur.
670 1759 739 1831 Quis
757 1758 828 1818 enim
843 1759 893 1817 scit

152 1882 186 1920 an
198 1862 226 1920 in
236 1860 309 1920 ludis
318 1858 462 1931 Gotthicis,
471 1856 567 1917 saltem
578 1855 605 1913 in
617 1874 709 1912 eorum
719 1848 892 1930 quibusdam,

152 1976 247 2014 cursus
257 1974 386 2032 equorum
395 1948 591 2010 adhiberetur?
602 1960 628 2007 at
637 1960 728 2005 contra
736 1942 893 2025 hujusmodi

152 2066 246 2104 cursus
266 2059 338 2104 totus
356 2056 394 2102 est
408 2041 618 2122 chrysostomos
632 2038 660 2096 in
677 2036 788 2097 homilia
804 2049 890 2095 sexta.

151 2139 270 2198 Demum
283 2136 389 2195 tabulas
403 2134 559 2206 Paschales,
576 2133 652 2212 queis
665 2132 707 2190 he
725 2151 817 2190 omnes
830 2150 893 2189 con-

147 2233 259 2312 jecturae
279 2230 422 2303 nituntur,
447 2224 719 2304 aliquando'fallaccs
737 2244 793 2283 esse
809 2243 892 2304 supra

150 2322 338 2405 probavimus.
363 2322 418 2380 Nec
440 2332 496 2377 tam
515 2316 656 2399 perspicue
676 2315 777 2375 scimus
800 2328 893 2373 utrum

151 2415 222 2474 circa
233 2413 438 2475 celebrationem
448 2409 569 2482 Pascha,
583 2408 666 2467 ritum
677 2405 893 2467 Alexandrinum

151 2523 287 2569 servarent
302 2502 521 2568 Antiocheni.1is
533 2501 659 2562 omnihus
674 2500 765 2579 itaque
779 2520 892 2580 perpen-

149 2602 187 2660 sis
196 2644 214 2677 ,.
221 2601 351 2659 fateamur
363 2617 468 2657 necesse
480 2608 535 2667 est,
557 2594 687 2652 incertum
705 2612 816 2673 prorsus
836 2612 893 2651 esse

150 2712 203 2771 quo
224 2712 294 2751 anno
317 2690 365 2748 hos
388 2690 416 2747 in
439 2686 567 2748 Genesim
586 2705 720 2745 sermones
741 2682 890 2744 Antiochia

150 2784 276 2844 habuerit
289 2783 508 2861 chrysostomus.
524 2777 557 2837 ld
571 2798 656 2836 unum
670 2775 728 2835 sine
741 2775 825 2835 dubio
838 2776 889 2834 sci-

150 2898 230 2949 mus,
255 2894 381 2957 tnagnam
397 2892 490 2931 eorum
506 2883 609 2951 partem
627 2869 654 2927 in
677 2866 891 2948 Quadragasimn

148 2968 251 3028 dictam
260 2967 352 3039 fuisse,
369 2964 497 3042 illamque
509 2960 751 3041 Quadragesimam
769 2983 821 3020 non
834 2983 891 3023 esse

149 3061 213 3120 anni
225 3058 295 3132 386,
310 3058 337 3117 in
352 3079 405 3136 qua
420 3068 479 3115 octo
489 3055 525 3113 ab
538 3053 581 3112 his
593 3052 714 3112 diversos
727 3052 823 3112 babuit
836 3076 890 3113 ser·

149 3173 260 3230 mones;
276 3172 361 3230 neque
371 3150 435 3208 anni
448 3148 519 3219 58⁷,
535 3166 616 3224 quam
631 3166 697 3226 pene
710 3160 792 3205 totam
805 3145 891 3206 inde·

148 3244 280 3328 ploranda
294 3242 522 3305 Antiochenorum
535 3239 571 3299 ob
584 3259 689 3299 eversas
702 3252 802 3299 statuas
814 3239 890 3300 cala-

147 3339 241 3398 mitate
254 3336 395 3397 absumsit.

189 3435 270 3493 Certo
286 3444 389 3490 constat
401 3428 483 3488 etiam
495 3426 595 3486 multas
609 3425 675 3486 alias
688 3425 789 3487 diversi
809 3449 891 3509 argu·

148 3524 230 3584 menti
240 3520 729 3601 babuissehomiliasChrysostomum
739 3520 891 3581 intermisso

149 3618 306 3679 concionum
338 3616 365 3675 in
386 3613 513 3675 Genesim
531 3633 611 3672 cursu
626 3624 677 3686 ‚ut
696 3612 724 3670 in
745 3633 842 3692 magna
865 3626 892 3672 et

148 3724 238 3772 sancta
249 3707 419 3769 hebdomada
431 3706 466 3766 dc
476 3704 545 3767 luda
559 3703 706 3784 proditore,
723 3704 749 3763 in
762 3706 891 3767 Paschate

149 3801 388 3876 contraEbriosos,
397 3813 458 3882 post
471 3797 572 3857 Pascha
589 3797 715 3856 homilias
727 3797 848 3877 quinque
861 3800 889 3860 in

149 3896 317 3977 Principium
329 3898 470 3962 Actorum,
482 3904 507 3949 ct
518 3890 645 3949 homilias
656 3904 772 3970 quatuor
781 3889 818 3950 de
827 3896 890 3953 Mu·

147 3988 247 4048 tatione
257 3987 406 4047 nominum.
416 3987 476 4045 Una
486 4004 551 4043 vero
564 3983 632 4042 serie
641 3982 768 4043 homilias
778 3986 889 4065 triginta

147 4078 216 4138 duas
230 4079 257 4139 in
271 4076 486 4155 Quadragesima
499 4074 538 4133 :si
553 4075 663 4134 alterius
674 4079 825 4153 argumenti
840 4078 890 4138 bo·

148 4172 231 4232 miliae
242 4172 377 4252 quaepiant
391 4169 465 4228 hunc
478 4187 587 4226 cursum
600 4167 837 4247 interpellaverint,
851 4192 889 4230 ete

144 4269 202 4347 jam
217 4287 268 4325 non
287 4276 403 4323 exstant.
420 4262 516 4342 Operae
528 4259 646 4341 pretium
658 4272 748 4318 autem
762 4261 842 4320 suerit
856 4263 889 4321 il-

146 4360 236 4419 larum
250 4378 297 4438 per
312 4353 554 4434 Qttadragesimam
568 4350 741 4411 homiliarum
755 4352 888 4429 ordinem,

147 4466 174 4512 et
195 4464 295 4531 quanto
317 4450 407 4530 elapso
427 4445 555 4527 temporis
569 4445 656 4526 spatio
680 4444 735 4503 alia
752 4444 834 4506 aliam
848 4468 891 4508 se·

148 4556 232 4623 qunta
246 4542 292 4615 sit,
307 4540 352 4599 hic
365 4539 458 4621 paucis
471 4535 643 4618 perscribere.

188 4636 279 4694 Prima
301 4633 393 4693 concio
415 4631 487 4690 dicta
509 4630 560 4689 tuit
582 4627 724 4688 Dominica
738 4629 802 4708 die,
826 4652 887 4711 quae

148 4726 383 4807 Quinquagesimae
410 4744 491 4804 penes
516 4742 563 4781 nos
585 4734 719 4792 vocatur,
744 4737 886 4803 antequam

146 4818 376 4901 quadragesimale
391 4814 526 4896 jejunium
543 4812 671 4887 iniretur3
694 4813 821 4893 secunda,
841 4816 886 4878 die

146 4914 327 4993 sequentiqua
333 4908 465 4991 jejunium
474 4905 666 4985 incipiebatur3
676 4906 752 4964 tertia
759 4920 784 4965 et
792 4924 887 4986 quarta

146 5011 175 5068 in
189 5006 264 5067 feriis
280 5004 356 5063 tertia
369 5016 395 5061 ct
408 5014 502 5080 quarta
515 5022 522 5055 z
535 4998 576 5057 hae
595 4998 760 5057 continenter
774 4998 888 5079 singulis

147 5101 244 5160 dirhm
257 5098 336 5157 dictae
350 5108 422 5155 stant.
440 5094 576 5152 lacertum
589 5112 654 5150 vero
670 5103 726 5168 est,
741 5104 833 5150 utrum
848 5093 889 5153 in·

147 5206 187 5252 ter
198 5204 320 5272 quartam
337 5203 362 5249 et
375 5187 497 5267 quintatn
510 5184 650 5243 homiliam
664 5184 755 5262 aliqua
770 5185 828 5246 dies
843 5187 888 5247 in·

147 5284 305 5359 terccsserit‚
319 5296 367 5341 aut
380 5280 507 5341 concione
517 5298 615 5350 vacua,
629 5289 675 5335 aut
687 5276 724 5336 ad
736 5277 813 5339 aliud
827 5301 887 5341 con·

146 5376 273 5440 eionandi
285 5388 472 5455 argumentum
482 5371 618 5453 deputata.
630 5372 668 5432 Ut
680 5384 709 5431 ut
720 5384 768 5450 cst,
778 5373 884 5452 quinta,

640 522 670 569 S.
697 520 836 569 503&le
861 520 1097 571 cttttttsosrottt
1122 524 1220 591 vt‘rt,

944 658 1033 719 sexta,
1048 648 1172 729 septima,
1187 663 1283 710 octava
1294 662 1321 709 et
1332 645 1540 713 nonnhomiliae
1554 643 1683 706 continen-

946 751 987 796 ter
999 739 1113 820 singulis
1124 742 1178 801 sibi
1189 738 1505 824 suecedentihuffiebus
1523 736 1604 797 dicte
1616 750 1682 811 sunt,

946 831 1043 908 partim
1066 833 1095 894 in
1110 835 1216 917 prima,
1232 835 1331 917 partim
1344 835 1373 895 in
1392 831 1512 895 secunda
1532 829 1683 911 Quadrage

945 921 1021 982 simae
1035 925 1205 988 hebdomade
1217 952 1224 986 ε
1236 927 1340 989 decima
1353 928 1435 989 etiam
1455 926 1484 986 in
1503 923 1621 987 secunde
1638 923 1682 983 be·

947 1012 1080 1077 hdonrade
1090 1034 1137 1079 aut
1147 1022 1213 1081 feria
1227 1022 1331 1101 quinta,
1345 1034 1478 1082 autsexta
1489 1016 1681 1079 :undecimaie

948 1106 1059 1170 sabbato
1072 1113 1195 1175 secundae
1207 1115 1407 1177 hebdomadis:
1420 1114 1586 1175 duodecima
1598 1112 1680 1173 hahita

945 1212 985 1257 est
1003 1217 1063 1281 post
1075 1205 1155 1265 uliam
1169 1207 1214 1267 vel
1226 1208 1304 1281 alias,
1323 1230 1384 1288 quae
1399 1208 1437 1268 ad
1450 1206 1620 1269 diversum
1631 1208 1677 1268 Ge·

946 1293 1003 1351 nesi
1016 1312 1204 1375 argumentum
1221 1300 1387 1383 spectabant.
1408 1302 1485 1361 Inter
1501 1298 1677 1359 duodecimam

947 1403 1054 1464 quoque
1067 1403 1093 1449 et
1107 1391 1240 1452 decimam
1256 1394 1364 1454 tertiam
1381 1394 1427 1455 vel
1447 1414 1521 1455 unus
1538 1391 1583 1453 vel
1598 1392 1676 1473 plnres

946 1476 1004 1536 dies
1019 1479 1232 1547 intercesserunt.
1251 1485 1364 1546 Decima
1380 1498 1479 1565 qtrarta
1498 1482 1573 1545 dicta
1588 1496 1625 1543 est
1640 1482 1676 1545 die

946 1568 1202 1634 decimamtertiam
1219 1577 1394 1657 insequentes
1407 1575 1518 1637 decima
1537 1578 1628 1656 quinta
1644 1574 1675 1636 si·

946 1663 1047 1724 militer
1059 1682 1186 1746 sequente
1203 1668 1249 1729 die
1261 1694 1268 1728 ε
1280 1670 1383 1731 decima
1401 1684 1491 1745 sexta,
1509 1668 1557 1730 die
1568 1669 1628 1729 item
1643 1690 1674 1729 ee·

947 1772 1061 1835 quente:
1073 1761 1176 1822 decima
1188 1764 1300 1845 septima
1311 1785 1366 1824 uno
1375 1763 1420 1827 rel
1431 1762 1562 1845 pluribus
1570 1776 1629 1845 post
1637 1762 1675 1823 de·

946 1850 1045 1912 cimam
1055 1868 1159 1914 sentam
1170 1856 1268 1916 diebus
1275 1881 1282 1914 ι
1289 1855 1423 1917 decimam
1430 1856 1578 1938 ¹septimam
1586 1855 1673 1917 derint

946 1956 1051 2018 octava,
1067 1948 1141 2007 nulla
1151 1947 1197 2010 die
1209 1949 1377 2031 interposita,
1391 1962 1507 2029 sequuta
1518 1963 1574 2028 est3
1585 1947 1673 2011 decim

948 2056 1017 2097 nona
1030 2059 1065 2097 an
1078 2042 1243 2102 continenter
1257 2042 1349 2102 hahita
1368 2042 1404 2102 sit
1416 2042 1578 2123 ignoratnr3
1591 2040 1672 2103 simili·

947 2140 1044 2207 terque
1054 2130 1194 2211 vigesima,
1208 2154 1290 2212 quam
1301 2133 1400 2194 diebus
1412 2133 1600 2213 sequentibus,
1613 2134 1672 2193 nulla

947 2235 1061 2281 vacante
1069 2224 1125 2299 die,
1138 2238 1300 2305 exceperunt
1306 2224 1437 2306 vigesima
1448 2225 1550 2307 prima,
1562 2226 1672 2307 vigesima

948 2313 1080 2391 secunda,
1096 2316 1227 2397 vigesima
1248 2317 1337 2396 tertia,
1355 2317 1607 2398 vigesimaquarta.
1624 2318 1674 2379 llta·

947 2405 1030 2507 vique
1048 2408 1204 2490 interposito
1216 2410 1323 2491 spatio,
1347 2410 1487 2470 continuis
1501 2410 1596 2471 diebus
1609 2410 1673 2493 vigo·

947 2515 1014 2556 stma
1028 2500 1140 2579 quinta,
1156 2502 1288 2583 vigesima
1299 2516 1395 2580 sexta,
1414 2502 1548 2583 vigesima
1567 2504 1671 2583 septim,

948 2588 1078 2670 vigesima
1095 2608 1200 2655 octava.
1218 2596 1359 2676 vigesima
1373 2616 1446 2656 nona
1462 2617 1498 2656 an
1513 2595 1560 2656 die
1571 2595 1670 2678 postri-

947 2684 1076 2760 gesimam
1089 2700 1213 2749 octavam
1223 2701 1349 2767 sequente
1361 2688 1456 2749 habita
1472 2688 1525 2765 sit,
1539 2690 1668 2771 ignoratur.

947 2775 1100 2855 Trigesima
1114 2801 1175 2839 curn
1190 2802 1315 2861 magnam
1327 2779 1528 2842 hebdomadem
1539 2782 1668 2862 attig'md,

947 2883 978 2929 ut
991 2871 1048 2950 ipse
1058 2873 1270 2956 Chrysostornus
1279 2876 1317 2934 ait
1329 2898 1337 2932 a
1347 2874 1488 2954 trigesima
1502 2874 1620 2957 primast
1629 2876 1669 2935 tti-

947 2967 1047 3043 gesima
1069 2970 1183 3029 secunda
1206 2971 1233 3030 in
1251 2970 1429 3031 hebdomadis
1448 2984 1548 3031 sanctae
1570 2970 1666 3049 diebos,

946 3058 994 3137 qni
1010 3060 1104 3121 feriam
1123 3063 1245 3140 quintam
1260 3063 1288 3123 in
1302 3084 1377 3123 coena
1395 3062 1508 3123 Domini
1525 3062 1666 3145 precedunt.

988 3152 1041 3212 llic
1059 3153 1140 3234 longo
1156 3154 1282 3238 temporis
1299 3156 1387 3237 spatio
1406 3156 1543 3216 llomilias
1557 3156 1584 3215 in
1596 3158 1668 3217 Gene-

946 3239 998 3302 sim
1019 3243 1228 3326 Chryscstomus
1241 3247 1400 3329 intercepit,
1418 3268 1451 3307 ac
1469 3246 1536 3308 seria
1555 3247 1667 3327 quinta·

947 3356 1020 3396 crena
1037 3338 1149 3397 Domini
1161 3338 1196 3399 de
1209 3339 1280 3402 Juda
1295 3339 1434 3420 proditore
1449 3338 1579 3420 loquutus
1592 3354 1634 3419 eet,
1648 3354 1669 3401 et

946 3429 1013 3487 l'eria
1026 3443 1101 3489 sexta
1114 3430 1257 3490 homiliam
1270 3430 1305 3491 de
1318 3434 1415 3504 Cruce,
1433 3446 1515 3513 atque
1527 3432 1555 3492 in
1568 3432 1609 3493 die
1618 3454 1668 3493 san·

947 3535 990 3580 cto
1003 3523 1111 3583 Paschae
1125 3524 1278 3585 concionem
1293 3539 1385 3585 contra
1399 3524 1533 3586 Ebriosus
1546 3541 1573 3586 et
1584 3525 1669 3587 delle

946 3618 1127 3692 surrectione;
1141 3632 1201 3699 post
1210 3618 1313 3679 Pascha
1322 3634 1412 3680 autem
1423 3620 1559 3681 Homilias
1570 3620 1597 3681 in
1606 3620 1671 3681 Prin·

945 3708 1047 3789 cipium
1066 3715 1195 3770 Actorum
1206 3734 1214 3769 r
1226 3712 1263 3772 ita
1282 3726 1313 3771 ut
1331 3711 1497 3773 intermissas
1519 3713 1547 3772 in
1564 3711 1671 3775 Gaude

945 3801 1072 3863 homilias
1086 3818 1146 3884 post
1159 3806 1330 3865 Pentecosten
1349 3817 1457 3864 tantum
1475 3804 1671 3865 resumserit.ln

945 3895 1080 3976 principio
1104 3897 1176 3956 enim
1200 3896 1319 3957 homiliae
1341 3896 1487 3976 trigesimae
1513 3900 1597 3959 tertie
1616 3918 1671 3959 aee

945 3987 1032 4047 molto
1043 3992 1101 4069 jam
1112 4004 1231 4071 tempore
1240 4010 1351 4050 cursum
1365 3990 1444 4049 illum
1455 3989 1626 4052 intermisisse
1635 3988 1671 4051 di·

944 4081 990 4140 cit.
1010 4082 1073 4142 Post
1086 4082 1251 4161 trigesimam
1264 4082 1372 4143 tertiam
1385 4083 1527 4165 trigesima
1540 4098 1628 4163 quarta
1638 4082 1671 4143 in·

944 4174 1670 4257 sequentidiediemfuit,etpostridietrigesimaquintaa
1701 4176 1703 4181 '

944 4266 1014 4326 hanc
1027 4268 1192 4327 continenter
1205 4268 1370 4346 subsequuta
1383 4280 1424 4327 est
1439 4268 1578 4349 trigesima
1590 4280 1702 4343 sertam

945 4380 1026 4436 quam
1040 4360 1146 4441 excepit
1159 4358 1293 4440 trigesima
1307 4359 1430 4441 septima.
1443 4365 1476 4420 In
1501 4360 1593 4421 triduo
1604 4358 1670 4422 conti

945 4466 1038 4512 nenter
1050 4451 1106 4530 58,
1121 4453 1179 4526 59,
1197 4467 1223 4512 et
1235 4454 1276 4513 40
1294 4442 1395 4512 habitae
1409 4465 1485 4512 sunt.
1508 4453 1574 4514 Post
1584 4452 1669 4532 aliqtut

944 4546 1179 4628 interpositosdies
1188 4545 1423 4625 quadragesimam
1435 4544 1669 4626 primamhabnist

943 4638 1062 4702 ridetur.
1087 4637 1175 4699 Biduo
1200 4651 1290 4697 autem
1309 4638 1429 4715 sequenti
1452 4636 1667 4717 quadragesim!

942 4730 1088 4791 secundam
1100 4744 1126 4789 et
1137 4727 1371 4809 quadragesimam
1384 4728 1503 4789 tertiam.
1517 4731 1668 4790 Postiam
1697 4732 1703 4749 ⁸

941 4824 1097 4883 concionem
1108 4822 1143 4881 de
1153 4822 1321 4883 Samaritana
1330 4820 1442 4898 hahuit,
1454 4842 1488 4881 ae
1497 4820 1608 4881 subinde
1617 4841 1668 4901 qut·

941 4915 1118 4996 dragesimam
1129 4928 1252 4994 quartam
1266 4912 1293 4971 in
1308 4912 1436 4973 Genesim
1449 4914 1668 4995 pronuntiariqet

941 5010 1085 5091 paulopost
1097 5008 1263 5067 continenter
1273 5006 1325 5083 lb,
1335 5003 1388 5074 46,
1400 5006 1441 5065 d'l
1458 5019 1486 5065 et
1502 5008 1551 5081 ta,
1561 5004 1668 5066 similite

940 5100 980 5157 tu
994 5112 1019 5158 et
1035 5100 1090 5174 503
1113 5112 1139 5157 et
1157 5097 1259 5176 aliquot
1273 5107 1363 5175 postea
1375 5093 1473 5155 diebus
1490 5092 1668 5175 quinquages·

940 5208 1012 5247 marn
1032 5187 1149 5267 primam
1160 5204 1319 5245 :numerum
1336 5204 1440 5244 auxere
1457 5182 1547 5245 biduo
1565 5180 1669 5264 seqmti

942 5283 957 5315 Γ
1029 5282 1045 5315 Γ

941 5281 1238 5452 iidithiphageimam
1251 5382 1376 5450 quartam
1388 5368 1480 5431 nisit
1495 5368 1672 5452 postquamde
