3714 5970
593 462 637 510 nn
664 459 745 511 vira
772 458 803 509 s.
831 458 977 510 ioannis
1003 459 1256 512 cenrsosrour.
1371 455 1374 461 ’
1471 428 1524 520 J
1674 438 1718 513 61

138 586 193 652 σίας
206 609 212 620 ·
225 585 289 645 ἐπεὶ
299 584 352 644 κᾶν
364 585 395 645 αδ
407 583 922 666 χρυσίον,θδιδώκαμιν,ίναλάὸωμιν·
974 583 1088 644 lieribus
1102 584 1280 664 quibusdam,
1291 585 1338 666 qui
1353 585 1434 646 etiam
1448 585 1592 667 pignorum
1605 607 1652 647 seu
1662 609 1725 648 mu·

143 683 189 735 τῶν
208 677 266 759 γάρ
289 681 426 756 γυναικών
440 680 519 756 ἡμῶν
534 681 608 746 ’τινες
631 678 803 756 δεδώκαμιν”
826 676 920 747 σκεύη.
973 697 1068 737 ποιουν
1095 678 1197 757 species
1219 678 1366 752 dicebant,
1380 692 1407 738 et
1432 678 1507 755 loca,
1531 693 1557 740 et
1576 692 1721 761 tempora,

144 770 175 830 ‘0
194 768 317 841 Ιωάννης
339 770 406 850 πρὸς
425 775 511 830 ταῦτα
531 771 716 852 ὑπίσχεται-ᾔ
740 770 858 850 συνόδιρ,
880 768 922 829 ὅτι
975 786 1001 832 et
1014 773 1201 849 quantitatem.
1216 771 1530 832 Cumveroconscicatia
1543 794 1636 833 eorum
1650 789 1726 847 recta

147 867 186 922 τῶ
207 862 257 938 μίν
286 860 477 941 βουλευτηρίου
498 861 552 940 ἐγώ
576 861 667 931 αὐτοὺς
687 863 734 922 σὺν
755 865 819 942 Θεῷ
835 864 923 921 ἀπαλ·
971 884 1025 924 non
1040 877 1125 935 esset,
1143 864 1215 923 ultro
1228 864 1405 939 confitentur,
1423 863 1477 924 levi
1492 864 1614 925 adhibita
1629 886 1722 927 neces-

148 953 234 1026 λαἜω,
259 952 378 1022 ἀξιώσας
400 954 445 1013 τδν
469 952 598 1033 βασιλέα·
616 959 691 1033 ὑμεῖς
707 952 735 1015 δὲ
754 952 921 1034 προστάξατε
973 955 1051 1015 sitate
1064 979 1071 1012 ε
1084 955 1231 1027 Dedimus,
1257 957 1408 1015 consessum
1421 969 1473 1032 est,
1489 970 1516 1016 et
1529 951 1647 1017 ordinati
1669 981 1721 1019 su-

152 1043 237 1111 αίπσδς
259 1044 355 1104 λαθεῖν
380 1045 395 1104 ὃ
419 1043 565 1105 δεδώκασιν
592 1044 666 1125 παρὰ
689 1049 741 1105 τῶν
769 1044 956 1106 Ἀντωνίνουυ
976 1072 1036 1109 mus
1050 1073 1057 1106 ι
1071 1049 1153 1109 talem
1167 1062 1290 1129 putantes
1303 1069 1360 1108 esse
1377 1048 1613 1127 consuetudinem,
1637 1064 1721 1129 utque

153 1136 331 1218 αλιιρονίμιον·
347 1135 546 1219 Προσίταίτνὴ
561 1136 666 1206 σύνοδος
678 1184 688 1214 ,
701 1138 734 1198 τί)
747 1137 795 1216 μίν
812 1136 921 1218 χρυσίον
972 1140 1128 1220 videremur
1141 1162 1156 1199 a
1175 1140 1255 1200 Curia
1269 1140 1387 1199 liberari.
1404 1139 1441 1198 Et
1455 1161 1529 1201 nunc
1543 1162 1673 1216 oramus,
1696 1145 1720 1204 si

157 1228 240 1296 αύτούς
260 1229 357 1289 λαθεῖν
382 1228 457 1310 παρὰ
478 1232 531 1288 τῶν
558 1230 728 1309 κληρονόμων
756 1229 923 1303 Ἀντωνίνου,
972 1234 1075 1307 fasest,
1090 1232 1175 1312 simus
1193 1233 1222 1291 in
1235 1232 1386 1292 ministerio
1400 1231 1601 1294 Ecclesiae2sin
1615 1236 1717 1311 minus,

157 1329 280 1382 ισινωνεῖν
295 1322 327 1382 δέ
339 1320 413 1381 ίνδον
425 1327 472 1380 τοῦ
490 1321 697 1401 θυσιαστηρίου,
717 1312 804 1381 ‘olvat
826 1320 854 1382 dl
870 1321 924 1381 ἀπὸ
973 1345 1080 1397 aurum,
1093 1324 1166 1402 quod
1177 1324 1314 1397 dedimus,
1332 1323 1494 1406 recipiamus
1506 1326 1637 1406 :quidam
1648 1329 1721 1390 enim

113 1432 142 1480 ις.
159 1413 257 1496 Ιιρίιν,
276 1414 322 1474 ἵνα
337 1414 377 1492 μη
390 1414 490 1475 τούτων
503 1415 728 1494 συγχωρηθέντων
742 1414 799 1483 ἔθος
815 1415 925 1494 γίνηται
973 1433 988 1472 e
1004 1412 1081 1473 nobis
1096 1433 1215 1472 uxorum
1227 1412 1422 1493 supellectilem
1441 1413 1576 1474 dedimus.
1601 1414 1645 1475 Ad
1663 1415 1722 1477 baec

161 1508 313 1580 Ἰαιδαῖκὸν,
330 1505 348 1578 ἢ
364 1505 510 1586 Αίγύπτιον
522 1550 531 1580 ,
543 1513 589 1567 τοῦ
607 1509 707 1567 πωλεῖν
724 1506 770 1566 καί
786 1507 924 1587 ἀγοράζειν
972 1506 1089 1566 loannes
1108 1504 1220 1588 Synodo
1234 1505 1370 1586 pollicitus
1390 1519 1429 1565 est
1445 1505 1547 1579 :Quod
1567 1506 1602 1566 ad
1616 1508 1721 1569 curiam

163 1600 198 1672 rip
216 1599 374 1680 ἱερωσύνην.
388 1599 465 1659 Φασί
481 1598 509 1658 δὲ
526 1597 570 1658 τὸν
589 1600 714 1674 λυμεῶνα
728 1598 773 1657 καὶ
788 1597 924 1678 ψευδώνυ-
974 1595 1084 1674 quidem
1097 1598 1208 1670 attinet,
1224 1617 1274 1676 ego
1293 1589 1349 1671 σοῦ’,
1364 1600 1423 1658 Deo
1433 1598 1564 1678 juvante,
1579 1599 1722 1678 liberabo,

165 1716 201 1769 μιν
215 1693 455 1772 asperimontis
476 1689 610 1751 Ἰουδαίων
631 1693 691 1749 κατ’
710 1688 766 1757 ἔτος
781 1690 923 1768 άμείθειν,
974 1704 1084 1749 exorato
1108 1692 1290 1770 Imperatore:
1304 1711 1351 1750 vos
1369 1704 1459 1749 autem
1472 1689 1615 1763 mandate,
1643 1707 1673 1752 ut
1687 1693 1723 1754 ab

166 1783 229 1855 ἢααὶ
238 1786 303 1866 παρ’
314 1783 373 1850 ἔτος
384 1782 443 1851 τοὺς
453 1781 687 1864 άρχισυναγώγους
699 1781 743 1842 ἐπὶ
754 1784 867 1862 συλλογῇ
879 1790 925 1842 τοῦ
975 1781 1122 1841 heredibus
1136 1783 1265 1842 Antonini
1279 1781 1331 1864 ipsi
1345 1783 1488 1864 accipiant,
1501 1804 1561 1861 quae
1577 1783 1722 1846 dederunt.

167 1875 297 1955 ἀργυρίου,
314 1876 414 1953 ὁμοίως
434 1874 462 1935 δὲ
481 1875 527 1935 καλ
552 1875 597 1934 τὸν
621 1872 742 1947 ζηλωτὴν
762 1872 856 1933 τούτου
871 1878 925 1933 τῶν
977 1876 1107 1957 l’raecepit
1121 1876 1263 1956 Synodus,
1279 1889 1308 1934 ut
1319 1895 1417 1934 aurum
1430 1874 1581 1955 acciperent
1593 1876 1629 1936 ab
1641 1877 1723 1936 here-

168 1967 306 2046 λίγυπτίων
324 1966 514 2048 πατριάργην,
529 1964 573 2024 ἵνα
593 1968 723 2046 πληρωθῇ
741 1964 773 2025 τδ
789 1988 924 2047 προρητι-
976 1968 1058 2029 dibus
1079 1969 1229 2046 Antonini,
1245 1982 1271 2028 et
1284 1968 1512 2031 communicarent
1527 1967 1599 2028 intra
1615 1969 1722 2030 altare:

166 2062 217 2119 τίν·
236 2063 273 2119 Οἱ
285 2063 367 2139 ἱεραῖς
380 2063 463 2132 αὐτῆς
479 2060 545 2137 μετὰ
559 2059 650 2141 δώρων
666 2057 857 2138 ἀπεκρίναντο,
879 2059 926 2119 καί
975 2075 1063 2120 οσσους
1076 2075 1165 2120 autem
1177 2062 1234 2141 jam
1250 2082 1303 2120 non
1316 2059 1478 2136 sacerdotes,
1494 2082 1542 2120 sex
1554 2082 1587 2120 ex
1599 2063 1726 2124 sacerdo·

166 2156 321 2231 ιίπρορῆται
334 2155 417 2223 αὐτῆς
430 2153 497 2230 μετὰ
516 2150 641 2233 ἀργυρίου
655 2151 836 2229 ἐμαντεύοντο.
856 2155 881 2212 Τ
882 2152 926 2212 ού·
942 2167 961 2213 F.
976 2155 1067 2230 tibus,
1085 2175 1136 2225 ne,
1152 2156 1174 2213 si
1190 2154 1240 2212 ista
1254 2153 1481 2226 concederentur,
1506 2173 1565 2212 mos
1580 2153 1656 2215 fieret
1669 2157 1725 2217 Ju-

164 2242 925 2323 τνντίντοονἔστίααίτίιῦσομνιίματσααίοίαρίνσντας,
974 2248 1068 2307 daicus
1090 2259 1137 2305 aut
1158 2245 1325 2326 AEgyptius,
1353 2244 1486 2303 vendendi
1508 2257 1590 2322 atquc
1615 2244 1724 2305 emendi

165 2335 204 2395 ίίαί
217 2339 266 2395 οὖν
284 2337 323 2402 τίς
341 2335 407 2414 μίαν
428 2335 531 2416 ἧμίραν
549 2335 699 2414 γεγένηται,
714 2338 750 2401 ὡς
765 2333 894 2414 ἐψεύσατο
913 2339 927 2395 ὁ
974 2340 1164 2401 sacerdotium.
1179 2341 1279 2399 Dicunt
1291 2339 1363 2398 enim
1376 2339 1562 2417 pestilentem,
1578 2351 1603 2397 et
1621 2338 1722 2397 falsum

165 2428 300 2508 Θτόριλος,
319 2432 336 2499 ἡ
354 2428 491 2497 ίξίτασις,
510 2429 569 2486 α’λλί
583 2428 626 2486 ίτί
639 2425 685 2486 δίο
697 2425 752 2498 ίταί·
767 2424 821 2486 Καί
834 2426 927 2506 ίστσρ·
975 2434 1135 2496 Judaeorum
1148 2429 1341 2514 patriarcham,
1356 2430 1472 2509 singulis
1485 2431 1575 2506 annis,
1590 2442 1637 2488 aut
1652 2449 1723 2489 anno

166 2519 200 2589 ίιν
218 2526 241 2580 οἱ
258 2519 478 2598 καθαιρεθέντος,
497 2523 546 2590 τῆς
569 2518 714 2596 μελλούσης
728 2517 838 2597 κρίσεως
855 2521 927 2578 ἕλευ·
975 2526 1129 2603 interjecto,
1143 2544 1287 2605 synagogae
1305 2522 1439 2603 principes
1457 2535 1563 2582 mutare
1581 2521 1616 2581 ad
1630 2544 1723 2582 corra-

165 2612 325 2695 ίιρονθὲνσος,
355 2617 391 2680 ὥς
414 2612 459 2672 τίον
482 2611 529 2671 ἵνα
555 2611 581 2683 l}
606 2615 693 2671 αὐτῶν
718 2609 822 2670 ἔκδικον
845 2611 927 2689 διιμο·
978 2618 1095 2679 dendam
1115 2618 1273 2699 pecuniam,
1292 2615 1416 2674 similiter
1429 2627 1455 2674 et
1467 2614 1550 2695 hujus
1570 2613 1721 2687 aemulum,

165 2708 217 2768 σίων
236 2705 360 2784 γενέσθαι
382 2704 562 2787 πραγμᾷτων·
584 2703 629 2764 καλ
641 2707 678 2770 είς
691 2701 750 2769 τοίνς
763 2696 859 2772 τίποιίς
877 2705 927 2762 αὖ·
978 2711 1172 2794 AEgyptiorum
1183 2707 1375 2790 patriarcham,
1386 2720 1415 2765 ut
1427 2705 1571 2786 impleatur
1582 2704 1650 2765 illud
1663 2727 1724 2786 pro·

164 2803 207 2858 rin
228 2798 313 2880 ἕτεροι
333 2797 473 2865 artearte<
492 2796 725 2877 ἀντεισίχθησαν,
744 2794 795 2874 βίῳ
816 2794 862 2853 καί
878 2794 928 2855 λό-
978 2804 1066 2882 phetae
1088 2828 1094 2860 :
1117 2803 1288 2862 Sacerdotes
1309 2804 1371 2880 ejus
1389 2820 1456 2859 cum
1481 2802 1650 2859 maneribus
1673 2820 1723 2859 re·
1733 2823 1846 2872 mem,

164 2891 409 2971 ταναταοσμημὲνοι·
423 2889 476 2949 Καί
486 2893 510 2949 οί
519 2888 639 2969 γεννάδας
649 2888 695 2947 καί
706 2886 849 2967 φιλόνεικοι
860 2886 927 2964 μετὰ
977 2899 1169 2974 spondebant,
1181 2907 1210 2953 et
1220 2894 1369 2973 proplietoe
1378 2894 1441 2971 ejus
1453 2912 1520 2951 cnm
1528 2895 1654 2970 pecunt'a
1665 2912 1721 2951 oa·
1847 2911 1848 2914 ’

164 2983 204 3055 τίεν
223 2982 349 3042 Ἰιοιίννον
373 2982 475 3062 ἕξορίαν
501 2981 626 3050 λαθόντες
647 2981 661 3040 ὃ
683 2978 778 3040 ἔλαθον
800 2983 848 3055 (οὗ
876 2980 929 3063 γίιρ
979 2992 1188 3048 ticinitbnntar.
1202 2986 1306 3044 Horum
1319 2984 1441 3043 omnium
1452 2996 1558 3042 exstant
1568 2997 1627 3042 acta
1640 2997 1666 3041 et
1677 2984 1723 3064 ju·

164 3076 211 3155 ίγει
233 3076 320 3152 ὄνομα
345 3080 364 3148 ἡ
385 3074 468 3134 κακία
479 3118 487 3146 ,
498 3128 501 3136 ,
511 3072 602 3153 ὥσπερ
625 3072 683 3140 οὗδί
707 3072 836 3154 οὐσίαν),
867 3073 929 3142 τοίας
945 3091 964 3139 1²
978 3081 1071 3142 dicum
1083 3080 1203 3145 nomina.
1226 3080 1320 3155 Neque
1334 3095 1388 3134 uno
1402 3074 1448 3135 die
1460 3076 1530 3134 facta
1543 3088 1582 3134 est
1595 3074 1725 3153 disquisi-

164 3168 204 3243 ρὶν
223 3168 275 3246 πρὸ
295 3165 450 3244 τετραετίας
472 3164 592 3247 ῥιφέντος
611 3164 693 3224 πάλιν
714 3167 873 3246 σίσίοραισαν
891 3167 928 3234 τίς
978 3173 1027 3248 tio,
1041 3187 1071 3232 ut
1081 3171 1209 3232 mentitus
1218 3184 1258 3229 est
1269 3167 1449 3248 Theophilus,
1458 3167 1505 3226 sed
1517 3189 1565 3247 per
1575 3166 1724 3228 biennium.

162 3261 203 3328 τίς
214 3260 400 3332 ’ἱνοιληαίαςν
423 3257 481 3324 rob<
502 3257 530 3316 dl
546 3255 701 3343 ’ἔνθίσμος
719 3257 929 3339 ἓνθρονισθίντας
978 3269 1066 3345 Atque
1079 3265 1270 3343 acquieverunt
1284 3262 1332 3340 qui
1346 3261 1451 3319 fuerant
1462 3257 1593 3340 depositi,
1608 3272 1637 3318 ut
1652 3281 1668 3320 a
1681 3260 1726 3320 lu·

113 3357 144 3407 ίίλ
161 3352 265 3422 ἕνίοσαν
280 3350 327 3419 ixl
342 3353 502 3433 σαορτιισμῷ
516 3353 568 3409 τῶν
582 3357 627 3409 τοῦ
645 3350 762 3428 Χριστοῦ
775 3349 927 3428 τοροὸοίτιον·
979 3374 1040 3419 turo
1050 3357 1154 3440 judicio
1165 3355 1355 3426 liberarentur,
1371 3352 1408 3428 ita
1426 3364 1584 3431 ut'unusex
1595 3350 1628 3410 iis
1638 3351 1725 3423 factus

162 3445 197 3504 Τσ
206 3442 296 3521 μέντοι
306 3442 528 3521 γιλοιωδέστατον
538 3440 656 3515 πάντων,
673 3444 772 3518 μᾶλλον
789 3440 816 3501 dl
834 3441 928 3519 θρνίνον
941 3505 966 3543 5,
980 3452 1015 3512 sit
1026 3451 1197 3533 publicorum
1212 3445 1380 3525 negotiorum
1393 3442 1535 3502 defensor:
1548 3455 1574 3501 et
1590 3442 1726 3503 incorum

162 3536 241 3609 ίξιον,
253 3537 301 3596 ἐίιν
315 3535 450 3614 οόιοῦσῃς,
464 3531 587 3611 Θεόδωρε
601 3533 824 3612 φιλομαθέστατε,
837 3533 929 3612 Ἧχή-
945 3560 963 3605 ,a
980 3540 1070 3599 locum
1090 3536 1195 3596 sullecti
1208 3549 1271 3593 suut
1292 3532 1358 3604 alii,
1382 3551 1435 3589 non
1453 3529 1590 3609 conjugati
1603 3574 1612 3603 ,
1624 3530 1681 3590 vita
1698 3544 1725 3592 et

164 3651 198 3686 σει
212 3627 259 3704 μέν
274 3651 341 3699 σαι,
356 3625 426 3685 κατὰ
440 3623 486 3685 τὸν
500 3623 651 3706 προφήτην,
662 3624 800 3705 ἀμφότερα
813 3624 849 3683 τὰ
859 3614 925 3705 ὦτα·
981 3631 1104 3691 doctrina
1122 3627 1220 3688 ornati.
1240 3628 1342 3690 Verum
1357 3623 1478 3703 generosi
1492 3623 1531 3682 illi
1547 3637 1574 3683 et
1591 3624 1725 3704 litigiosi,

164 3720 334 3788 Μνλσίσνις
348 3719 393 3790 δῖ,
406 3717 525 3796 φιλόθεος
539 3716 585 3788 ὧν,
598 3715 657 3784 τοίνς
675 3716 851 3796 μαινομένους
871 3722 926 3776 τῶν
981 3739 1040 3806 post
1058 3720 1169 3785 loannis
1181 3719 1326 3791 exsilium,
1347 3730 1457 3797 accepto
1471 3736 1503 3774 eo
1522 3716 1595 3793 quod
1608 3721 1722 3797 accepe-

164 3813 328 3886 ἐαιαιάπων,
352 3809 528 3889 ἐσκοτωμένη
551 3808 622 3889 χειρὶ
645 3808 851 3888 λυμαινομένους
881 3809 930 3877 τίς
980 3825 1041 3876 rant
1057 3822 1154 3893 (neque
1170 3812 1242 3872 enim
1262 3810 1344 3869 babet
1359 3808 1518 3890 improbitas
1533 3829 1647 3883 nomen,
1670 3808 1724 3868 sic·

166 3905 255 3985 ίοριίις
268 3910 317 3964 τοῦ
333 3904 460 3982 Χριστοῦ·
474 3899 519 3967 “bt
530 3900 582 3981 γὰρ
593 3899 661 3978 μστίι
674 3901 798 3973 νηστείας
810 3900 856 3960 καί
871 3901 932 3974 δεοί-
981 3924 1010 3968 ut
1031 3929 1115 3986 neque
1134 3903 1347 3977 substantiam),
1365 3922 1410 3960 eos
1429 3900 1476 3979 qui
1494 3915 1555 3960 ante
1577 3901 1726 3980 quadrien-

167 4019 223 4065 στοις
239 3997 287 4057 καλ
300 3994 460 4073 δοκιμασίας
474 3992 573 4073 αλιίροο
592 3993 638 4052 καί
654 3993 735 4074 eddon
750 3995 775 4053 οί
788 3993 850 4073 περὶ
870 3992 929 4053 nt·
981 4003 1056 4061 nium
1075 4000 1152 4081 ejecti
1172 3999 1292 4066 fuerant,
1312 4015 1405 4053 rursus
1420 3993 1447 4052 in
1463 3993 1597 4066 Ecclesias
1614 3994 1726 4054 invexe-

168 4090 273 4166 τρωκαλ
287 4087 414 4156 Ἰωάννην
430 4083 534 4145 ἐποίουν
549 4084 725 4165 χειροτονίας,
742 4084 816 4145 αίντοί
837 4085 867 4145 το
883 4088 928 4145 ίν·
980 4107 1065 4168 runt,
1089 4106 1115 4152 et
1133 4089 1252 4170 legitime
1273 4085 1423 4179 insedibus
1441 4084 1587 4146 collocatos
1609 4088 1727 4168 expule-

169 4179 321 4258 antespasti
336 4177 488 4260 κραιπάλης
499 4175 545 4236 καί
560 4175 698 4253 μέθηςκαὶ
710 4176 801 4259 δώρων
815 4181 928 4256 οἰκτρῶν
981 4199 1045 4244 runt
1062 4183 1096 4243 ad
1114 4179 1307 4262 dispergendas
1330 4177 1430 4238 Christi
1444 4198 1517 4237 oves.
1544 4178 1618 4238 illud
1635 4194 1725 4240 autem
1763 4214 1766 4217 >

168 4272 195 4329 ei
205 4278 254 4332 τών
264 4269 412 4350 ἀνθρώπων
422 4267 618 4348 ἐκτρώμασοι,ἃ
631 4266 697 4346 wlff
711 4268 810 4348 χοίοίνν
825 4269 927 4348 οίλόγονν
981 4279 1103 4339 omnium
1119 4268 1237 4335 maxime
1251 4272 1417 4346 ridiculum,
1440 4270 1484 4331 vel
1500 4272 1592 4351 potius
1609 4273 1725 4334 lamento

170 4363 273 4433 ἢιιυνῶν
285 4364 366 4435 ἄξια,
381 4361 451 4420 κατὰ
466 4360 511 4420 τθν
529 4358 747 4441 πρσρητεύσαντα
761 4361 823 4441 περί
840 4364 926 4420 αὐτῶν
982 4372 1113 4451 dignum,
1139 4369 1161 4428 si
1182 4366 1318 4436 audieris,
1342 4362 1539 4423 studiosissime
1560 4363 1703 4426 Tlieodore
1715 4409 1733 4440 ,·

172 4455 224 4515 lbi
237 4461 267 4516 ἔτι
279 4453 425 4538 προσώπου
435 4461 481 4513 τοῦ
495 4455 621 4532 Σωτῆρος
634 4473 641 4486 ·
652 4450 707 4518 Οὓς
720 4455 770 4533 οὐχ
781 4453 927 4533 ’ἡγησαίμην
947 4472 965 4518 n
985 4465 1145 4533 Tinnient,
1167 4471 1196 4516 ut
1210 4456 1248 4515 ait
1262 4453 1411 4535 propbeta,
1429 4456 1523 4512 ambae
1544 4474 1630 4513 aures
1652 4467 1724 4532 tuoe;
1734 4491 1784 4536 „h
1804 4503 1849 4551 ,9¹

173 4549 247 4616 ἀξίοις
266 4552 352 4608 κυνῶν
372 4551 425 4606 τῶν
441 4542 512 4623 ἐμῶν
526 4544 663 4622 νομάδων,
685 4543 711 4603 οἳ
732 4545 784 4604 ὑπὸ
805 4544 925 4626 φρύγανα
981 4549 1087 4629 lugebis
1102 4567 1176 4616 vero,
1195 4543 1244 4603 Dei
1259 4563 1351 4601 amans
1364 4541 1411 4621 qui
1426 4542 1473 4618 sis,
1487 4542 1610 4602 furentes
1623 4542 1725 4624 episco-

173 4643 295 4718 ῖιγτῶντσ.
313 4644 350 4700 ot
368 4639 456 4698 τοίνυν
472 4636 541 4714 μετὰ
562 4637 684 4714 μιμάδυιν
705 4637 752 4696 καὶ
772 4637 925 4711 Ἰουδαίων,
983 4662 1032 4721 pos
1040 4637 1290 4698 clandestinamanu
1298 4632 1424 4693 Deidona
1434 4649 1642 4716 corrumpentes.
1650 4635 1726 4707 Quas
1758 4704 1760 4709 .
1820 4696 1824 4705 ,

174 4736 201 4800 ίις
212 4734 278 4808 pabor
287 4738 334 4792 τοῦ
346 4733 482 4811 Σωτῆρος,
495 4729 568 4808 παρὰ
580 4733 632 4789 τῶν
647 4733 734 4809 copiis
744 4731 778 4790 τδι
790 4731 929 4811 ἀπόρρητα
982 4730 1053 4814 enim
1070 4726 1249 4788 ordinationes
1263 4746 1324 4783 cum
1335 4724 1439 4805 jejunio
1453 4738 1479 4789 et
1490 4725 1609 4783 oratione
1621 4739 1647 4784 et
1660 4747 1724 4807 pro·
1816 4724 1846 4743 '⁶

177 4918 282 4998 καιρίους
302 4917 389 4984 οἴκους
409 4914 549 4996 φεύγωσιν
567 4916 591 4974 σί
611 4914 672 4973 λαοί
696 4919 749 4975 τῶν
770 4915 924 4997 ὀρθοδόξων.
983 4914 1059 4989 bant,
1070 4911 1111 4971 illi
1123 4924 1215 4970 contra
1229 4930 1278 4990 per
1285 4908 1425 4989 crapulam
1437 4922 1464 4968 et
1477 4909 1632 4969 ebrietatem
1645 4923 1726 4990 atque

204 5139 303 5204 'lCotL
326 5148 393 5208 ἡμῶν
414 5144 543 5206 calamo
561 5164 619 5194 τινα.
644 5140 737 5208 Geotg.
759 5148 817 5203 τινὲς
837 5146 885 5215 γάρ
898 5150 923 5206 l}
969 5147 1110 5210 ainiiepioia.
1125 5138 1209 5201 Quare
1231 5135 1268 5186 vel
1286 5145 1320 5200 μὴ
1338 5132 1507 5197 inserendum,
1526 5132 1563 5183 tel
1585 5131 1632 5200 leg.
1650 5151 1664 5184 e.
1683 5137 1726 5189 Si-

182 5223 232 5278 ἡροι
242 5229 269 5271 τὰ
280 5235 323 5273 τῶν
334 5234 355 5285 7:
370 5228 436 5284 ἡμῶν
447 5224 493 5272 διδ.
508 5243 541 5273 aa.
554 5219 655 5272 Simeon
667 5219 761 5289 legerat
772 5221 844 5292 aava]
971 5238 1059 5284 meque
1071 5229 1174 5280 διαστῆναι
1184 5223 1217 5279 et,
1229 5234 1255 5282 p.
1268 5217 1327 5287 titt,
1342 5214 1359 5267 Ι.
1375 5215 1411 5280 3.]

208 5298 216 5334 ί
232 5294 300 5365 [lmo
318 5301 447 5350 contraria
461 5300 585 5350 sententia
605 5298 750 5367 requiritur,
770 5312 804 5369 μὴ
827 5306 881 5355 εἶναι
897 5307 921 5354 u
1003 5317 1014 5350 a
1033 5297 1165 5369 [λιθίιμως
1182 5313 1229 5362 pro
1242 5302 1358 5361 ῖιθέηισυς
1367 5289 1485 5344 dedimus
1496 5310 1526 5343 cx
1538 5291 1654 5360 Codice]
1712 5371 1716 5380 Ι
