3714 5970
689 440 779 488 NUNC
805 441 937 488 PlllhlUAl
966 440 1164 489 Anosttat‘t.

138 579 236 642 porum
261 559 471 623 interciderint:
490 583 587 642 parum
606 562 680 623 enim
692 563 800 635 abluit,
817 563 883 642 quin

141 653 256 713 amuda
277 654 363 715 etiam
383 654 499 716 homilia
515 653 752 737 'penerit,utpote
772 675 833 734 quas
856 655 884 714 in

143 758 314 806 secuntum
334 746 436 807 Codice
455 768 553 828 magna
570 747 612 807 sni
632 762 709 830 parte
723 748 820 808 mutila
841 769 884 808 re·

146 852 214 918 perta
225 838 273 898 sit.
286 840 424 901 imovero
433 855 536 899 eertum
549 838 659 900 videtur
671 841 775 920 aliquot
795 862 829 900 ex
851 841 885 900 iis

149 952 207 1010 quas
219 931 266 992 hic
288 947 421 994 memorat
438 933 566 993 homilias
579 932 765 1013 intercidisse;
779 955 841 994 narn
855 935 884 993 in

152 1025 197 1084 hue
212 1025 298 1084 tertiae
313 1026 401 1086 dicit:
417 1027 665 1105 Quemadmodum
677 1028 886 1088 densonstravs‘·

155 1137 222 1189 isus,
237 1139 304 1178 eum
318 1120 378 1180 hac
388 1121 425 1178 de
435 1119 562 1178 remisiti
572 1119 785 1201 habitisuerint
801 1140 820 1179 a
839 1140 886 1179 me

159 1229 307 1280 samonem
320 1231 376 1270 nou
396 1211 437 1270 sie
457 1209 638 1289 loquuturus,
659 1211 682 1270 si
696 1210 767 1271 duos
780 1224 885 1271 tantum

161 1299 237 1361 laede
249 1323 278 1361 re
289 1324 426 1364 sermones
437 1303 646 1384 pronuntiasset.
662 1303 717 1364 Sed
729 1324 796 1364 case
808 1317 886 1385 putes

163 1415 211 1455 om
221 1396 352 1456 Frontone
363 1397 486 1469 Dueaso,
500 1395 626 1455 homilias
640 1395 761 1474 quinque
772 1417 886 1475 sequen·

165 1500 193 1546 trs
210 1485 248 1547 his
267 1488 455 1569 chrysostomi
470 1488 560 1548 verbis
569 1532 579 1565 ,
592 1490 687 1569 longos
712 1489 886 1571 prolixosque

167 1600 278 1642 semones
287 1581 446 1662 siguifimri.
456 1581 662 1661 lllassiquidem
674 1584 813 1644 conciones
823 1604 886 1664 pro·

169 1671 337 1733 mstiasitdin
351 1687 411 1754 post
422 1672 570 1732 Homiliam
580 1672 608 1733 in
623 1675 745 1734 Natalem
762 1673 885 1750 Domini,

170 1783 220 1824 uno
240 1765 300 1827 386
322 1764 467 1841 habitam,
493 1764 565 1825 unde
587 1781 711 1848 excerpta
731 1767 779 1827 illa
802 1767 886 1828 verbs

172 1870 232 1931 πυτ,-
244 1870 275 1916 ut
293 1877 378 1933 mox,
394 1877 480 1937 neque
502 1856 594 1918 dubiis
617 1859 784 1941 argumentis
796 1859 887 1942 palam

198 2042 284 2103 Caetra
296 2041 371 2102 hunc
383 2056 507 2103 nostrum
516 2037 652 2104 calculum
665 2042 749 2105 dubia
760 2041 887 2123 quedam

172 2134 319 2217 psponitV.
335 2135 380 2194 Cl.
395 2135 599 2204 Tillemontius‚
609 2136 680 2196 eirca
694 2149 800 2217 tempus
810 2155 888 2195 nem·

172 2246 246 2306 ptqso
255 2224 367 2287 bomilia
380 2227 460 2286 tertia
471 2226 565 2287 habita
576 2227 636 2287 luit.
648 2227 702 2287 Sed
715 2228 757 2287 illi
772 2241 846 2308 apte,
858 2227 888 2285 ni

173 2317 242 2390 tte,
258 2317 449 2400 respondimus
461 2321 490 2379 in
500 2319 607 2379 Monito
621 2319 657 2379 ad
671 2319 804 2379 Homilias
822 2338 888 2380 con·

172 2423 200 2470 tra
212 2410 312 2473 ludens
327 2412 366 2471 T.
380 2416 409 2485 l,
424 2433 454 2493 p.
470 2412 617 2490 5832quo
630 2411 755 2471 lectorem
770 2411 889 2470 remitti-

172 2503 596 2584 mlsmgedillieilioremaliam
603 2505 888 2583 movetquasstionem,

171 2613 215 2670 ps
223 2616 293 2656 man
306 2597 411 2678 pariter
422 2612 452 2658 et
465 2611 585 2659 seruam
597 2585 754 2656 monitam
767 2596 890 2678 impetat,

170 2707 195 2747 ex
211 2687 283 2749 titulo
302 2709 401 2770 nesnpe
423 2688 507 2770 hujus
526 2689 612 2749 tertiae
633 2687 772 2763 bomilia,
785 2689 832 2768 qui
852 2689 891 2748 sio

171 2777 244 2854 habet,
263 2783 300 2850 sle
317 2779 379 2849 subc
401 2781 434 2841 eh
459 2785 566 2861 πρῶτον
585 2779 680 2862 πάσχα
701 2781 891 2854 νηστεύοντας,

170 2876 300 2954 ircosque·
309 2877 407 2955 ptimo
417 2872 726 2954 Paschstejejunont.
741 2873 823 2946 Quod
836 2895 890 2933 au-

171 2963 264 3025 mtoe
273 2965 333 3047 ipso
346 2986 418 3025 anuo
431 2965 468 3039 ii,
482 2965 528 3045 qui
544 2965 700 3027 iudaeorum
714 2967 849 3026 caleulum
861 2968 889 3028 in

170 3054 465 3138 tmhmoequebamur
475 3102 484 3133 ,
496 3058 546 3119 etsi
559 3057 706 3118 Christiani
718 3072 794 3119 eraut
806 3104 814 3134 ,
831 3059 889 3139 ipso

170 3145 283 3210 Patebatis
291 3149 338 3210 die
343 3150 494 3231 jejunaturi
508 3165 607 3224 essent,
615 3151 655 3211 sic
667 3151 786 3212 declarat
796 3152 888 3234 Chry-

169 3254 277 3302 ttstrmus
301 3263 379 3304 usim.
398 3246 433 3305 5:
448 3268 463 3299 s
475 3242 546 3303 Ecce
566 3264 683 3323 namque
706 3244 811 3324 primus
832 3244 891 3304 dies

169 3334 308 3412 leymrum
321 3333 375 3394 hoe
384 3355 456 3394 anno
466 3334 495 3394 in
511 3335 682 3395 Domiuieam
693 3334 767 3394 diem
776 3335 889 3413 incidit,

168 3428 294 3488 somnino
315 3449 424 3489 necesse
441 3444 481 3490 est
500 3444 531 3491 ut
551 3444 605 3490 tota
619 3430 791 3491 hebdomada
812 3431 890 3512 jeju-

168 3535 254 3596 utu,
266 3536 294 3582 et
307 3542 371 3582 cum
392 3521 481 3603 passio
502 3523 662 3603 praeterierit
674 3538 702 3584 et
718 3546 788 3585 crux
806 3523 889 3584 adve-

169 3613 222 3671 tm't
238 3627 265 3673 et
286 3615 467 3690 resurrectio,
479 3635 528 3674 nos
549 3615 640 3674 adhuc
661 3617 814 3698 jejunantes
833 3637 890 3676 ma·

169 3719 266 3766 mm.
288 3705 325 3766 Et
348 3726 532 3788 stpenumero
553 3706 627 3767 istud
645 3707 762 3781 accidit,
778 3724 807 3768 ut
828 3724 891 3791 post

169 3813 272 3871 moun,
288 3811 351 3879 post
371 3798 611 3874 resurrectionem,
632 3799 801 3861 hebdomada
825 3822 888 3860 non·

168 3882 218 3945 dm
239 3888 383 3965 absoluta,
406 3890 542 3971 jejunium
573 3889 759 3953 observemus.
782 3915 798 3948 s
824 3895 889 3955 Hac

168 3993 238 4040 otus
250 4003 296 4044 eos
307 3982 457 4058 dicuutur,
470 3984 517 4063 qui
527 3984 663 4064 jejunium
675 3984 789 4047 ludaico
810 4008 885 4050 more

168 4074 307 4152 tttttbsnt,
332 4075 435 4156 quique
458 4074 608 4156 aliquando
629 4076 657 4136 in
678 4077 736 4158 ipso
758 4080 888 4140 Pascbate

164 4162 316 4246 jtjmabsnt,
335 4169 447 4250 quaudo
469 4170 571 4230 seilicet
588 4170 747 4232 ludaeorum
767 4172 887 4234 salculus

166 4255 246 4322 latha
269 4261 426 4343 assignabat
448 4276 509 4343 post
534 4262 748 4323 Christianorum
773 4265 886 4327 Pascha.

166 4349 227 4414 Tune
247 4356 321 4416 enim
349 4354 496 4415 Christiani
528 4355 589 4431 illi,
617 4355 664 4434 qui
688 4354 803 4417 ludaico
829 4358 885 4417 ritu

164 4443 278 4523 jejunium
300 4448 464 4520 servabant,
490 4447 539 4508 illo
563 4446 609 4506 die
627 4447 807 4528 jejunabant,
831 4471 886 4529 quo

165 4543 232 4602 αἱαὶ
243 4541 392 4603 Christiani
407 4540 510 4602 Pascha
524 4541 698 4601 celebrarent.

192 4635 262 4714 Atqui
276 4632 428 4694 secundum
449 4632 556 4692 tabulas
570 4630 712 4691 Paschales
730 4653 801 4692 anno
824 4633 884 4695 38⁷

165 4720 246 4785 Pascha
263 4726 362 4786 incidit
375 4725 404 4786 iu
421 4726 459 4785 25
475 4725 595 4806 Aprilis,
609 4746 706 4804 nempe
726 4747 807 4804 quam
828 4741 884 4785 tar·

164 4811 253 4878 dissime
272 4832 360 4901 potest
379 4839 538 4879 ooeucrcre:
555 4816 692 4896 quomodo
713 4837 777 4897 ergo
794 4818 886 4900 judai·

165 4924 232 4970 tutte
241 4912 280 4970 illi
293 4925 418 4994 poterant
431 4911 483 4971 hoo
494 4931 564 4970 auno
579 4911 607 4969 in
629 4910 732 4971 Pascha
742 4912 886 4993 jejunare,

167 5018 212 5063 mn
220 5005 319 5065 Pascha
329 5004 489 5068 Judaeorum
500 5026 649 5084 numquam
659 5007 745 5088 possit
759 5008 829 5067 ultra
842 5008 887 5068 si-

169 5095 272 5168 gninam
285 5100 409 5177 quintam
425 5099 525 5181 Aprilis
541 5100 702 5159 occurrere?
715 5101 818 5160 Verum
828 5098 887 5159 haee

169 5181 289 5288 libutius
299 5190 462 5252 certissimas
474 5192 604 5274 temporis
613 5206 718 5252 notase
732 5194 886 5254 nohiseou·

171 5287 252 5343 &tutas
266 5298 386 5347 esmtem
403 5284 506 5365 nequit.
526 5285 598 5347 Nam
612 5299 704 5348 utrum
715 5308 822 5371 semper
830 5291 890 5349 An·

1616 442 1680 516 ¹¹7

941 563 1057 623 tioebeni
1078 563 1234 642 invariabili
1255 563 1313 644 lege
1340 561 1585 623 Alexandrinorum
1611 568 1682 625 eirca

940 643 1044 718 Pascha
1058 655 1169 715 Domini
1184 654 1320 716 amiculum
1333 653 1440 734 sequuti
1453 654 1525 730 sint,
1536 675 1590 714 non
1603 656 1682 717 uobis

939 761 1107 830 compertum
1129 761 1186 808 est:
1200 761 1281 826 atque
1298 746 1402 807 etiamsi
1422 747 1527 826 sequuti
1551 748 1625 823 sint,
1648 770 1683 809 an

939 842 1074 900 affirmare
1087 860 1231 921 possumus
1245 860 1392 919 numquam
1405 855 1521 898 errorem
1538 840 1566 899 in
1578 839 1683 900 calculo

940 931 1125 992 intercidisse?
1137 932 1214 992 Certe
1228 937 1388 1013 Anonymus
1401 930 1464 1004 ille,
1485 932 1532 1010 qui
1547 953 1682 992 sermones

939 1024 967 1083 in
981 1025 1082 1085 Pascha
1096 1027 1139 1087 Jo.
1157 1025 1344 1106 Chrysostomi
1366 1024 1475 1083 nomine
1491 1024 1594 1102 edidit,
1614 1046 1682 1105 quos

940 1117 968 1176 iu
987 1117 1075 1176 lucem
1096 1116 1236 1177 emisimus
1257 1116 1286 1176 in
1299 1129 1395 1177 octavo
1416 1119 1520 1192 Tomo,
1534 1117 1683 1178 contrarias
1692 1125 1832 1187 T·⁸·r·¹t⁵·

939 1214 1009 1273 cirea
1024 1214 1181 1275 Paschalem
1194 1213 1329 1273 calculum
1342 1212 1484 1273 sententias
1507 1234 1538 1273 eo
1558 1214 1619 1294 ipss
1634 1235 1684 1273 an·

939 1325 989 1378 no,
1006 1328 1060 1384 quo
1071 1307 1129 1389 ipse
1140 1307 1280 1366 homiliam
1292 1327 1368 1366 suam
1383 1306 1412 1365 in
1426 1304 1513 1364 lucem
1524 1305 1618 1380 dedit,
1630 1327 1682 1366 ex·

939 1396 1038 1458 stitisse
1050 1402 1098 1463 ait.
1111 1399 1260 1479 Gregorius
1275 1419 1341 1458 vero
1351 1396 1521 1457 Turonensis
1534 1418 1586 1458 non
1600 1400 1684 1459 semel
1720 1406 1779 1451 vite
1790 1407 1836 1449 ibi·

941 1489 1069 1551 observat
1088 1491 1244 1552 serietatem
1265 1490 1343 1550 illam
1364 1490 1437 1549 circa
1454 1490 1527 1549 diem
1546 1471 1756 1551 Pasclsatisd‘m'

940 1601 989 1642 suo
1003 1597 1122 1665 tempore
1134 1586 1162 1644 in
1173 1583 1289 1644 dirersis
1299 1581 1616 1662 regionibuseontigisse.
1628 1585 1684 1643 Pa-

913 1672 917 1687 “
940 1689 1030 1736 tentor
1040 1690 1130 1746 autem
1143 1675 1195 1737 viri
1210 1676 1238 1735 in
1252 1675 1296 1735 his
1304 1675 1386 1734 rebus
1397 1673 1555 1755 peritissimi
1565 1695 1687 1735 errorem

939 1767 1077 1829 interdum
1091 1769 1117 1829 in
1133 1767 1246 1829 calculis
1268 1766 1427 1848 hujusmodi
1444 1767 1621 1848 contingere,
1635 1788 1686 1829 nee

940 1861 1034 1921 multis
1048 1862 1148 1922 abhinc
1157 1861 1235 1921 annis
1244 1859 1388 1940 contigisse
1396 1905 1406 1938 ,
1416 1880 1502 1938 neque
1510 1873 1600 1920 totum
1613 1881 1686 1924 sesn-

940 1974 1054 2037 peresse
1065 1968 1140 2015 notus
1151 1951 1362 2012 Paschalesaliis
1370 1952 1441 2010 notis
1450 1964 1622 2031 anteponere.
1633 1947 1686 2011 Sa-

940 2067 976 2107 ne
986 2045 1282 2125 tantasidctureorum
1291 2064 1352 2122 quae
1365 2040 1581 2123 supradiximus
1593 2042 1685 2100 lirani·
1740 2043 1741 2047 ’

940 2153 1002 2217 tas,
1018 2153 1050 2198 ut
1062 2138 1154 2221 potius
1171 2158 1205 2196 ex
1226 2134 1426 2217 computatione
1442 2146 1533 2192 nostra
1552 2132 1688 2192 calculum

942 2231 1098 2294 Paschalem
1111 2229 1245 2311 ejusmodi
1259 2248 1359 2306 ,quam
1383 2226 1418 2286 ex'
1438 2223 1543 2284 calculo
1563 2221 1687 2282 Paschsli

942 2339 1033 2386 eontra
1045 2321 1272 2403 computationem
1286 2318 1362 2377 illam
1376 2316 1454 2376 liceat
1466 2315 1618 2376 decernere.

982 2417 1046 2475 Haec
1061 2414 1096 2473 de
1109 2412 1245 2494 prioribus
1259 2410 1346 2470 tribus
1360 2421 1453 2467 eontra
1466 2405 1578 2471 Judeos
1597 2406 1687 2466 homi·
1714 2428 1842 2474 uberans·

942 2510 1002 2584 1515,
1017 2528 1077 2587 quae
1089 2503 1240 2586 Septembri
1250 2501 1314 2561 anni
1326 2500 1386 2560 586
1399 2499 1497 2557 habite
1512 2512 1593 2571 sunt,
1614 2498 1686 2558 dieta
1697 2492 1841 2611 :gaalz

943 2613 1031 2663 sunto.
1044 2604 1193 2676 Antequam
1205 2615 1270 2656 vero
1283 2592 1405 2672 quinque
1412 2604 1552 2669 sequentes
1561 2610 1686 2671 pronun·
1698 2618 1758 2662 mg,

945 2691 1034 2766 tiaret,
1046 2690 1148 2750 librum
1159 2700 1252 2747 contra
1265 2683 1375 2748 ludaeos
1389 2697 1471 2760 atque
1481 2682 1687 2756 Gentilesemi·
1778 2752 1780 2756 ¹

945 2783 979 2842 sit
999 2782 1206 2864 longissimum,
1228 2797 1315 2856 neque
1337 2777 1364 2836 in
1386 2775 1527 2836 conciones
1542 2775 1687 2837 divisume

943 2898 1024 2956 quem
1036 2897 1071 2936 an
1085 2894 1212 2952 umquam
1227 2871 1317 2952 palam
1330 2882 1357 2930 et
1370 2880 1502 2950 prasente
1512 2868 1613 2948 populo
1626 2891 1677 2950 pro

945 2968 1076 3029 nuntiarit
1089 2967 1218 3026 incertum
1232 2976 1282 3023 est.
1294 2960 1352 3024 Sed
1366 2973 1470 3023 certum
1484 2958 1595 3019 videtur
1608 2960 1688 3022 emis-

945 3083 1006 3123 som
1017 3063 1100 3122 luisse
1109 3060 1212 3119 librum
1224 3070 1286 3117 aute
1297 3053 1483 3137 Septembrem
1494 3051 1558 3110 anui
1568 3054 1628 3116 387
1637 3099 1648 3133 ‚
1658 3069 1689 3115 ur

945 3155 1073 3240 pluribus
1086 3153 1114 3213 in
1127 3149 1233 3214 Monito
1243 3159 1477 3207 commonstretur.

985 3250 1016 3308 ln
1031 3249 1082 3309 hoc
1095 3265 1176 3328 opere
1189 3242 1305 3324 plurima
1324 3238 1394 3298 scitu
1409 3235 1569 3316 dignissima
1583 3256 1689 3297 memo-

946 3356 1058 3416 rantur,
1071 3359 1131 3419 qun
1141 3357 1194 3397 non
1206 3335 1267 3394 licet
1279 3331 1386 3392 silentio
1398 3328 1611 3410 pretermittere.
1624 3329 1689 3409 Agi.

946 3449 992 3494 tur
1001 3433 1047 3493 hic
1057 3430 1093 3491 de
1104 3428 1247 3489 divinitate
1260 3422 1361 3485 Christi
1371 3467 1380 3496 ,
1390 3428 1472 3501 quam
1486 3421 1608 3480 Anomoei
1622 3421 1688 3480 elii-

944 3546 999 3606 que
1024 3543 1115 3585 omues
1141 3517 1234 3579 Ariani
1257 3515 1301 3574 vel
1323 3514 1552 3594 negabant,cum
1566 3511 1688 3574 dicerent

946 3616 1086 3678 Christum
1112 3616 1201 3673 mum
1224 3607 1335 3689 quidem
1361 3625 1442 3679 esse,
1467 3604 1517 3664 sed
1542 3625 1596 3664 non
1625 3627 1687 3668 sere

945 3711 1051 3784 Deum;
1068 3708 1169 3770 veloce
1181 3715 1286 3764 tautum
1300 3713 1377 3761 tenus
1388 3697 1586 3759 confitebantur
1599 3742 1609 3771 ,
1623 3719 1689 3759 eum

944 3800 1026 3861 illurn
1045 3798 1205 3881 simpliciter
1227 3796 1316 3854 Deum
1339 3790 1493 3851 vocabant:
1509 3788 1597 3851 Judaei
1620 3811 1692 3853 vero·

944 3907 1025 3972 atque
1044 3891 1157 3972 gentiles
1169 3889 1270 3966 absque
1288 3885 1346 3944 ullo
1356 3896 1566 3964 temperamento
1579 3883 1687 3964 rejicie-

943 3983 1020 4046 bant.
1042 3983 1157 4045 Orditur
1175 3993 1265 4039 atatem
1280 3976 1410 4038 discusse
1423 3976 1525 4035 librum
1535 3976 1610 4036 huuc
1623 3977 1686 4038 bre·

943 4080 1019 4138 riore
1038 4076 1208 4153 laeilioreque
1220 4071 1292 4152 stylo
1308 4068 1468 4129 concinnare
1477 4080 1529 4141 ,ut
1542 4067 1586 4129 rel
1599 4069 1685 4128 ancil·

941 4172 1046 4247 larsem,
1059 4169 1223 4242 viduarum,
1234 4176 1375 4223 nautarum
1386 4157 1582 4239 ,agricolarum
1591 4162 1684 4241 captui
1697 4168 1700 4173 '

942 4263 1169 4325 accommodatior
1184 4270 1260 4318 esset.
1272 4255 1343 4313 Hine
1354 4265 1446 4312 eontra
1460 4250 1572 4329 gentiles
1591 4251 1687 4312 Euan..

941 4357 1005 4440 gelii
1018 4355 1155 4415 veritatem
1173 4349 1270 4432 probat
1281 4343 1372 4424 ,quod
1390 4341 1610 4423 oppugnantibus
1621 4341 1687 4403 licet

940 4449 1095 4511 nationibus
1113 4442 1258 4515 universis,
1277 4460 1325 4520 per
1345 4449 1430 4497 totum
1449 4433 1542 4494 orbem
1560 4454 1683 4514 parvm.

939 4546 992 4621 rit;
1007 4544 1043 4602 ita
1058 4554 1088 4600 ut
1099 4540 1127 4598 in
1144 4533 1253 4597 Perside
1267 4549 1375 4610 quoque
1386 4573 1395 4602 ‚
1405 4526 1453 4586 uhi
1468 4539 1620 4607 martyrum
1639 4526 1685 4585 in.

941 4657 1005 4718 gens
1027 4650 1155 4696 numerus
1178 4640 1249 4699 erat,
1263 4619 1418 4700 evangeliea
1432 4615 1588 4699 predicatio
1601 4616 1682 4677 llere

940 4744 989 4791 ret.
1014 4725 1115 4787 Christi
1129 4722 1274 4782 adveutum
1295 4735 1348 4774 non
1372 4710 1453 4771 modo
1470 4709 1682 4790 praenuntiatum

939 4824 1022 4883 luisse
1034 4818 1121 4889 dicit,
1136 4813 1183 4874 sed
1205 4812 1286 4872 etiam
1300 4807 1432 4867 adventus
1451 4801 1564 4861 modum
1577 4812 1683 4878 ergen-

939 4915 1009 4975 tium
1032 4928 1192 4972 concursum
1205 4903 1241 4964 ad
1261 4900 1344 4961 tidem
1364 4891 1566 4974 suscipiendam
1575 4914 1585 4966 ;
1600 4891 1638 4951 ita
1651 4904 1682 4951 ut

939 5008 1012 5071 orbis
1022 5007 1079 5088 jam
1091 5015 1164 5063 totus
1175 4998 1203 5057 in
1218 4992 1353 5055 Bethleem
1365 4987 1497 5057 confluat,
1509 4997 1540 5042 ut
1550 4982 1682 5053 natabunt

939 5104 1032 5165 locum
1048 5107 1198 5159 veneretur.
1218 5085 1327 5151 Judaeos
1339 5095 1427 5141 tamen
1447 5076 1539 5136 adhuc
1561 5074 1682 5154 ingratos

940 5212 1061 5263 manere,
1076 5186 1145 5248 utin
1160 5179 1253 5242 multis
1270 5174 1419 5254 Scripturae
1430 5167 1497 5228 locis
1513 5165 1685 5249 prediceba-

941 5300 995 5347 tur.
1022 5280 1198 5364 sepulturam
1221 5288 1328 5352 quoque
1351 5262 1454 5325 Christi
1477 5261 1687 5343 praenuntiatum
