3750 6052
1635 540 1700 615 135

156 690 247 756 simile
260 702 300 751 est
311 686 468 956 :an
485 686 611 751 &cunda
620 687 692 751 enim
701 687 748 749 die
758 673 898 768 sequ'emi,
954 689 1064 749 tortasse
1073 701 1167 762 erant,
1181 686 1274 769 quiad
1288 689 1406 771 primam
1418 688 1611 751 istiusmensis
1624 688 1697 751 diem

688 565 779 614 NUNC
802 563 933 615 Pttttttllt
961 562 1157 613 hDOllNth.

157 781 391 845 leriaseilioetsee
482 795 508 842 et
530 780 688 864 primajdiei
699 782 899 865 jejunii,dieta
954 795 1089 842 notantur.
1105 785 1208 844 Verum
1225 780 1350 844 Quen
1363 797 1394 842 ut
1407 804 1463 847 rem
1482 783 1649 864 exploratam
1672 799 1698 844 et

155 876 229 950 luit3
252 875 331 935 tertie
349 873 414 934 teris
436 873 514 935 tertia
523 877 542 956 ,ξ
552 889 649 955 quarta
668 874 715 935 die
738 874 896 954 insequenti.
916 866 919 871 ¹
954 874 1190 936 certarn'damns:
1205 897 1266 935 eum
1288 876 1406 937 maxime
1427 876 1581 955 ignoremus
1604 890 1696 936 utrum

157 967 257 1048 Sioque
276 967 394 1047 reliquas
414 987 507 1027 omnes
531 967 647 1046 siugulis
676 967 772 1028 diebus
794 966 900 1029 habitas
954 969 1005 1029 hoc
1029 967 1225 1028 Kalendarium
1248 983 1313 1029 tuuc
1340 965 1470 1049 temporis
1495 964 1645 1028 Antiochiae
1667 969 1695 1029 in

156 1061 241 1137 frume
250 1059 357 1123 credere
369 1060 489 1140 est,lioet
501 1059 528 1119 id
539 1081 593 1120 non
604 1059 900 1143 significetChrysosto-
954 1081 1005 1121 usu
1020 1073 1087 1121 esset
1095 1104 1104 1135 ,
1119 1080 1167 1119 nec
1181 1060 1296 1121 suemus
1311 1074 1403 1121 utrum
1418 1059 1476 1119 ludi
1489 1082 1581 1121 omnes
1592 1061 1694 1123 circen-

157 1175 240 1232 mus,
254 1153 308 1215 nisi
319 1154 387 1233 Iorte
401 1174 437 1214 ex
449 1152 587 1214 occasione
600 1151 717 1232 quadam
730 1151 805 1212 alind
817 1172 900 1232 argu·
953 1153 1024 1215 sium
1037 1174 1133 1214 eursru
1146 1151 1313 1214 exhiberent.
1327 1153 1453 1213 Poterant
1469 1154 1532 1213 item
1550 1153 1610 1213 ludi
1623 1154 1695 1214 cele-

157 1261 281 1308 mentum
304 1245 473 1309 tractandum
485 1259 647 1311 occurreret.
665 1245 775 1306 Certum
798 1245 900 1326 quippe
953 1246 1028 1306 brari
1042 1260 1168 1306 consueto
1179 1245 1283 1307 ordine.
1299 1248 1358 1306 lmo
1370 1246 1449 1306 etiam
1462 1245 1695 1319 ludiannotantur

157 1355 198 1402 est
218 1338 350 1422 populum
372 1338 495 1419 quotidie
516 1339 546 1399 in
565 1337 705 1399 ecclesiam
728 1337 898 1413 convenisse,
952 1337 989 1398 sd
1002 1337 1193 1399 duodecimam
1208 1338 1290 1398 diem
1313 1339 1474 1414 Februarii,
1488 1338 1600 1429 perinde
1614 1355 1695 1421 atque

157 1432 432 1514 Chryscstomumque
457 1429 690 1512 singulisssdiebus
713 1430 898 1492 concionatum
951 1429 985 1490 ed
1007 1430 1193 1506 undecimam
1206 1430 1245 1491 ita
1264 1446 1386 1505 ut,cum
1402 1432 1610 1513 Chrysostomus
1630 1434 1693 1493 abs-

154 1543 220 1588 esse.
233 1522 338 1585 Εοὰιιιι
350 1523 432 1584 etiam
448 1525 476 1585 in
491 1522 618 1585 Genesim
634 1537 791 1605 argumento
805 1543 898 1605 perge·
952 1536 1035 1585 terret
1049 1546 1094 1585 eos
1116 1522 1163 1603 qui
1184 1523 1255 1584 circo
1268 1523 1409 1585 adsuerant
1420 1570 1429 1603 ,
1442 1523 1568 1584 videatur
1586 1547 1694 1586 monem

155 1617 204 1676 bat
219 1608 333 1679 sabbato
345 1631 373 1679 et
385 1616 529 1677 Dominica
540 1661 549 1692 ,
561 1616 624 1676 lieet
638 1616 671 1676 iis
681 1615 778 1676 diebus
792 1636 844 1677 nnn
856 1617 897 1697 je·
951 1616 1091 1694 debuisse,
1104 1620 1225 1698 sequenti
1235 1616 1280 1676 die
1294 1617 1465 1699 exploratum
1485 1618 1541 1678 lore
1555 1639 1620 1678 num
1632 1640 1693 1678 mo-

151 1711 311 1789 juuaretur:
323 1728 385 1770 narn
394 1708 536 1770 undecima
546 1709 659 1769 bomilia
670 1709 697 1768 in
707 1707 807 1769 horum
819 1709 899 1769 alter·
952 1711 1017 1771 nitis
1031 1712 1087 1773 suis
1098 1712 1335 1792 obtemperassent.
1348 1712 1454 1771 Verum
1465 1709 1483 1769 ii
1495 1755 1504 1786 ,
1521 1710 1568 1788 qni
1591 1710 1694 1770 duode-

155 1815 217 1862 utre
240 1801 286 1862 die
308 1798 382 1862 dicta
401 1802 462 1861 luit.
480 1800 599 1861 Humilia
619 1800 733 1881 quinta,
748 1815 840 1878 sexta,
854 1822 898 1861 se·
951 1804 1079 1865 eimedie
1091 1803 1305 1878 celebrabantur,
1315 1822 1369 1862 non
1382 1815 1457 1862 crant
1467 1802 1534 1862 torte
1546 1803 1692 1890 circenses:

153 1893 256 1974 ptime,
269 1906 383 1968 octava,
397 1900 484 1970 nona,
506 1892 686 1971 continenter,
704 1894 761 1954 suis
784 1915 898 1975 quasque
951 1916 1013 1956 nam
1039 1897 1078 1956 ilri
1103 1896 1296 1958 Calendarium
1318 1917 1372 1957 non
1394 1909 1486 1955 notum
1506 1896 1587 1956 lrabet
1608 1899 1690 1957 Corra.

153 1985 250 2047 diebus
261 2032 272 2060 ,
285 1986 384 2047 habitae
397 1988 516 2047 suerum.
535 1988 629 2066 Neque
641 1985 731 2047 dicere
750 1987 837 2069 possis
852 2008 897 2047 eas
950 1992 1103 2063 XXIIII,
1118 1988 1147 2048 id
1160 2004 1200 2050 est
1211 2034 1221 2064 ,
1235 1991 1425 2049 coneursum
1438 1991 1563 2049 XXIV:
1576 2011 1637 2068 quae
1650 1990 1739 2083 vi-¹¹⁷

152 2076 319 2158 adquinque
332 2078 390 2139 dies
397 2077 497 2162 jejunii
510 2078 634 2138 seeundae
646 2077 825 2140 hebdomadis
837 2099 896 2160 per·
950 2080 1030 2143 detur
1051 2081 1119 2141 mihi
1143 2102 1199 2141 esse
1222 2095 1283 2140 nota
1304 2080 1433 2140 ludorum
1457 2081 1625 2142 circensium.
1640 2082 1691 2143 llla

152 2171 256 2231 tinere:
269 2192 333 2231 nam
352 2170 456 2232 decima
472 2171 500 2230 in
520 2171 567 2239 die
576 2170 675 2252 jejunii
694 2170 766 2230 dicta
788 2171 856 2247 fnit,
869 2184 895 2231 et
950 2193 1058 2252 quoque
1074 2187 1136 2235 nota
1158 2173 1221 2235 Cm.
1245 2175 1391 2247 XXIIII,
1410 2186 1437 2232 et
1461 2175 1525 2234 Cm.
1539 2177 1622 2250 XII,
1634 2176 1693 2236 'oe-

143 2262 181 2321 in
195 2261 365 2323 hebdomada
377 2263 496 2342 quinque
509 2275 615 2323 tanturn
623 2262 720 2344 jejunii
733 2262 892 2324 disserant:
949 2266 1036 2326 currit
1054 2263 1090 2325 ad
1110 2286 1227 2338 nonam,
1241 2263 1401 2343 vigesimam
1410 2264 1574 2349 qrrintam3ct
1587 2268 1691 2347 vigesi-

155 2355 296 2416 undeeima
305 2378 369 2416 vero
378 2357 490 2416 sabbato
500 2355 574 2416 illius
583 2354 706 2417 mundae
716 2355 894 2418 hebdomadis
948 2378 1022 2418 mam
1036 2357 1177 2438 septimam
1192 2355 1355 2416 Februarii:
1369 2376 1463 2417 verum
1481 2354 1511 2416 hi
1531 2356 1588 2416 dies
1601 2379 1634 2418 ne
1647 2383 1694 2441 per·

157 2449 330 2528 pronuntiata
343 2464 392 2509 est.
405 2450 435 2511 Si
445 2470 508 2530 ergo
520 2448 646 2510 Humilia
658 2449 685 2509 in
693 2449 824 2511 Genesim
838 2449 895 2511 sin·
949 2460 1037 2509 totum
1045 2447 1156 2528 quidem
1168 2461 1275 2529 tempus
1287 2493 1295 2523 ,
1309 2468 1363 2527 quo
1375 2449 1519 2530 presbyter
1531 2448 1585 2509 luit
1603 2451 1694 2533 Chry-

151 2542 223 2623 gulis
244 2540 342 2602 diebus
362 2563 416 2603 una
432 2542 499 2602 serie
518 2542 619 2602 habite
639 2541 761 2619 suerint,
779 2542 808 2602 id
822 2542 895 2623 quod
949 2556 1100 2620 sostomus,
1113 2541 1142 2602 in
1164 2542 1259 2602 leriam
1280 2553 1384 2601 sextam
1400 2541 1495 2622 primae
1517 2541 1694 2604 hebdomadis

152 2635 223 2696 circa
242 2655 292 2694 sex
310 2633 405 2694 saltem
423 2633 525 2716 priores
542 2634 652 2694 omnino
670 2632 822 2695 'verisimile
836 2648 894 2712 est,
948 2635 1168 2715 Quadragesimae
1181 2633 1313 2694 incidunt.
1331 2633 1380 2693 llla
1395 2647 1458 2693 nota
1474 2636 1539 2694 Cm.
1563 2636 1600 2695 ad
1636 2638 1693 2697 ulti·

150 2741 227 2786 sexta
241 2725 334 2804 utique
346 2725 412 2786 seria
430 2739 505 2786 sexta
518 2726 612 2807 prime
626 2724 806 2787 hebdomadis
820 2728 895 2803 Qua·
948 2746 1022 2786 marn
1036 2725 1178 2786 Februarii
1191 2746 1245 2786 non
1261 2725 1390 2806 ponitur,
1405 2745 1458 2804 qno
1472 2725 1554 2786 etiarn
1567 2659 1693 2789 excludi·

148 2818 306 2900 dragesimae
321 2817 492 2900 pronuntiata
506 2817 594 2878 fuerit.
949 2831 995 2879 tur
1005 2839 1091 2879 annus
1105 2822 1174 2881 396.

192 2938 207 2968 e
219 2914 250 2972 ln
264 2925 341 2972 sexta
355 2911 468 2972 homilia
482 2911 693 2993 chrysostomus
705 2912 828 2994 queritur
842 2914 896 2973 hn·
991 2913 1072 2973 «illio
1080 2913 1145 2974 item
1158 2926 1319 2995 argumento
1331 2911 1493 2975 abducimur
1506 2935 1540 2974 ne
1552 2914 1617 2975 anni
1626 2918 1693 2983 396,

151 3004 397 3080 tiochenns,'nrrlla
414 3004 634 3082 quotidianarum
652 3006 891 3080 adhortationum,
948 3027 1029 3086 quem
1050 3006 1235 3086 assignamus,
1263 3019 1339 3067 notas
1359 3027 1416 3066 esse
1437 3020 1522 3067 certas
1543 3020 1690 3089 putemus:

149 3098 225 3158 nulla
240 3096 661 3178 Quadragesimalispoenitentiae
670 3098 772 3159 ratione
782 3098 890 3172 habita,

150 3190 216 3252 circi
236 3190 309 3250 ludis
329 3190 491 3250 interfuisse.
502 3188 539 3249 lli
563 3188 741 3251 hauddubie
764 3191 893 3252 circenses

150 3283 212 3344 ludi
225 3283 327 3342 'eadem
345 3283 405 3363 ipsa
430 3281 475 3341 die
493 3280 620 3342 celebrati
644 3283 748 3343 sumant
759 3308 769 3363 3
782 3303 843 3343 uam
864 3284 891 3343 in

152 3374 364 3455 Quadragesima
385 3372 537 3454 vespertino
555 3387 675 3454 tempore
691 3374 832 3435 conciones
845 3373 893 3434 ha·

150 3467 302 3527 bebantur:
324 3464 396 3525 unde
415 3465 542 3544 consequi
566 3463 677 3525 videtur
696 3465 769 3524 hune
792 3487 893 3526 annum

150 3582 206 3622 esse
216 3575 263 3621 aut
280 3559 336 3619 395
346 3572 393 3618 aut
406 3559 474 3620 396.
490 3555 687 3617 Kalendsrium
705 3557 777 3617 enim
789 3560 892 3618 Rema-

150 3677 216 3717 num
233 3653 314 3714 ludos
334 3653 425 3713 nullos
443 3651 563 3732 assignat
583 3650 661 3710 initio
677 3650 776 3711 mensis
789 3651 892 3711 Martii.

150 3747 223 3809 Ludi
233 3747 334 3828 qnippe
348 3744 488 3817 Gotthiei,
503 3744 577 3822 quia
590 3756 687 3823 quarta
701 3743 843 3805 Februarii
857 3743 893 3803 ad

148 3861 248 3901 nonam
261 3839 446 3907 habebantur,
457 3857 511 3897 uon
530 3836 576 3895 hic
588 3856 604 3896 a
616 3834 809 3916 Chrysostomo
820 3859 893 3898 eom-

150 3948 342 3999 memorantur.
357 3933 462 3995 Verum
475 3925 534 3988 ludi
546 3926 638 3987 adhue
650 3927 823 4009 assignantur
836 3951 891 3990 ιιιι-

149 4030 253 4091 decima
265 4018 425 4097 Februarii,
446 4043 505 4100 quae
519 4041 589 4081 auno
605 4020 662 4081 395
679 4022 816 4082 concurrit
829 4043 891 4086 cunr

149 4124 215 4182 seria
239 4133 315 4180 sexta
334 4117 431 4200 prime
458 4112 638 4174 hebdomadis
652 4111 891 4194 Quadragesirnae,

151 4214 215 4294 quia
229 4211 332 4272 Pascha
346 4208 424 4269 istius
437 4206 501 4266 anni
515 4205 611 4266 incidit
628 4205 656 4264 in
678 4205 838 4286 vigesimam
849 4231 893 4269 se-

151 4308 267 4390 ptimam
288 4301 392 4363 Martii.
411 4303 582 4360 Annotantur
595 4298 677 4358 etiam
690 4297 751 4358 ludi
773 4298 807 4359 ad
828 4301 892 4361 ulti-

150 4421 224 4463 mam
235 4393 376 4457 Februarii
386 4437 395 4470 ,
408 4391 438 4450 id
449 4388 523 4470 quod
533 4388 569 4450 ad
580 4410 683 4449 annuus
698 4392 757 4453 396
770 4393 891 4473 pertine-

150 4517 179 4556 re
193 4504 296 4576 potest,
317 4510 388 4567 quo,
403 4505 465 4546 cum
488 4482 592 4544 Pascha
615 4481 745 4543 incideret
767 4484 796 4544 in
821 4485 893 4546 deci·

151 4608 224 4648 mam
245 4583 354 4646 tertiam
376 4577 480 4660 Aprilis
493 4622 502 4652 ,
514 4575 644 4657 vigesima
662 4595 733 4634 nona
752 4578 893 4638 Februarii

105 4706 112 4713 ·
151 4677 326 4738 concurrebat
340 4695 402 4734 eum
414 4670 479 4731 feria
499 4683 574 4730 sexta
597 4668 693 4750 primae
715 4667 893 4732 hebdomadis

949 3099 1024 3178 quod
1035 3097 1162 3158 videlicet
1172 3119 1225 3159 non
1237 3099 1347 3160 omnino
1359 3099 1530 3180 exploratum
1542 3100 1576 3159 sit
1589 3114 1692 3161 sextam

947 3191 1090 3252 homiliam
1110 3190 1177 3251 feria
1197 3205 1274 3251 sexta
1286 3190 1408 3251 habitam
1423 3191 1513 3252 luisse.
1536 3191 1606 3253 Cum
1620 3194 1692 3254 cniru

948 3283 1090 3344 undecima
1101 3283 1213 3344 sabbato
1226 3281 1349 3343 aecundae
1363 3282 1540 3343 hebdomadis
1555 3283 1628 3344 haud
1640 3285 1694 3345 tlu-

947 3374 992 3434 bie
1000 3372 1072 3433 dieta
1082 3375 1173 3447 luerit,
1182 3395 1217 3434 ex
1224 3373 1354 3433 tredecim
1364 3372 1577 3454 precedentibus
1585 3374 1692 3451 diebus,

947 3466 1131 3547 incipiendus
1145 3460 1290 3526 Dominiea
1304 3479 1365 3525 ante
1384 3464 1642 3546 Quadragesimam,
1663 3469 1692 3529 in

947 3583 1000 3642 qua
1008 3560 1095 3642 prima
1107 3558 1219 3620 homilia
1232 3557 1323 3618 habita
1335 3558 1396 3633 luit,
1407 3573 1461 3618 tres
1471 3558 1618 3619 certissime
1625 3559 1692 3634 dies,

947 3667 996 3713 aut
1017 3653 1143 3714 concione
1156 3651 1236 3711 vacui
1249 3651 1341 3726 fuere,
1358 3664 1405 3711 aut
1420 3650 1559 3711 conciones
1573 3653 1692 3715 habuere

947 3744 1073 3806 adalind
1086 3757 1275 3824 argumentum
1290 3742 1466 3824 pertinentes,
1481 3744 1524 3805 vel
1536 3743 1559 3803 si
1571 3744 1692 3827 ejusdem

947 3837 1102 3918 argumenti
1120 3836 1220 3896 luerint
1230 3881 1241 3914 ,
1264 3848 1335 3897 certe
1350 3836 1408 3915 jam
1426 3832 1589 3916 deperditas.
1608 3840 1692 3918 Atqui

947 3945 1001 3993 tres
1014 3931 1056 3991 illi
1070 3929 1129 3991 dies
1144 3927 1249 3990 nonnisi
1263 3941 1325 3987 ante
1339 3926 1473 4005 quintam,
1487 3927 1530 3987 vel
1545 3927 1689 3997 decimam.

946 4024 990 4086 rel
1005 4022 1176 4083 undecimam
1198 4019 1279 4083 statui
1294 4032 1424 4102 possunt,
1445 4019 1508 4100 quia
1523 4022 1581 4081 aliae
1599 4044 1691 4084 omnes

947 4115 1112 4177 continenter
1129 4127 1156 4174 et
1174 4135 1227 4175 uua
1248 4111 1354 4172 dierum
1369 4112 1438 4172 serie
1459 4112 1537 4174 dictae
1551 4132 1623 4179 sunt.
1645 4120 1688 4179 Es

947 4207 1021 4268 hisce
1033 4228 1115 4289 porro
1135 4206 1222 4267 tribus
1236 4227 1306 4265 unus
1317 4204 1412 4264 saltem
1427 4205 1496 4265 inter
1510 4207 1645 4270 decimam
1665 4227 1692 4271 et

947 4301 1117 4362 undecimam
1137 4297 1341 4359 constituendus
1356 4323 1362 4354 :
1377 4300 1423 4375 qui
1440 4299 1512 4358 enim
1533 4304 1623 4380 pransi
1639 4304 1690 4363 de-

947 4393 1024 4472 cime
1037 4391 1179 4452 adfuerant
1185 4435 1196 4463 ,
1218 4410 1269 4449 non
1284 4389 1380 4452 leriam
1393 4402 1519 4462 sextam,
1542 4407 1572 4452 ut
1585 4396 1693 4456 credere

947 4480 998 4562 est,
1013 4485 1182 4565 delegerunt,
1197 4496 1227 4541 ιιι
1237 4480 1371 4563 jejunium
1385 4481 1550 4544 solverent.»

988 4577 1123 4637 Hactenus
1145 4574 1339 4635 Tillemontius
1353 4598 1360 4632 a
1374 4574 1422 4641 ubi
1444 4575 1570 4638 observes
1591 4597 1691 4659 quanto

949 4669 1040 4729 labore
1052 4690 1084 4728 ae
1098 4668 1188 4728 studio
1202 4668 1243 4726 uti
1256 4665 1340 4740 solet,
1357 4666 1419 4727 illas
1429 4671 1558 4751 tcg‘nporis
1569 4686 1645 4735 notas
1658 4677 1693 4736 sit

152 4766 381 4846 Quadragesimae.
401 4766 448 4825 Ex
460 4761 520 4822 istis
530 4781 595 4822 vero
607 4758 716 4821 duobus
729 4762 807 4823 annis
820 4779 893 4825 ante·
948 4774 1144 4843 persequutus,
1162 4772 1315 4838 quantaque
1328 4758 1474 4840 prudentia
1491 4783 1507 4821 a
1518 4764 1625 4844 judicio
1641 4770 1692 4828 ab·

152 4856 294 4920 serendum
317 4855 443 4917 ducimus
466 4874 568 4933 annu-m
594 4853 669 4931 395,
686 4854 750 4933 quia
765 4869 893 4936 putamus
947 4855 1034 4916 solute
1057 4851 1165 4913 ferendo
1178 4850 1320 4913 abstineat.
1340 4852 1438 4913 Contra
1454 4854 1530 4915 illem
1548 4878 1612 4918 vero
1626 4881 1690 4919 sen-

152 4952 376 5034 Chrysostomum
389 4968 459 5008 anno
472 4920 677 5010 396'ltomitias
685 4945 720 5007 de
733 4948 893 5010 Prenitcntia
948 4947 1079 5023 tentiam,
1101 4966 1184 5026 quarn
1201 4944 1248 5005 ille
1270 4943 1374 5004 haerens
1392 4959 1418 5005 et
1437 4946 1618 5009 subdubitans
1631 4973 1688 5012 am-

151 5043 290 5108 habuisse.
314 5040 422 5116 Quibus
444 5039 482 5099 ita
503 5039 656 5100 constitutis
677 5039 738 5100 ludi
764 5040 893 5103 circenses
947 5039 1091 5122 plectitur,
1111 5038 1159 5099 alii
1181 5052 1209 5098 et
1221 5037 1334 5097 sortasm
1348 5038 1461 5118 majores
1481 5024 1602 5120 possunt
1613 5063 1691 5103 scru-
1810 5034 1814 5043 ’

151 5137 206 5215 illi,
213 5134 249 5196 de
258 5134 358 5214 quibus
367 5131 490 5211 queritur
501 5131 710 5214 chrysostomus
721 5134 834 5195 homilia
843 5141 892 5211 tt,
949 5131 1008 5214 puli
1022 5131 1144 5212 proferri.
1159 5128 1356 5191 Kalendarirrm
1371 5128 1444 5189 enim
1458 5128 1529 5191 illud
1540 5135 1693 5217 Romanum

152 5252 214 5311 quas
226 5228 316 5288 tribus
328 5238 389 5308 post
402 5224 574 5284 Pentecosten
587 5224 802 5287 hebdomadibus
816 5228 893 5289 habi·
950 5223 1118 5286 Constantini
1132 5224 1235 5303 Magni·
1246 5243 1316 5282 anno
1336 5224 1394 5283 525
1409 5269 1418 5300 ,
1441 5236 1472 5282 ut
1485 5223 1571 5284 sertur
1583 5225 1610 5285 in
1626 5227 1691 5288 titu-

154 5339 180 5385 ta
193 5335 249 5395 est,
265 5319 365 5387 idest,
380 5317 450 5377 forte
463 5313 573 5375 sabbato
598 5316 618 5374 d
631 5317 726 5392 Junii,
744 5318 767 5377 si
782 5341 844 5381 vere
854 5320 896 5380 di·
950 5321 988 5397 lo,
1004 5318 1109 5380 editum
1122 5331 1148 5378 ct
1158 5338 1174 5377 a
1185 5317 1296 5378 Petario
1305 5312 1475 5397 publicatum
1487 5316 1514 5377 in
1527 5320 1693 5403 Uranplogio

152 5427 194 5476 cta
208 5413 243 5477 eit
261 5433 331 5473 anno
347 5410 404 5473 395
414 5431 423 5484 ς
434 5405 514 5486 ludi,
531 5406 661 5485 inquam,
679 5409 831 5487 circenses,
854 5412 894 5472 illi
953 5436 981 5495 p.
1000 5415 1077 5491 tlh,
1092 5421 1223 5473 incertum
1237 5422 1277 5471 est
1289 5429 1323 5468 an
1337 5406 1407 5471 idern
1423 5410 1549 5471 manserit
1562 5412 1596 5473 ad
1611 5437 1695 5495 usque
