3750 6052
612 597 658 643 DE
682 595 713 643 S.
734 591 867 646 toruus
892 589 1078 651 CHRYSOST·
1098 616 1101 617 ν

85 763 1634 808 m

420 961 559 1037 Synodus
572 959 714 1019 adversus
726 966 862 1018 sanctum
873 955 1023 1014 Ioannem
1034 955 1135 1033 ιἰνὶραα
1148 953 1283 1015 collecta.

103 1154 264 1234 Ἀνεχνόισθη
277 1153 383 1214 συνόδου
402 1157 450 1225 τῆς
471 1150 632 1233 παρανόμως
650 1147 720 1210 κατόν
740 1154 786 1208 τοῦ
804 1143 882 1246 off>
931 1145 1012 1204 Lecta
1026 1157 1090 1203 sunt
1100 1157 1159 1204 acta
1173 1144 1280 1227 Synodi
1293 1166 1353 1225 que
1367 1145 1497 1208 adversus
1511 1163 1634 1209 sanctum

65 1248 148 1326 ἁγίοις
164 1246 286 1306 Ἰωάννου
314 1253 361 1306 τοῦ
385 1243 576 1326 Χροσοοτόμου
600 1236 833 1323 ουχκροτηθείσης.
890 1238 1023 1298 loannem
1040 1237 1264 1318 chrysostomum
1284 1237 1377 1316 inique
1395 1238 1506 1299 collecta
1525 1241 1586 1302 fuit.
1602 1243 1633 1300 ln

65 1342 115 1398 Ἐν
129 1330 148 1417 ᾖ
163 1342 281 1417 ὑπῆρχον
299 1337 477 1416 κατάρχοντες
499 1334 629 1415 Θεόριλός
641 1356 671 1392 τε
688 1329 834 1399 όἈλεξαν·
892 1349 944 1406 qua
959 1328 1086 1408 praesides
1101 1328 1246 1388 adsuerunt
1260 1329 1431 1411 Theophilus
1447 1332 1631 1406 Alexandriae,

66 1429 166 1511 δρείος,
183 1429 328 1496 Ἀκάκιοςδ
343 1426 485 1508 Βερροίας,
500 1426 631 1507 Ἀντίοχος
648 1430 663 1485 δ
682 1420 836 1501 Πτολεμαί-
891 1421 1005 1479 Aeacius
1018 1421 1170 1498 Berrhoeae‚
1184 1421 1333 1482 Antiochus
1347 1424 1538 1500 Ptolemaidis,
1551 1429 1633 1489 Seue·

66 1525 119 1597 δος,
134 1524 205 1582 salt
220 1521 381 1602 Σεάηριανδς
395 1519 595 1590 Γαὸαλων,καλ
611 1516 836 1599 ΚυρῖνοςόΚαλ-
891 1511 984 1573 rianus
998 1514 1167 1575 Gabalotum
1184 1528 1210 1574 et
1231 1514 1350 1595 Cyrinus
1373 1517 1568 1596 Chalcedonis,
1584 1521 1634 1599 qui

65 1615 190 1694 χηδόνυς,
203 1616 227 1671 οἱ
239 1612 273 1672 τὰ
287 1611 405 1689 μάλιστα
419 1612 555 1690 δυσμενῶς
576 1608 680 1690 ίχοντες
702 1609 772 1688 πρὸς
791 1606 836 1667 τόν
892 1606 987 1667 infesto
999 1607 1027 1666 in
1039 1606 1120 1667 illum
1129 1607 1220 1667 animo
1238 1628 1301 1667 cum
1316 1611 1512 1683 essent,simul
1524 1613 1635 1689 omnia,

66 1705 163 1784 ἄνδρα·
177 1704 203 1764 οἳ
220 1704 277 1782 όμα
290 1703 378 1763 πάντα
396 1704 442 1763 καί
460 1701 549 1784 κριταὶ
570 1700 616 1762 καί
632 1699 774 1779 κατήγοροι
792 1697 838 1758 καὶ
855 1706 874 1753 Β
892 1699 1034 1778 etjudices
1048 1713 1075 1760 et
1085 1712 1251 1760 accusatores
1261 1714 1287 1759 et
1304 1714 1381 1761 testes
1394 1716 1478 1762 erant.
1489 1704 1635 1766 Tredecim

67 1794 198 1877 μάρτυρες
217 1788 295 1869 ἦσαν.
308 1796 357 1855 Ἐν
378 1793 552 1873 ὑπομνήμασι
571 1792 599 1853 δέ
616 1798 700 1852 ταῦτα
716 1788 838 1872 ἐπράχθη
893 1790 952 1850 haec
974 1791 1125 1852 actionibus
1146 1805 1254 1873 peracta
1273 1807 1352 1870 sunt3
1372 1793 1517 1855 duodecim
1538 1817 1637 1880 nempe

68 1887 132 1947 δίκα
148 1889 214 1969 πρδς
230 1894 285 1955 τοῖς
297 1884 392 1967 τρισίν·
405 1886 474 1946 ἀλλὰ
485 1883 521 1945 :t
532 1884 579 1964 μὲν
593 1885 640 1944 δύο
649 1883 695 1943 καί
707 1883 771 1943 δέκα
784 1887 837 1942 κα-
894 1898 985 1943 υοειιιε
998 1897 1120 1945 sanctum
1133 1882 1245 1956 virum,
1257 1883 1361 1945 decima
1374 1887 1526 1948 tectiorem
1543 1904 1635 1952 contra

66 1977 101 2038 τὰ
113 1983 160 2036 τοῦ
172 1977 256 2059 ἁγίου,
268 1979 298 2041 τδ
307 1977 336 2039 δέ
345 1978 402 2058 τρίς
414 1979 460 2038 καί
473 1977 582 2038 δέκατον
590 1975 710 2056 περιέχει
721 1974 756 2035 rh
767 1973 838 2034 κατὰ
893 1975 1078 2053 Heraclidem,
1091 1997 1172 2056 quem
1187 1986 1302 2036 sanctus
1310 1978 1353 2037 vir
1363 1977 1464 2059 Ephesi
1478 1982 1636 2064 episcopum

67 2071 260 2152 Ἡρακλείδου,
275 2077 320 2130 τοῦ
344 2075 380 2138 εἰς
393 2070 507 2150 Ἔρεσον
529 2071 575 2129 ὑπ’
588 2071 667 2129 αὐτοῦ
688 2088 840 2147 χειροτονη·
895 2069 1087 2129 ordinaverat:
1106 2068 1189 2148 hujus
1202 2082 1291 2128 tamen
1306 2069 1500 2150 depositionem
1516 2074 1637 2136 validam

67 2163 168 2231 θέντος·
181 2156 262 2244 οὗπερ
281 2163 339 2223 οὐδὲ
360 2161 409 2234 τήν
425 2159 576 2241 καθαίρεσιν
598 2160 709 2240 ίσχυσαιι
730 2160 840 2218 τελειῶ-
894 2158 1023 2234 reddere,
1037 2159 1099 2220 aliis
1112 2158 1320 2240 prohibentibus
1332 2207 1340 2235 ,
1352 2183 1404 2221 non
1419 2153 1573 2243 potnerunt.
1586 2167 1639 2227 lle-

67 2279 129 2331 σαι,
152 2257 248 2337 ἑτέρων
272 2259 351 2315 τινῶν
381 2253 570 2316 κωλυσάντων.
586 2250 621 2313 ‘0
644 2251 672 2312 δὲ
693 2252 840 2331 κατήγορος
894 2251 1005 2312 raclidis
1018 2267 1157 2313 accusator
1168 2252 1305 2311 Macarius
1318 2253 1430 2332 quidam
1441 2256 1505 2330 t‘nit,
1520 2260 1638 2338 Magne·

66 2348 261 2427 Ἦρακλεέδου,
278 2351 327 2418 τῆς
340 2350 493 2425 Μαγνητῶν
515 2345 616 2412 πόλεως
640 2343 783 2411 ἐπίσκοπος
806 2333 839 2415 ἦν
894 2361 952 2406 turn
970 2345 1112 2427 episcopus
1127 2369 1134 2402 ι
1149 2345 1221 2405 beati
1243 2367 1308 2405 vero
1327 2347 1439 2407 loannis
1450 2353 1460 2423 (
1471 2349 1637 2432 chrysosto-

65 2439 177 2516 ὀνόματι
198 2439 370 2520 Μακάριος·ό
387 2438 415 2500 δέ
428 2444 474 2498 τοῦ
489 2436 621 2517 μακαρίου
635 2435 759 2496 Ἰωάννου
769 2457 839 2514 προ·
894 2436 1055 2519 ιιιίίρειίειιι
1069 2437 1153 2497 hostis
1173 2438 1330 2518 primusque
1349 2454 1488 2501 accusator
1499 2444 1635 2522 loannes,
1757 2496 1764 2522 ,

67 2532 151 2611 ρανής
167 2533 258 2613 ἐχθρός
270 2532 316 2591 καί
332 2536 436 2611 πρῶτος
454 2530 601 2610 κατήγορος
613 2528 738 2600 Ἰωάννης
753 2532 768 2586 δ
782 2525 841 2587 διά-
893 2528 951 2608 ejus
969 2528 1109 2588 diaconus.
1125 2529 1276 2588 accusabat
1289 2544 1380 2591 autem
1393 2532 1635 2613 Chrysostomum:

67 2647 141 2691 κονος
157 2627 236 2683 αὐτοῦ
250 2615 294 2695 ήν.
310 2627 459 2706 Κοτηγάρει
478 2623 505 2682 st
518 2627 564 2681 τοῦ
577 2617 783 2701 Χρυσοπόμου,
798 2616 839 2677 ότι
855 2636 874 2685 c
894 2621 993 2702 primo,
1006 2620 1081 2700 quod
1094 2641 1122 2680 se
1139 2621 1259 2701 ejecisset
1271 2622 1352 2700 ,quia
1362 2622 1541 2686 domesticum
1555 2649 1636 2689 snum

66 2726 95 2775 τε
111 2716 188 2775 αὐτὸν
208 2715 333 2786 ἠδίκησεν
348 2715 474 2796 ἀφορίσας
488 2714 583 2787 αὐτὸν,
597 2710 665 2772 διότι
678 2710 723 2770 τὸν
743 2713 838 2771 οἰκεῖον
893 2715 1034 2781 Eulalium
1057 2736 1172 2796 puerum
1195 2731 1382 2796 percusserat:
1402 2720 1541 2797 secundo,
1560 2721 1636 2801 qnod

65 2808 149 2868 παῖδα
170 2807 301 2867 Εὖλάλιον
321 2806 410 2886 ίτυψε·
424 2805 541 2884 δεύτερον
552 2804 590 2878 δέ,
602 2803 645 2863 ότι
657 2801 783 2874 Ἰωάννης
797 2824 838 2870 τις
893 2811 1010 2870 loannes
1017 2806 1129 2886 quidam
1138 2809 1300 2881 Monachus,
1306 2809 1418 2890 jubente
1425 2811 1636 2894 chrysostomo,

66 2899 182 2978 μοναχὸς
204 2898 230 2966 ἐξ
249 2901 393 2978 ἐπιτροπῆς
408 2902 455 2956 τοῦ
475 2895 668 2976 Χρυσοστόμου
691 2892 837 2967 έτυπτήθη,
893 2900 1049 2960 verberatus
1060 2900 1198 2973 luisset,ut
1208 2899 1343 2976 aiebat,ac
1353 2917 1484 2983 raptatus,
1492 2906 1631 2987 ferreaque

65 2989 255 3069 ὥςρησι,καί
285 2988 384 3069 ἐσάρη,
408 2988 453 3048 καί
481 2987 548 3066 μετὰ
571 2989 624 3046 τῶν
649 2982 836 3061 δαιμονόιιιτων
892 3005 983 3051 catena
995 2990 1221 3051 daemoniacorum
1240 2991 1326 3052 instar
1345 2997 1526 3056 constrictus:
1542 3000 1633 3075 tertio,

64 3083 278 3164 ἕσσδηρσφόρησκ·
289 3081 393 3163 τρίτον,
407 3082 448 3141 ὅσῑ
462 3079 497 3139 :h
514 3079 642 3158 κσῑμίδῑσ
654 3080 754 3149 πλῆθος
769 3074 836 3136 πολὺ
891 3079 963 3163 quod
976 3083 1098 3165 pretiose
1107 3084 1282 3164 supellectilis
1293 3106 1419 3165 magnam
1432 3087 1637 3152 virnveudidis·

64 3172 399 3252 διέπρασε·τέταρτον,ότι
414 3172 448 3232 τό
462 3171 653 3253 μάρμαρατῆς
667 3167 743 3247 ἁγίας
757 3167 837 3227 ’Avu-
891 3187 949 3234 set:
967 3190 1079 3252 quarto,
1095 3173 1168 3252 quod
1192 3195 1328 3235 marmora
1350 3192 1448 3238 sanctae
1471 3184 1635 3257 Anastasia,

63 3264 184 3336 στασίας,
199 3264 217 3322 δ
230 3264 375 3343 Νεκτάρως
389 3267 426 3330 είς
440 3263 678 3344 μορμάρωσιν.τῆς
692 3260 835 3332 ἐκκλησίας
890 3272 949 3343 quae
965 3266 1105 3327 Nectarius
1122 3265 1239 3325 ecclesiae
1253 3267 1294 3326 illi
1313 3270 1496 3332 marmoribus
1511 3275 1638 3335 ornanda

62 3354 213 3424 ἐναπέθετο,
225 3346 299 3422 οὗτος
315 3354 456 3433 διέπρασε·
468 3353 606 3432 πέμπτον,
624 3351 665 3410 ότι
683 3347 743 3417 τοὺς
765 3353 835 3422 κλη-
891 3354 1052 3433 reliquerat,
1076 3353 1134 3434 ipse
1155 3352 1339 3414 vendidisset:
1359 3354 1472 3435 quinto,
1491 3362 1566 3440 quod
1588 3385 1637 3444 per

63 3446 150 3525 ρικοθς
163 3446 272 3524 ἀτίμως
283 3447 330 3505 καί
350 3445 553 3525 διεφθαρμένους
569 3443 616 3504 καὶ
631 3441 836 3523 αὖτοπαραχρή·
852 3455 873 3504 Ι)
890 3444 1080 3506 contumeliam
1111 3444 1223 3505 clericos
1248 3445 1395 3527 appellaret
1423 3451 1509 3526 viles,
1537 3474 1636 3514 corru-

60 3562 121 3605 τους
135 3539 181 3599 καί
191 3536 412 3618 τριωὸολιμαίους
424 3537 539 3617 δὸρίζει·
549 3535 636 3611 ἕκτον,
647 3534 689 3595 ότι
702 3533 746 3592 τὸν
760 3534 835 3611 ἅγιον
890 3552 959 3618 ptos,
970 3536 1026 3597 suis
1041 3535 1138 3597 usibus
1155 3550 1250 3617 sponte
1263 3551 1380 3617 paratos,
1395 3540 1607 3624 triobolaresque
1622 3572 1630 3607 s

61 3629 218 3709 Ἐπιράνιον
232 3632 312 3707 λῆρυν
326 3629 415 3689 ίκιθιει
437 3630 482 3688 καί
496 3625 835 3706 δαιμονιάριον·ίόδομον,
889 3643 991 3706 sexto,
1013 3628 1086 3708 quod
1108 3641 1231 3692 sanctum
1254 3629 1439 3710 Epiphaninm
1462 3635 1587 3696 delirum
1607 3654 1636 3701 ct

60 3720 101 3781 ότι
116 3720 185 3780 κατὰ
206 3720 371 3800 Σεάηριανοῢ
392 3721 521 3794 συσκευήν
540 3719 701 3792 ἐποιήσατο,
721 3717 834 3790 κινήσας
889 3740 1005 3801 parrum
1026 3718 1190 3785 daemonium
1211 3721 1394 3801 appellasset:
1411 3726 1632 3808 septimo,qnod

61 3813 121 3871 κατ’
144 3815 223 3872 αὐτοῦ
242 3810 300 3878 τοὺς
322 3812 454 3881 δικανοιίς·
467 3812 567 3892 ὄγδοον,
580 3810 622 3872 ότι
635 3809 681 3869 καί
703 3808 773 3869 κατὰ
786 3813 832 3868 τοῦ
890 3825 982 3874 contra
1002 3813 1179 3875 Severianum
1201 3814 1371 3878 machinatus
1392 3831 1476 3890 esset,
1495 3822 1635 3885 concitatis
1692 3823 1697 3833 ’

59 3903 159 3985 κλήρου
169 3902 360 3984 συκοφαντικδν
371 3903 475 3984 βιὸλίον
486 3900 698 3964 κατεσκεύασεν·
710 3898 834 3975 tusam,
888 3905 1018 3967 adversus
1033 3906 1111 3965 illum
1125 3903 1234 3969 decanis
1246 3927 1253 3968 t
1265 3920 1376 3983 octavo,
1386 3909 1460 3989 quod
1473 3926 1564 3973 matra
1575 3916 1634 3978 Cle-

60 3995 102 4054 ὅτι
114 3995 294 4074 συγκροτήσας
304 3994 436 4078 συνέδριον
448 3994 546 4063 παντὸς
557 3998 604 4052 σσῧ
614 3991 724 4072 ultim
738 3989 834 4064 ἶσσοσσ
888 4019 951 4062 tum
964 3998 1153 4081 sycophantiis
1165 3998 1274 4079 plenum
1288 3999 1390 4062 librum
1404 4002 1573 4085 scripsisset:
1587 4029 1633 4070 no·

59 4095 130 4165 τρεῖς
144 4087 288 4158 διακόνους,
300 4085 437 4163 Ἀκάκιον,
450 4086 615 4167 “Ἐδάριον,
629 4082 834 4157 Ἰωάννην,,κοι-
888 4110 941 4165 no,
956 4089 1029 4170 quod
1044 4103 1100 4150 toto
1118 4103 1266 4151 &avocato
1280 4092 1374 4168 Clem,
1386 4107 1439 4154 trus
1450 4094 1578 4160 diaconos
1588 4103 1632 4161 ci.

59 4177 210 4258 τσιγσρκίσσς
224 4181 260 4244 ὣς
273 4178 304 4237 κδ
318 4178 445 4259 μσρόριον
465 4181 543 4238 αὐτοῦ
557 4175 721 4255 κλίψσνσσςι
734 4174 831 4252 λέγων,
888 4194 984 4256 tasset,
997 4182 1138 4256 Acacium,
1149 4180 1308 4264 Edaphiunn
1321 4197 1347 4244 et
1358 4187 1500 4261 loannem,
1515 4204 1542 4250 et
1553 4195 1631 4270 quasi

60 4271 100 4347 μὴ
118 4269 164 4328 καί
181 4273 218 4337 είς
229 4271 296 4330 άλλο
309 4294 335 4329 τι
349 4270 412 4331 αὐτὸ
426 4269 536 4331 ἔλαθον·
549 4271 669 4342 δέκατον,
679 4266 720 4328 &u
735 4263 832 4329 Ἀντῶ·
886 4274 1025 4336 humerale
1038 4296 1119 4336 suum
1135 4275 1218 4336 lurati
1231 4289 1317 4335 essent
1337 4294 1499 4356 accusasset,
1509 4303 1630 4361 quarens

58 4386 113 4422 νιον
125 4361 282 4443 έλεγχθέντα
290 4361 465 4444 τυμδωρίχον
472 4362 668 4443 ἐχειροτόνησεν
678 4359 830 4424 ἐπίσκοπον·
849 4355 867 4402 ³
886 4383 978 4427 utrum
992 4367 1028 4427 acl
1041 4367 1126 4429 aliun:
1146 4386 1242 4437 usum,
1258 4366 1329 4427 illud
1341 4369 1490 4448 cepissent:
1501 4372 1627 4452 decimo,

59 4454 263 4528 ένδίκατον,,ότι
274 4454 400 4526 Ἰωάννην
410 4454 455 4514 τὸν
468 4454 575 4533 κόμητα
585 4456 611 4514 lu
624 4456 658 4532 τῇ
673 4450 764 4513 στάσει
776 4452 829 4511 τῶν
885 4464 958 4540 quod
970 4460 1117 4523 Antonium
1141 4459 1345 4539 sepulchrorum
1364 4461 1518 4523 effossorran
1531 4469 1628 4528 convi-

58 4552 228 4628 στρατιωεῶιι
249 4547 326 4616 αὐτὸς
342 4546 523 4625 κατεμήνυσε·
536 4548 698 4616 δωδέκατον,
710 4546 751 4602 δτι
768 4541 829 4602 οὔτε
885 4566 958 4612 crum
970 4550 1119 4610 ordinasset
1133 4574 1139 4607 :
1155 4549 1315 4621 undecimo,
1328 4551 1402 4629 quod
1425 4555 1556 4619 Joannem
1572 4560 1628 4621 ρο.

57 4638 157 4717 προϊὼν
172 4637 263 4709 εὔξατο
277 4642 315 4706 είς
327 4637 376 4713 τήν
389 4637 554 4712 ἐκκλησίαν,
566 4638 625 4701 οὔτε
636 4634 739 4702 εἰσιών·
756 4655 829 4714 τρια·
883 4645 978 4707 mitem
991 4643 1018 4703 in
1028 4642 1158 4702 seditione
1170 4640 1290 4700 militum
1302 4644 1360 4723 ipse
1378 4643 1537 4710 indicasset:
1556 4649 1627 4713 duo.

59 4730 231 4802 καιδέκατον,
242 4729 283 4791 ότι
297 4731 359 4795 ἄνευ
378 4730 565 4810 θυσιαστηρίου
578 4727 747 4813 χειροτονίας
762 4725 827 4783 δια·
882 4737 1001 4813 decimo,
1011 4734 1084 4814 qnod
1103 4755 1190 4812 neque
1205 4735 1232 4793 in
1249 4735 1387 4802 ecclesian:
1401 4740 1522 4813 ueniens,
1539 4765 1626 4825 neque

57 4820 141 4880 κόνων
152 4821 197 4880 καὶ
207 4821 391 4902 πρεσάυτίρων
405 4823 522 4896 ἐποίησε·
532 4817 827 4901 τεσσαρεσκαιδέκατον,
883 4831 912 4890 in
923 4850 981 4888 nm
995 4825 1147 4909 ingrediens
1156 4840 1309 4908 precaretur
1320 4849 1326 4885 :
1336 4827 1442 4893 decimo
1451 4836 1542 4912 tertio,
1552 4838 1625 4915 quod

56 4911 98 4972 ὅτι
118 4914 144 4971 ἐν
162 4923 211 4992 μιᾳ
225 4913 372 4994 χειροτονίᾳ
389 4914 520 4995 τέσσαρας
532 4913 692 4979 ίπισκόιτονς
709 4909 827 4982 ίποίησσ·
881 4921 939 4981 sine
955 4919 1035 4978 altari
1058 4918 1185 4998 quopiam
1198 4917 1376 4981 diaconorum
1395 4937 1421 4984 et
1443 4928 1624 5010 presbytero-

57 5005 306 5078 πεντεκαιδέκατον,
323 5005 365 5065 ότι
379 5005 483 5086 δέχεται
496 5014 622 5085 γυναῖκας
642 4999 829 5085 μονοπρόσμσ·
881 5031 942 5069 rum
965 5006 1145 5067 ordinationes
1163 5005 1402 5070 toeisse12decimo
1422 5028 1534 5091 quarto,
1547 5017 1623 5094 quod

57 5120 100 5172 να,
111 5097 212 5164 πάντας
226 5096 362 5157 ίκὸαλλων
375 5097 433 5166 ἔξω·
444 5098 641 5175 ἑκκαιδέκατον,
651 5097 692 5157 ότι
702 5094 750 5170 τήν
764 5096 829 5165 κλη·
881 5097 909 5159 iu
933 5117 986 5155 nna
1008 5093 1178 5160 ordinatione
1200 5109 1317 5174 quatuor
1338 5099 1478 5179 episcopos
1497 5103 1622 5165 fecisset:

60 5189 183 5267 ρονομίαν
202 5189 251 5263 τήν
268 5191 322 5249 άπὸ
337 5189 445 5258 Θίκλας
463 5193 683 5271 καταλειφθεῖσαν
706 5186 828 5268 πέπρακε
848 5183 986 5249 :decimo
1007 5183 1117 5263 quinto,
1131 5182 1205 5263 quod
1230 5184 1356 5245 mulieres
1380 5188 1524 5268 suscipiat,
1547 5195 1623 5253 solus

59 5280 103 5342 διδ
116 5281 278 5343 Θεοδοίλου·
288 5282 523 5356 έπτακαιδέκατον,
536 5281 578 5344 ότι
590 5283 623 5344 τδι
636 5280 765 5364 προσόδια
778 5284 827 5354 τῆς
882 5296 945 5340 cum
967 5273 1033 5336 sotis
1040 5317 1051 5355 ,
1071 5271 1133 5334 aliis
1153 5272 1279 5334 omnibus
1294 5274 1365 5335 foras
1381 5274 1503 5339 emissis:
1517 5277 1624 5347 decimu

91 5443 104 5470 ι
119 5429 129 5495 [
150 5429 224 5498 Apud
236 5429 298 5483 alios
310 5428 403 5483 dleltur
413 5427 535 5500 myses-l
