3750 6052
511 597 584 661 QUAE
609 597 645 644 ttt
670 595 832 645 OPthlBllS
858 594 1094 646 cunrsosroutt
1119 595 1375 647 obscurantur

174 726 282 782 noscite
287 743 299 791 ,·
313 734 343 779 ut
356 715 483 781 videlicet
498 698 717 795 intemoscerent,
731 740 797 779 num
812 719 912 800 impii,

172 814 292 889 scelesti,
310 813 355 873 vel
366 812 534 893 judaizantes
548 834 638 873 secum
650 811 800 873 intermixti
814 824 911 873 essent.

213 904 394 964 Precatiouem
408 919 516 981 autem,
536 905 604 964 dum
619 925 693 963 sacra
707 918 913 987 peragerentur,

172 996 245 1078 plebi
259 997 429 1076 suggerebat,
445 1018 526 1076 quam
537 998 604 1077 ipsis
616 996 707 1056 verbis
720 996 812 1055 retulit
826 996 915 1078 Chry-

123 1108 162 1156 88.
173 1101 306 1146 sostomus
319 1112 326 1145 ε
342 1091 462 1148 Oremm
476 1108 532 1168 pro
544 1092 676 1167 episcopo
690 1098 718 1147 et
731 1100 876 1148 senectute
886 1096 916 1144 et

172 1184 353 1259 patrocinio,
368 1194 399 1239 ut
410 1193 486 1239 recte
502 1192 605 1239 tractet
617 1182 742 1238 uerbum
759 1181 914 1250 veritatis,

173 1287 200 1330 et
209 1292 262 1348 pro
273 1276 309 1331 iis
321 1277 373 1351 qui
385 1274 433 1330 hic
445 1285 513 1331 sunt
527 1284 555 1332 et
565 1274 674 1352 ubique
686 1285 841 1332 terrarum.
857 1270 917 1331 Ad·

123 1372 161 1431 76.
171 1363 252 1423 debat
274 1364 354 1423 etiam
375 1387 382 1420 z
401 1366 513 1423 Proiis
530 1367 629 1444 quiin
645 1365 761 1423 Christo
780 1364 916 1444 defuncti

171 1469 251 1531 sunt,
266 1471 295 1515 et
304 1475 357 1538 pro
368 1461 405 1517 iis
415 1462 466 1539 qui
476 1459 594 1517 illorum
608 1461 777 1517 memoriam
779 1460 913 1542 sacrant.

212 1551 313 1610 Vocem
326 1570 423 1631 porro,
445 1570 526 1629 quam
541 1570 610 1631 saepe
623 1548 766 1609 clamando
779 1550 915 1631 repetebat

126 1639 162 1681 ¹⁸⁴
171 1638 302 1700 diaconus
316 1641 373 1700 haec
386 1655 462 1713 erat,
485 1641 664 1722 πρόσχωμει,
686 1642 888 1702 Attendamus
903 1665 913 1699 .·

123 1709 161 1766 su.

171 1754 250 1812 quam
264 1753 315 1813 ego
327 1754 397 1814 sepe
407 1732 504 1792 audivi
523 1734 616 1792 liomar
630 1753 646 1791 a
662 1732 776 1793 diacono
789 1733 912 1806 dietam,

171 1844 233 1884 cum
245 1825 375 1905 Liturgiae
390 1826 548 1886 Graecorum
559 1826 643 1885 animi
655 1846 734 1885 causa
746 1825 912 1887 interiorem.

171 1915 381 1976 Observandum
394 1931 485 1976 autem
504 1930 563 1992 est,
580 1916 653 1997 quod
668 1917 714 1977 hic
727 1917 804 1977 addit
820 1918 916 2000 Chry·

171 2021 321 2080 sostomus,
339 2029 435 2090 nempe
449 2023 510 2089 post
524 2009 600 2069 illam
613 2030 718 2080 vocem,
733 2010 880 2070 lectorem
871 2033 915 2070 rn·

171 2101 262 2181 cipere
271 2102 441 2182 prophetiam
457 2102 532 2160 lsaie
541 2125 550 2177 ;
566 2122 625 2180 qua·
638 2122 694 2162 vox
708 2102 845 2182 praemissa
858 2103 917 2162 t'ue·

171 2208 223 2268 rat,
238 2209 265 2252 ut
278 2195 419 2253 attentiore
432 2195 523 2252 animo
535 2192 611 2274 plebs
624 2195 784 2275 prophetam
799 2195 915 2254 audiret.

172 2285 236 2343 llaec
251 2306 332 2364 porro
345 2284 440 2365 adjicit
453 2285 533 2342 etiam
549 2286 578 2345 S.
594 2283 687 2344 doctor
700 2286 729 2346 in
743 2305 867 2346 sermone
882 2284 917 2345 de

123 2392 161 2450 lss·
173 2378 353 2435 hsceusione:
369 2400 384 2432 u
398 2375 468 2434 Audi
487 2375 515 2434 in
530 2378 683 2456 precatione
701 2377 830 2438 diaconos
844 2399 917 2438 sem-

171 2486 221 2546 per
238 2465 365 2537 dicentes,
376 2468 525 2548 Angelum
537 2473 621 2547 pacis
634 2482 763 2549 rogate.»

123 2593 161 2652 9⁸·
212 2559 327 2620 Diaconi
347 2562 467 2620 olficium
486 2576 543 2621 erat
563 2563 712 2622 turmultum
725 2583 912 2644 compescere,

171 2652 259 2712 sicubi
272 2653 422 2712 iuecclesia
431 2653 567 2712 oriretur:
580 2655 757 2731 quamobrem
771 2668 859 2714 monet
869 2655 917 2715 ille

172 2759 214 2818 ut,
229 2745 252 2804 si
264 2748 326 2825 quis
336 2747 423 2805 alium
434 2745 558 2805 dicteriis
571 2747 695 2827 impetat,
709 2746 753 2805 vel
765 2747 849 2818 risui,
866 2766 915 2807 ca-

171 2836 278 2896 chinnis
291 2853 317 2897 et
336 2838 435 2897 sabulis
449 2838 600 2911 incumbat,
615 2838 746 2898 diaconus
759 2838 916 2913 advocetur,

173 2929 220 3007 qui
233 2929 306 2989 sedet
320 2930 409 2989 sutilia
424 2929 488 3003 illa,
503 2944 531 2989 et
542 2928 660 2989 modeste
671 2950 750 3010 agere
760 2930 917 3011 compellat.

212 3025 255 3082 De
272 3024 456 3083 sacerdotibus
474 3038 564 3084 autem
579 3039 605 3085 et
619 3023 741 3086 diaconis
754 3025 812 3090 bec
827 3027 915 3087 conti·

1642 594 1707 645 221

969 733 1062 779 uenter
1079 718 1160 780 relect
1177 720 1411 801 Chrymstomuss
1403 715 1611 779 seSaceulotes
1631 716 1751 777 etiamT·
1758 729 1767 764 ¹
1772 714 1864 780 Wl-

969 833 1032 871 cum
1044 810 1212 871 benedicturi
1226 826 1297 886 sunt,
1311 809 1360 871 ubi
1376 809 1453 891 prius
1469 830 1562 891 pacem
1575 809 1653 869 vobis
1663 795 1745 891 ap-⁶'

968 904 1071 987 precati
1085 903 1183 962 luerint
1186 900 1359 983 ,deinceps
1351 902 1486 982 incipiunt
1500 900 1664 960 benedicere.
1676 901 1714 960 Er

970 1015 1035 1054 vero
1048 995 1190 1072 diaconus,
1213 993 1280 1054 dum
1294 1015 1356 1053 cum
1368 994 1429 1053 aliis
1442 1013 1545 1073 precari
1538 992 1644 1073 jubet.
1661 992 1713 1052 hoc

971 1111 1076 1170 qnoque
1088 1091 1203 1171 imperat
1214 1090 1241 1149 in
1252 1090 1382 1162 oratione,
1396 1103 1426 1148 ut
1439 1088 1564 1166 angelum
1578 1087 1652 1167 pacis
1665 1108 1714 1146 ro·-

971 1200 1078 1261 gemus,
1091 1196 1117 1243 et
1128 1204 1189 1262 qua
1199 1181 1335 1263 proposita
1346 1194 1420 1260 sunt,
1436 1194 1531 1238 cuncta
1541 1179 1655 1259 pacifica
1668 1200 1676 1237 a
1688 1190 1715 1237 et

970 1274 1006 1332 ab
1018 1274 1068 1334 hoc
1079 1289 1209 1340 conventu
1221 1295 1270 1334 vos
1283 1273 1423 1333 dimittens
1433 1271 1485 1332 hoc
1496 1270 1576 1331 robis
1589 1283 1715 1352 precatur

970 1363 1062 1425 dicens
1074 1390 1080 1423 :
1092 1371 1129 1424 In
1139 1388 1212 1447 pace
1228 1366 1398 1426 discedite.»

1010 1461 1104 1540 Neque
1113 1457 1423 1540 praetermittendumest
1431 1454 1462 1516 id
1470 1453 1545 1536 quod
1552 1453 1714 1535 tieitcuy·

969 1553 1146 1618 sostomusde
1158 1550 1329 1612 demoniacis
1338 1563 1365 1610 et
1375 1563 1464 1609 mente
1473 1548 1574 1630 captis,
1586 1547 1627 1606 vel
1640 1566 1716 1606 enen

969 1643 1109 1726 gumenis,
1124 1644 1170 1722 qui
1190 1655 1334 1721 antequam
1351 1641 1479 1722 mysteria
1492 1639 1711 1710 celebrarentur,

970 1758 986 1797 a
998 1736 1112 1797 diacono
1132 1735 1328 1795 inducebantur
1340 1748 1368 1793 et
1379 1733 1469 1814 capita
1484 1731 1615 1791 inclinare
1630 1729 1713 1812 jube·
1723 1726 1866 1834 {brith

969 1828 1091 1901 bantur,
1115 1841 1180 1888 tunc
1194 1827 1281 1886 oratio
1294 1847 1345 1907 pro
1362 1824 1418 1885 illis
1432 1824 1491 1884 fieri
1506 1823 1629 1900 solebat,
1653 1842 1714 1901 quae
1740 1819 1752 1841 ⁶

969 1935 1076 1981 ceteras
1088 1941 1180 1981 omnes
1193 1918 1369 2023 precedebat.
1383 1915 1514 1977 Graviter
1523 1928 1614 1975 autem
1626 1913 1715 1995 carpit

968 2014 1084 2090 illesos,
1101 2033 1148 2091 qur
1141 2012 1233 2070 banc.
1246 2011 1397 2071 orationem
1409 2029 1471 2067 cum
1484 2007 1546 2066 aliis
1558 2027 1610 2066 uon
1622 2005 1716 2086 prole·

968 2107 1074 2177 rebant,
1088 2104 1133 2165 vel
1144 2103 1190 2183 qui
1201 2116 1265 2162 tunc
1276 2114 1372 2161 mutuo
1381 2099 1585 2159 fabulabantur.
1597 2097 1737 2198 «Prima,
1724 2088 1754 2137 Τ·
1758 2102 1780 2152 7
1783 2085 1866 2155 7579·

967 2198 1098 2282 precatio,
1113 2195 1201 2274 inquit
1215 2194 1272 2265 ille,
1288 2213 1369 2273 quam
1381 2212 1430 2273 pro
1440 2189 1626 2271 energumenis
1637 2170 1747 2248 adlai-

967 2291 1073 2364 bemus,
1090 2285 1282 2347 miserioordiae
1297 2282 1547 2345 commemoratione
1559 2282 1638 2362 plena
1650 2295 1712 2340 est:

968 2381 1084 2444 secunda
1099 2400 1208 2459 quoque
1221 2399 1270 2461 pro
1284 2379 1329 2449 iis,
1353 2377 1401 2455 qui
1416 2376 1443 2435 in
1457 2374 1613 2457 paenitentia
1628 2386 1714 2452 sunt,
1752 2376 1757 2386 ’

968 2474 1083 2534 multam
1105 2471 1320 2532 misericordiam
1338 2469 1464 2550 postulat.
1489 2467 1583 2527 Tertia
1603 2465 1715 2527 denum

969 2587 1021 2647 pro
1041 2563 1119 2624 nobis
1133 2563 1199 2645 ipsis
1216 2576 1257 2622 est
1270 2585 1278 2620 ε
1289 2577 1316 2622 et
1328 2561 1386 2620 haec
1396 2560 1490 2641 populi
1506 2559 1621 2619 infantes
1634 2559 1716 2619 inno-

968 2672 1057 2718 centes
1080 2656 1198 2732 inducit,
1221 2657 1308 2716 Βοιιιιι
1323 2653 1360 2713 ad
1379 2651 1594 2712 misericordiam
1613 2671 1717 2732 provo-

968 2763 1068 2810 cantes.
1085 2750 1157 2821 Quia
1170 2749 1243 2810 enim
1257 2768 1305 2807 nos
1320 2759 1426 2828 peccata
1442 2759 1530 2806 nostra
1544 2744 1715 2816 damnamus,

968 2864 1018 2924 pro
1032 2843 1065 2902 iis
1076 2841 1125 2920 qui
1142 2840 1260 2900 multum
1271 2851 1417 2921 peccarunt
1428 2851 1453 2897 et
1464 2837 1583 2897 accusari
1596 2836 1714 2912 debent,

969 2956 1019 2995 nos
1027 2955 1170 3017 precamur
1183 2956 1190 2990 ι
1202 2954 1253 3014 pro
1263 2932 1340 2992 uobis
1350 2932 1511 3012 veropueri,
1523 2948 1638 3010 quorum
1650 2930 1715 2990 sim·

970 3011 1099 3109 plicitatis
1113 3026 1260 3097 imitatores
1273 3045 1386 3106 regnum
1400 3024 1529 3084 caelorum
1543 3037 1714 3105 exspectat.»

177 3231 1714 3264 w

829 3419 1007 3481 DlthllBA
1030 3421 1080 3480 lll.

374 3628 422 3690 De
432 3629 575 3689 hereticis
584 3641 613 3688 et
624 3629 828 3690 heresiarchis
843 3651 915 3711 quos
920 3633 1101 3715 frequenter
1114 3644 1255 3699 memorat
1269 3631 1498 3707 Chrysostomus
1506 3675 1516 3710 ,

736 3736 833 3816 deque
845 3734 965 3797 illorum
981 3738 1152 3798 heresibus.

222 4000 281 4058 Non
293 3996 405 4058 minaris
417 4018 504 4078 opere
517 3997 567 4058 erit
583 4019 619 4058 ex
632 3979 827 4080 tantaoperum
838 3996 917 4078 sylva

174 4111 218 4163 ea,
233 4112 293 4168 que
307 4089 407 4170 passim
422 4090 630 4170 Chrysostomus
643 4103 773 4150 memorat
786 4089 821 4150 dc
834 4090 918 4151 herc·

176 4182 300 4254 siarchis,
315 4181 349 4240 de
364 4182 510 4241 haeresibus
523 4197 549 4242 et
562 4182 710 4258 erroribus,
725 4182 775 4263 qui
797 4205 856 4244 evo
868 4206 919 4244 suo

177 4274 206 4333 in
218 4272 337 4332 Ecclesia
353 4274 485 4333 Orientali
499 4275 700 4354 grassabantur,
717 4276 807 4337 omnia
821 4298 918 4337 excer-

178 4388 241 4450 pere
253 4380 279 4425 et
292 4388 341 4425 suo
353 4365 449 4427 ordine
460 4387 603 4427 recensere.
619 4368 718 4427 Praeter
729 4390 774 4428 eos
787 4369 859 4430 enim
870 4368 919 4449 qui

178 4484 236 4522 ero
246 4484 294 4522 suo
306 4461 391 4522 exorti
402 4461 522 4531 fuerant,
536 4477 566 4522 ut
575 4464 712 4540 Anomoei,
723 4464 920 4537 Macedoniani,

178 4555 349 4629 Photiniani;
359 4555 520 4615 vetustiores
530 4555 611 4615 etiam
619 4557 716 4616 multos
728 4556 840 4636 inducit,
852 4581 920 4637 quo·

177 4670 239 4706 rum
257 4662 327 4707 secta
341 4646 430 4707 adhuc
447 4648 491 4708 rel
505 4670 663 4726 numerosa,
679 4650 723 4709 vel
737 4650 856 4711 nondum
869 4673 917 4712 ex·

177 4739 273 4798 stincta
282 4753 346 4798 erat.
355 4739 396 4798 Ad
407 4740 464 4799 hec
473 4761 535 4801 vero
541 4762 644 4800 errores
651 4740 720 4801 circa
729 4741 811 4803 fidem
824 4765 920 4822 quam·

178 4830 325 4909 plurimos,
347 4830 393 4908 qui
409 4829 482 4911 apud
496 4830 597 4912 vulgus
610 4831 659 4892 illo
675 4845 793 4914 tempore
805 4855 920 4916 sparge-

177 4921 295 4997 bantur,
313 4921 340 4980 iu
362 4923 535 4984 concionibus
553 4924 610 4985 suis
622 4926 742 5006 exagitat
760 4948 792 4987 ac
808 4928 917 4989 refellit.

179 5013 387 5075 Observandum
403 5028 493 5074 autem
513 5016 541 5075 in
555 5016 701 5078 heresibus
715 5019 770 5079 illis
783 5042 844 5101 quae
860 5034 921 5081 ante

179 5108 260 5166 finem
276 5106 346 5166 tertii
360 5108 449 5167 sarculi
460 5121 560 5169 exorte
573 5109 689 5184 luerunt,
705 5113 804 5174 multos
817 5115 863 5174 hic.
873 5115 921 5176 de·

180 5198 310 5281 prehendi
321 5221 444 5259 erroresa
455 5200 631 5282 scriptoribus
641 5204 720 5266 istius
728 5207 777 5266 acri
790 5228 921 5288 nusquam

181 5307 352 5354 memoratos.
367 5292 421 5353 Eos
437 5293 508 5353 enim
522 5295 569 5374 qui
584 5295 663 5357 semel
678 5299 714 5359 ab
728 5300 854 5362 Ecclesia
869 5303 921 5362 Ca·

181 5385 287 5446 tlrolice
298 5385 465 5464 auctoritate,
475 5409 535 5468 quae
546 5402 586 5449 cst
597 5410 649 5449 uua
662 5412 732 5453 rere
744 5392 808 5455 fidei
819 5415 922 5473 norma,

974 3997 1157 4077 deflexerant,
1165 3999 1193 4059 in
1206 4019 1291 4062 noros
1302 3997 1424 4079 quotidie
1437 3997 1529 4080 lapsus
1540 3995 1666 4060 incidisse
1678 3996 1719 4059 ni·

974 4091 1014 4152 hil
1028 4094 1139 4153 mirum.

1016 4185 1126 4245 Docitas
1146 4205 1199 4244 nou
1221 4185 1302 4245 semel
1322 4185 1478 4266 perstringit
1493 4184 1558 4260 ille,
1580 4185 1639 4245 sive
1658 4184 1720 4244 illos

979 4279 1026 4358 qui
1037 4277 1163 4338 dicebant
1172 4277 1313 4337 Christum
1327 4277 1444 4352 δοκήσει,
1451 4275 1478 4335 id
1490 4291 1538 4352 est,
1549 4281 1651 4355 specie,
1660 4289 1719 4335 tan-

976 4385 1052 4449 tum,
1065 4371 1124 4431 sire
1139 4384 1330 4451 apparenter,
1345 4383 1375 4427 ut
1388 4368 1436 4427 alii
1447 4367 1553 4445 dicunt,
1570 4382 1617 4427 aut
1631 4381 1719 4448 puta·

977 4468 1044 4537 tire,
1062 4477 1092 4523 ut
1101 4466 1139 4523 ait
1149 4465 1280 4538 lrenaeus,
1294 4459 1468 4545 inmundum
1481 4460 1593 4520 venisse.
1608 4459 1720 4519 Adsen-

976 4571 1033 4617 tum
1052 4557 1144 4633 euim,
1165 4555 1249 4615 vitam
1264 4569 1290 4614 et
1305 4567 1418 4615 mortem
1432 4552 1534 4613 Christi
1550 4553 1718 4634 parrocias,

973 4651 1165 4729 phantasiam
1179 4660 1300 4720 tantum,
1314 4667 1367 4705 non
1381 4667 1438 4705 rem
1452 4665 1515 4710 rere
1525 4660 1626 4725 gestam
1638 4645 1721 4706 luisse

976 4743 1115 4824 putabant.
1127 4741 1337 4823 Chrysostomus
1346 4760 1411 4800 vero
1420 4760 1482 4799 cum
1493 4737 1571 4813 dicit,
1581 4739 1719 4799 Christum
1731 4765 1872 4828 T,7‚„459,

975 4837 1111 4917 sepultum
1123 4834 1209 4895 tribus
1218 4833 1314 4894 diebus
1322 4847 1348 4893 et
1358 4833 1445 4893 tribus
1456 4832 1581 4893 noctibus
1593 4837 1624 4890 in
1634 4835 1721 4893 corde
1730 4833 1755 4877 ἆ·

976 4941 1061 4989 terre
1081 4927 1224 4997 mansisse,
1240 4926 1333 5003 addit,
1348 4926 1393 4986 rial
1411 4927 1504 5004 μηδεὶς
1523 4924 1631 4996 δόκησιν
1650 4929 1720 4984 irac-

976 5024 1095 5103 πτεύσῃ,
1109 5035 1138 5083 et
1151 5042 1234 5081 nemo
1248 5022 1282 5080 id
1290 5025 1385 5100 specie
1398 5032 1510 5078 tanturn
1526 5019 1626 5076 suctum
1640 5018 1722 5083 luisse

959 5157 963 5163 -
976 5116 1136 5198 suspicetur.
1152 5114 1215 5173 llaec
1228 5112 1330 5194 quippe
1344 5111 1451 5171 heresis
1464 5112 1593 5190 quaejam
1606 5124 1720 5189 aposto-

977 5208 1037 5268 licis
1062 5207 1227 5290 temporibus
1247 5220 1304 5266 nrta
1324 5206 1427 5272 fuerat.
1453 5226 1512 5263 aevo
1534 5203 1722 5284 Clrrysostomi
1791 5228 1801 5242 ·

978 5302 1069 5363 adhuc
1090 5301 1215 5383 vigebat,
1235 5312 1265 5359 ut
1280 5298 1374 5359 videre
1389 5311 1430 5357 est
1443 5296 1563 5356 homilia
1583 5311 1677 5376 quarta
1692 5298 1721 5358 in
1734 5311 1873 5378 crepat.

978 5395 1068 5479 Epist.
1088 5393 1124 5455 ad
1138 5395 1283 5477 llebraeos:
1298 5389 1554 5471 ἐγκαλυπτέσθωσαι
1572 5395 1597 5452 ol
1616 5391 1722 5465 δοκήσιι
1733 5396 1754 5423 ²·
