3714 5970
49 459 118 550 284
140 485 145 494 ·

45 607 64 665 li
84 606 145 685 igne
165 603 298 672 combusti
319 603 512 679 dissolventur,
535 603 644 682 quando
662 619 733 663 astra
753 617 782 662 ut
837 606 940 684 οὐρανοί
953 603 1110 686 πυρούμενοι
1123 604 1301 676 λυθήσονται,
1315 605 1381 665 όταν
1396 605 1527 685 άστραὼς
1538 607 1597 687 ρύλ·

44 685 109 744 lolia
124 684 263 754 decident,
282 684 426 744 solantem
444 697 470 743 et
486 682 550 742 luna
570 683 686 743 tenebris
701 685 780 742 obte-
836 686 872 743 λα
885 690 1041 759 πεσοῦνται,
1056 684 1131 755 ἥλιος
1144 683 1172 743 δέ
1185 684 1231 742 καί
1249 684 1347 756 σελήνη
1367 686 1598 760 σκοτισθήσονται,

45 777 153 844 gentur,
176 783 225 823 nec
237 762 340 822 dabunt
358 766 445 822 lucem
460 783 552 837 sunm3
567 762 676 841 quando
691 763 781 822 Filius
836 762 882 823 καί
896 767 926 824 οὐ
948 764 1062 823 δώσουσι
1079 762 1217 843 τὸφέγγος
1230 764 1335 822 αὐτῶν·
1354 763 1418 822 ὅταν
1441 770 1598 845 ρανερωθῇδ

40 843 162 907 bominis
179 843 323 924 apparebit
338 857 363 901 et
380 863 414 901 ex
429 843 502 901 caelis
519 842 664 902 descendet
681 842 708 900 iu
728 857 781 901 ter·
801 857 818 903 F
837 842 899 910 Υἱὸς
915 850 961 902 τοῦ
976 841 1132 922 ἀνθρώπω,
1152 842 1198 901 καί
1209 842 1324 922 κατέλθῃ
1343 844 1398 903 ἀπὸ
1415 848 1469 902 τῶν
1484 847 1594 922 οὐρανῶν

44 944 113 999 ram,
124 937 150 982 et
160 924 284 983 Virtutes
295 923 420 981 calorum
431 923 685 994 commovebuntur;
697 943 780 1000 quan·
837 921 881 979 ἐπὶ
892 922 940 995 τήν
954 925 1023 1003 γῆν,
1037 922 1083 981 καί
1097 925 1129 985 αἱ
1138 921 1260 1000 δυνάμεις
1274 927 1327 981 τῶν
1341 926 1459 1003 οὐρανῶν
1473 926 1598 996 σαλευθή-

43 1003 80 1061 do
95 1003 252 1082 angelorum
265 1016 345 1067 erunt
356 1001 528 1061 decursiones
543 1005 559 1074 ,’
568 1001 694 1060 tubarum
706 1001 780 1063 inra-
837 1023 943 1060 σονται·
968 1002 1030 1061 όταν
1054 1001 1172 1082 ἀγγέλων
1194 1002 1379 1079 καταδρομαὶ,
1406 1006 1433 1062 αἱ
1447 1004 1532 1083 φωναί
1547 1009 1595 1063 τῶν

42 1081 165 1159 dentium
180 1103 271 1156 νοντας
285 1080 393 1160 quando
406 1080 476 1158 ignis
489 1084 517 1138 in
531 1095 676 1161 conspectu
688 1082 744 1160 ejus
755 1098 779 1142 et
836 1080 1000 1162 σαλπίγγων.
1013 1083 1211 1162 ἐπερχομένων,
1231 1086 1268 1139 πῦ
1298 1083 1411 1141 ἐνώπιον
1426 1085 1508 1142 αὐτοῦ
1526 1085 1598 1142 καιύ-

44 1175 227 1221 transcurrens
237 1173 266 1218 ut
280 1161 371 1219 orbern
385 1158 520 1233 incendat,
530 1159 591 1218 etin
601 1161 713 1219 circuitu
726 1163 783 1240 ejus
837 1182 914 1235 μενον
938 1162 984 1220 καί
1005 1149 1141 1240 διατρίχον
1162 1162 1335 1229 κατακλυζειν
1355 1161 1406 1234 τήν
1423 1163 1598 1240 οἰκουμένην,

43 1254 186 1322 tempestas
200 1238 303 1310 valida,
312 1253 392 1299 terrae
407 1237 681 1314 motus.horrendi,et
693 1240 784 1299 solini·
836 1239 926 1321 κύκλῳ
939 1244 1017 1301 αὐτοῦ
1029 1239 1151 1319 καταιγλς
1168 1239 1283 1340 αρόδρα,
1305 1241 1411 1317 σεισμοί
1432 1238 1538 1320 ροδεροί
1555 1243 1597 1300 καὶ

44 1342 79 1379 ua
111 1321 182 1381 ualia
197 1340 343 1398 numquam
357 1321 443 1394 luere,
457 1339 504 1377 nec
521 1319 611 1377 lutura
626 1321 976 1399 suntusque2i2xepnuuol,
1002 1318 1028 1378 ol
1049 1320 1174 1380 οὐδέποτε
1199 1315 1318 1399 ἐγεύοντο
1336 1322 1397 1379 οὐδὲ
1417 1320 1535 1398 γίνονται
1553 1321 1597 1388 ἕως

43 1399 77 1458 ad
91 1343 164 1459 diem
176 1399 269 1460 illurn:
281 1399 318 1456 ita
331 1411 359 1457 ut
372 1398 439 1480 ipaae
454 1400 578 1458 Virtutes
591 1399 718 1459 caelorum
730 1414 783 1460 tre·
802 1409 821 1454 Α
835 1399 937 1470 ἐκείνης
955 1403 1002 1470 τῆς
1016 1400 1137 1478 ἡμέρας,
1157 1398 1226 1458 ὥστε
1240 1400 1286 1459 καὶ
1308 1398 1391 1466 αὐτδς
1410 1397 1459 1466 τάς
1482 1400 1597 1477 δυνάμεις

43 1500 117 1538 more
130 1499 227 1557 magno
241 1477 432 1568 corripiantur.
449 1477 549 1550 Quales
561 1478 646 1556 igitur
662 1499 711 1538 nos
727 1501 784 1540 esse
835 1481 887 1536 τῶν
905 1481 1059 1583 οὐρανῶντ
1092 1504 1135 1571 μῳ
1160 1477 1267 1558 μεγάλῳ
1286 1479 1478 1559 συλληφθῆναι.
1499 1480 1598 1539 Οὐκοῦν

43 1572 158 1639 oportet,
167 1560 263 1617 iratres
274 1558 348 1617 ruet?
359 1559 447 1637 qualis
460 1560 542 1617 timor
553 1571 579 1616 et
590 1558 678 1636 qualis
688 1558 783 1619 horror
834 1581 967 1636 ποταμούς
983 1560 1021 1617 δεῖ
1038 1582 1049 1616 ε
1062 1582 1105 1617 ναι
1126 1563 1215 1636 ἡμᾶς,
1229 1556 1337 1638 ἀδελφοί
1350 1577 1421 1634 μου;
1438 1568 1512 1626 ποῖος
1526 1558 1599 1638 μάθος

42 1657 91 1698 nos
106 1637 236 1698 invadet?
253 1638 350 1696 Animo
362 1648 410 1717 per
428 1636 496 1696 ende
507 1636 635 1697 lsraelem
652 1638 679 1697 in
693 1639 783 1699 deser·
834 1637 879 1695 καί
893 1638 956 1697 ποία
971 1638 1052 1717 ρρίκη
1060 1638 1174 1718 λήψεται
1188 1643 1259 1714 ἡμᾶς
1271 1663 1278 1709 ;
1290 1637 1456 1710 κατανόησον
1464 1638 1507 1696 τδν
1515 1637 1598 1716 ’lepa-

42 1730 79 1790 to,
95 1717 231 1796 quomodo
250 1737 301 1776 non
315 1660 482 1776 sustinebant
499 1717 636 1776 turbinem
651 1729 676 1776 et
687 1717 784 1798 caligi-
833 1715 869 1786 ήλ
888 1721 915 1777 ἐν
936 1721 969 1796 τῇ
991 1716 1104 1799 ἐρήμῳ,
1117 1716 1161 1777 ὐτε
1180 1719 1227 1778 οὐκ
1244 1718 1355 1798 ίσχυσαν
1377 1718 1423 1777 τδν
1445 1718 1540 1798 γνύρον
1556 1719 1598 1776 καὶ

43 1796 435 1877 nemvocemqueDeiemedio
445 1797 506 1875 igne
518 1796 661 1875 loquentis,
670 1799 782 1879 sedope·
833 1796 877 1855 τὸν
891 1797 967 1877 ζόρον
981 1798 1027 1856 κοιλ
1038 1796 1087 1871 τήν
1102 1797 1191 1876 φωνὴν
1207 1803 1252 1856 τοῦ
1262 1798 1403 1863 λαλοῦντος
1416 1801 1489 1857 Θεοῦ
1503 1801 1533 1858 ἐκ
1551 1796 1597 1874 με’·

677 481 792 528 snontu
820 479 979 542 ουευιυι.

41 1897 101 1935 rarn
116 1877 219 1936 dabant
237 1897 270 1936 ne
284 1877 398 1937 verbnm
414 1877 448 1935 iis
462 1875 581 1936 adderet.
597 1880 699 1937 Revera
711 1879 782 1937 enirn

43 1977 96 2030 non
116 1957 236 2017 ferebant
257 1956 331 2034 quod
352 1955 553 2030 mandabatur,
575 1957 701 2034 quamvis
726 1960 782 2017 Deo

5 2065 9 2072 ·
43 2036 141 2096 nonin
159 2036 200 2097 ira
220 2035 395 2096 descendente
412 2057 460 2095 nec
480 2057 544 2094 curn
564 2037 782 2105 excandescentia

42 2115 114 2196 ipsos
131 2115 292 2196 alloquente,
313 2114 360 2175 sed
375 2115 562 2184 corroborante
576 2115 706 2196 perhanc
720 2137 782 2176 eon-

41 2195 209 2275 solationem‚
225 2195 298 2276 quod
311 2195 368 2276 ipse
381 2217 441 2256 eum
453 2195 486 2254 iis
500 2209 577 2256 esset.
594 2195 666 2254 Audi
683 2195 782 2275 igitur,

43 2274 80 2333 mi
94 2277 185 2352 frater,
199 2276 221 2335 si
233 2275 381 2335 adventum
390 2277 450 2356 ejus
461 2296 522 2334 curn
537 2275 719 2351 consolatione
730 2297 781 2335 non

835 1898 880 1935 σου
898 1883 944 1936 τοῦ
959 1876 1055 1957 πυρὸς,
1071 1879 1129 1936 ἀλλ’
1144 1875 1311 1936 ἐσπούδασαν
1325 1881 1372 1936 τοῦ
1390 1876 1430 1954 μὴ
1449 1882 1597 1955 προσθεῖναι

834 1958 922 2023 αὐτοῖς
934 1956 1020 2036 λόγον.
1035 1956 1105 2016 Οὐδὲ
1116 1957 1168 2037 γάρ
1179 1954 1249 2016 κατὰ
1263 1955 1388 2027 ἀλήθειαν
1398 1956 1491 2037 ἔφερον
1500 1958 1530 2016 τό
1540 1957 1597 2014 δια-

834 2037 1017 2113 στελλόμενον,
1031 2035 1128 2118 καίπερ
1151 2039 1181 2097 οὐ
1210 2035 1277 2114 μετὰ
1300 2039 1384 2113 θυμοῦ
1407 2038 1597 2112 κατελθόντος,

834 2114 892 2174 οὐδὲ
906 2119 964 2190 μετ’
980 2119 1060 2194 ὀργῆς
1071 2117 1213 2183 λαλοῦντος
1226 2139 1247 2174 π
1305 2114 1420 2187 αὐτοὺς,
1436 2116 1506 2176 ἀλλὰ
1516 2139 1598 2195 παρα-

834 2195 927 2266 κλήσει
941 2197 1166 2275 πληροφοροῦντος
1189 2196 1300 2267 αὐτους,
1319 2191 1360 2253 ότι
1377 2195 1456 2263 αὐτός
1472 2198 1530 2255 ἐστι
1544 2198 1598 2270 μετ’

834 2277 937 2335 αὐτῶν..
948 2275 1073 2334 Ἄκουσον
1087 2267 1149 2349 οὐν,
1169 2274 1264 2355 ἀδελφέ
1279 2298 1329 2351 μου
1336 2277 1348 2351 “,
1364 2276 1409 2332 ἐἰ
1425 2273 1495 2351 μετὰ
1512 2285 1597 2355 παρα-

41 2356 182 2434 potuimus
201 2357 281 2432 ferre,
300 2354 408 2433 quando
427 2376 474 2414 nec
490 2355 547 2413 eali
569 2355 629 2433 igne
651 2354 781 2415 combusti
801 2363 817 2409 θ
833 2355 952 2427 κλήσεως
966 2357 1014 2413 οὐκ
1029 2355 1174 2436 ἰσχύσαμεν
1187 2355 1318 2433 βαστάσαι
1331 2352 1381 2424 τήν
1395 2353 1499 2421 ἔλουσεν
1512 2357 1595 2421 αὐτοῦ,

40 2433 273 2512 dissolvebantur,
289 2456 338 2494 nec
356 2435 428 2493 tubae
450 2435 588 2504 sonabant,
608 2448 639 2492 ut
657 2449 781 2495 sonatura
834 2434 876 2494 θτε
897 2433 956 2492 οὐτε
980 2437 1004 2493 οἱ
1025 2435 1130 2514 οὐρανοί
1144 2433 1303 2516 πυρούμενοι
1323 2432 1470 2506 ἐλύθησαν,
1486 2433 1553 2495 -ούτε
1575 2439 1597 2493 οί

41 2526 81 2571 est
92 2515 157 2574 tuba
169 2513 228 2591 illa,
240 2528 266 2573 et
280 2514 429 2573 excitatura
439 2535 483 2573 eos
493 2514 539 2591 qui
551 2535 567 2572 a
580 2514 679 2573 saecuto
692 2514 783 2575 diseu-
834 2513 1003 2581 σαλπίζοντες
1014 2512 1119 2592 ἤχησαν
1137 2515 1225 2580 καθὼς
1240 2514 1330 2591 μίλλει
1343 2517 1361 2584 ἡ
1377 2511 1495 2591 σάλπιγξ
1518 2514 1596 2586 ἐκείνη

40 2592 169 2668 buerunt,
177 2615 225 2654 nec
235 2593 305 2674 ignis
315 2607 447 2652 terrarum
458 2593 552 2652 orbem
563 2592 722 2670 inundabat,
735 2617 783 2655 nec
834 2597 897 2674 βοᾷν
911 2594 956 2653 καί
971 2592 1112 2660 ἐξυπνίζειν
1126 2592 1185 2661 τούς
1202 2593 1250 2653 ἀπ’
1265 2595 1357 2660 αἰῶνος
1376 2592 1595 2671 κεκοιμημένως,

41 2671 115 2732 ullus
139 2695 231 2733 eorum
256 2673 302 2752 qui
326 2674 411 2731 futuri
431 2687 493 2731 sunt
513 2687 599 2732 terror
622 2673 787 2751 invadebat,
834 2673 898 2732 οὔτε·
906 2679 960 2754 πῦρ
975 2673 1136 2740 κατακλύζον
1150 2672 1198 2746 τήν
1221 2670 1397 2749 οἰκουμένην,
1424 2673 1485 2732 οὐτε
1507 2696 1533 2731 τι
1550 2675 1598 2730 τῦν

40 2752 108 2829 quid
121 2753 259 2827 iaciemus,
274 2753 382 2831 quando
392 2752 531 2812 descendet
546 2773 608 2810 cum
623 2753 660 2812 ira
674 2768 699 2812 et
710 2754 789 2814 suros
835 2751 984 2830 μελλόντων
994 2751 1110 2830 γίνεσθαι
1122 2750 1399 2832 ι’φούέριίὀν,ἐγένετο·
1415 2751 1443 2809 τί
1457 2751 1595 2829 ποιήσομεν

42 2850 71 2908 re
80 2830 256 2907 intolerabili,
267 2847 291 2891 et
300 2832 404 2892 sedebit
416 2832 705 2912 supersoliumgloriae
715 2856 779 2905 suae,
832 2832 895 2891 όταν
910 2833 1023 2910 κατέλθῃ
1047 2835 1104 2908 μετ’
1126 2836 1206 2911 ὀργῆς
1228 2832 1274 2890 καὶ
1298 2836 1381 2908 θυμοῦ
1404 2833 1596 2902 άνυποστάτω,

39 2922 66 2969 et
81 2913 252 2973 advocabunt
266 2926 363 2971 terram
376 2912 411 2970 ab
425 2925 485 2972 ortu
498 2912 562 2971 solis
584 2934 667 2989 usque
684 2912 718 2970 ad
735 2934 781 2976 oc·
833 2913 878 2971 καί
901 2913 998 2990 καθίσῃ
1020 2912 1064 2972 ἐπὶ
1080 2913 1171 2990 θρόνου
1190 2909 1266 2984 δόξης
1289 2914 1387 2983 αὐτοῦ,
1411 2912 1459 2969 καὶ
1481 2934 1595 2991 προσκα-

42 3012 144 3068 tasum,
164 3007 189 3052 et
208 2993 244 3051 ab
264 2991 391 3051 omnibus
410 3005 486 3050 terrae
504 2992 607 3050 finibus
626 2992 662 3050 ad
679 2991 780 3051 discer-
833 2990 1020 3063 λε’σωνταιτήν
1035 2994 1085 3070 γῆν
1097 2991 1150 3051 ἀπὸ
1163 2993 1297 3051 ἀνατολῶν
1308 2989 1384 3061 ἡλίου
1394 2990 1475 3071 μέχρι
1487 2992 1595 3068 δυσμῶν,

41 3071 160 3133 nendum
178 3073 236 3151 ejus
258 3072 399 3151 populum,
422 3086 448 3128 et
462 3071 667 3129 retribuendum
687 3074 783 3150 cuique
833 3071 885 3130 καθ’
895 3071 947 3130 ἀπὸ
960 3071 1068 3130 πάντων
1082 3074 1134 3130 τῶν
1145 3070 1267 3149 περάτων
1279 3072 1327 3137 τῆς
1340 3073 1389 3149 γῆς
1403 3076 1450 3129 τοῦ
1471 3071 1595 3147 διακρῖναι

42 3151 190 3213 secundum
205 3172 286 3232 opera
302 3152 371 3209 soa?
391 3150 441 3208 llei
455 3147 536 3208 mihi!
552 3150 645 3228 quales
665 3172 711 3209 nas
727 3173 783 3210 esse
800 3167 818 3214 c
833 3151 878 3210 τὸν
893 3151 956 3210 λαὸν
968 3154 1065 3222 αὐτοῦ,
1080 3151 1126 3208 καί
1141 3154 1284 3211 ἂποδοῦναι
1293 3148 1399 3229 ἑκάστῳ
1412 3149 1482 3209 κατδι
1496 3149 1530 3208 τά
1539 3149 1594 3226 ἔργα

41 3230 185 3312 oportebit,
208 3229 316 3308 quando
336 3229 504 3289 adstabimus
525 3229 591 3288 nudi
611 3245 636 3288 et
658 3232 782 3311 expositi,

41 3333 108 3372 mox
121 3309 239 3370 ducendi
258 3309 294 3368 ad
309 3308 472 3367 horrendum
486 3307 624 3368 tribunal?
641 3309 686 3367 bei
699 3309 782 3370 nihi!

40 3392 85 3451 hei
102 3386 189 3450 mihi!
205 3389 259 3448 Ubi
279 3403 343 3446 tunc
358 3387 529 3468 procacitas?
552 3390 599 3447 ubi
618 3402 681 3450 tunc
695 3391 783 3449 carnis

41 3469 196 3530 fortitudo?
216 3468 264 3527 ubi
279 3468 455 3548 pulchritudo
474 3468 540 3526 falsa
557 3482 583 3526 et
597 3468 720 3526 inutilis?
736 3470 782 3528 ubi

42 3564 107 3608 tunc
120 3549 194 3608 vocis
212 3547 335 3605 lmmnnae
350 3547 486 3606 dulcedo?
501 3548 549 3605 ubi
560 3562 625 3606 tunc
635 3548 662 3605 in
676 3548 784 3626 loquen-

41 3629 78 3689 do
89 3628 190 3687 fiducia
206 3626 320 3685 insoleus
340 3641 366 3685 et
383 3627 582 3687 inverecunda?
593 3627 639 3685 ubi
656 3642 719 3687 tunc
734 3650 781 3687 ve-

42 3695 126 3767 stiurir
137 3707 267 3767 ornatus?
283 3707 331 3765 ubi
344 3721 407 3765 tunc
418 3708 518 3787 peceati
531 3707 655 3786 voluptas
666 3708 783 3767 immun-

41 3788 77 3846 da
94 3802 120 3847 et
135 3808 197 3846 vere
211 3785 341 3845 sordida?
357 3787 403 3844 ubi
417 3801 481 3845 tnnc
501 3789 519 3845 ii
540 3786 586 3864 qui
604 3800 706 3844 stercus
722 3808 783 3845 ma-

41 3867 181 3926 sculorum
198 3866 224 3924 in
242 3865 348 3924 deliciis
361 3866 480 3925 habent.a
495 3867 541 3924 ubi
557 3880 619 3924 tunc
631 3866 649 3923 ii
663 3866 710 3944 qui
722 3888 784 3926 cum

40 3945 179 4026 tympanis
208 3960 234 4004 et
251 3946 442 4004 'instrumentis
473 3945 584 4004 musicis
608 3945 702 4004 vinum
728 3968 785 4005 sor-

40 4025 127 4084 bent?
146 4025 194 4083 ubi
209 4039 272 4084 tunc
287 4039 435 4083 contemtus
449 4024 495 4083 ille
506 4047 598 4084 corum
613 4025 660 4101 qni
675 4026 732 4083 sine
750 4026 782 4083 ti-

41 4124 115 4164 more
129 4103 249 4163 vivunt?
261 4104 309 4163 ubi
322 4119 385 4163 tune
397 4105 479 4164 luxus
490 4119 515 4164 et
528 4105 652 4183 uoluptas
662 4104 675 4162 Ρ
687 4106 785 4164 Omnia

835 3234 933 3302 αὐτοῦ,
947 3229 1182 3308 οἴμοι,ποταπούς
1198 3232 1236 3288 δεῖ
1253 3226 1382 3308 ὑπάρχειν
1393 3233 1476 3305 ἡμᾶς,
1491 3229 1533 3287 ὅτε
1546 3253 1594 3287 πα-

836 3309 980 3390 ριστάμεθοι
998 3310 1092 3387 γυμνοί
1113 3310 1158 3367 καὶ
1176 3308 1437 3388 τετραχηλισμένα,
1466 3309 1594 3384 μέλλοντες

835 3389 985 3468 εἰσάγεσθαι
1000 3393 1034 3455 εἷς
1053 3388 1083 3446 τὸ
1096 3388 1203 3467 φρικτὸν
1219 3392 1309 3465 βῆμα;
1330 3386 1422 3463 οίμοι,
1443 3386 1534 3464 οἴμοι,
1552 3392 1594 3444 πού

835 3468 894 3528 τότε
906 3474 922 3540 ἠ
935 3468 1118 3548 περπερότης;
1133 3475 1184 3526 ποῦ
1198 3468 1287 3538 τότεὴ
1304 3465 1413 3547 ἀνδρεία
1428 3471 1476 3537 τῆς
1490 3465 1590 3545 σαρκός

835 3553 886 3606 ποῦ
900 3547 968 3608 δὲτὸ
985 3549 1081 3614 κάλλος
1095 3549 1125 3606 τὸ
1143 3546 1235 3626 ψευδὲς
1251 3545 1296 3605 καί
1312 3546 1461 3625 άνωῳελέςς
1478 3553 1527 3604 ποῦ
1542 3545 1592 3602 τότε

835 3631 853 3698 ἡ
870 3627 1004 3705 ἡδυρωνία
1021 3631 1073 3684 τῶν
1088 3625 1250 3706 ἀνθρώπων,
1264 3629 1314 3684 ποῦ
1328 3624 1388 3685 τότε
1403 3630 1420 3696 ἡ
1436 3624 1592 3704 παρβησίαή

838 3707 945 3778 ἀναιδής
960 3708 1005 3764 καί
1025 3707 1216 3786 ἀναίσχυντος,
1231 3711 1281 3764 ποῦ
1299 3705 1359 3763 τότε
1379 3708 1394 3762 δ
1415 3701 1593 3780 καλλωπισμὸς

837 3790 889 3844 τῶν
910 3786 1041 3864 ἱματίων,
1063 3794 1113 3845 ποῦ
1127 3784 1186 3843 τότε
1211 3791 1227 3856 ἡ
1251 3783 1332 3858 ἡδονὴ
1356 3788 1404 3855 τῆς
1433 3783 1592 3863 ἁμαρτίαςή

837 3866 983 3945 ἀκάθαρτος
1006 3866 1051 3924 καί
1072 3864 1155 3942 μιαρδι
1170 3866 1290 3938 άληθῶς,
1304 3869 1354 3921 ποῦ
1378 3862 1439 3922 τότε
1456 3868 1482 3922 ol
1496 3863 1543 3935 τὴν
1558 3861 1593 3920 κύ·

837 3969 902 4025 προν
927 3949 978 4003 τῶν
994 3944 1107 4024 άρβένων
1127 3945 1223 4015 ἡδονὴν
1246 3941 1405 4023 ἡγούμενοι;
1426 3950 1478 4002 ποῦ
1500 3944 1555 4000 τότε
1575 3941 1594 3999 ol

839 4025 906 4101 μετὰ
917 4025 1061 4102 τυμπάνων
1072 4024 1118 4082 καί
1129 4027 1261 4102 μουσικῶν
1273 4023 1316 4081 τὸν
1327 4013 1395 4081 οἶνον
1410 4021 1527 4090 πίνοντες
1535 4047 1543 4095 ;
1552 4024 1594 4077 τοῦ

839 4106 897 4163 τότε
919 4108 935 4174 ἡ
955 4102 1149 4184 καταφρόνησις
1172 4108 1224 4162 τῶν
1247 4106 1273 4161 ἐν
1290 4100 1389 4182 άῳοόίορ
1410 4100 1535 4172 ζώντων;
1554 4105 1596 4157 ποῦ

43 4183 115 4242 enirn
130 4184 304 4249 transierunt,
318 4199 343 4243 et
361 4198 389 4243 ut
403 4184 492 4243 mollis
508 4206 553 4242 aer
566 4184 699 4243 dissoluta
711 4199 781 4242 sunt.
804 4195 823 4241 l)
839 4185 898 4244 τότε
920 4188 945 4255 ἡ.
961 4187 1045 4263 τρυρὴ
1073 4185 1118 4241 καί
1135 4184 1279 4254 σπατάλη;
1299 4180 1453 4260 πάνταγὰρ
1473 4182 1596 4258 παρῆλθον

42 4263 98 4323 Ubi
109 4277 174 4323 tuuc
189 4286 266 4324 arnor
280 4264 383 4343 argenti
396 4278 420 4321 et
434 4265 642 4354 possessionum,
655 4278 735 4341 atque
745 4264 785 4323 in·
840 4264 886 4322 καὶ
900 4266 936 4328 ὡς
950 4268 1047 4342 χαῦνος
1062 4264 1112 4341 ἀήρ
1127 4262 1294 4334 διελύθησαν.
1311 4260 1466 4332 [Ιοῦτύτεῆ
1481 4264 1596 4340 φιλαργυ-

40 4342 77 4402 de
90 4357 148 4403 orta
167 4343 373 4403 inhumanitus?
392 4345 440 4402 ubi
454 4360 517 4404 tunc
533 4345 659 4402 immanis
677 4344 722 4402 illa
742 4365 786 4401 su·
841 4342 884 4422 ρία
898 4343 943 4401 καί
959 4347 975 4411 ἡ
991 4342 1223 4421 ριλοκτημοσύνη,
1242 4340 1318 4413 καλή
1336 4339 1361 4408 ἐξ
1376 4343 1463 4398 αὐτῶν
1482 4343 1596 4416 ἀσπλαγ·

42 4421 147 4505 μτσθιίο,
163 4445 224 4502 qum
241 4425 331 4482 ornnin
353 4424 469 4496 fastidit,
489 4440 515 4484 et
529 4425 586 4504 ipsa
609 4423 711 4501 aliquid
732 4444 787 4481 esse
840 4422 901 4502 χνία
913 4446 921 4492 ;
934 4429 984 4480 ποῦ
998 4421 1083 4494 τότεὴ
1101 4421 1275 4500 ἀπάνθρωπος
1292 4421 1476 4498 ὑπερηφανία,
1490 4425 1508 4490 θ,
1522 4419 1598 4477 πάντα

43 4500 172 4562 intutus?
186 4504 233 4561 ubi
254 4518 317 4563 tuuc
336 4504 421 4562 innuis
438 4521 460 4563 et
477 4504 786 4583 avana-hominnmpro-
841 4501 1045 4580 βδελυσσομὲνη,
1053 4502 1098 4558 καὶ
1110 4500 1176 4572 αὐτή
1190 4499 1345 4578 λσγιζομένη
1360 4493 1475 4570 alonim
1491 4505 1541 4559 ποῦ
1549 4497 1598 4555 τότε

43 4583 162 4642 καθίσαι
177 4584 286 4658 glutini¹
304 4585 349 4641 ubi
364 4598 427 4642 tuuc
441 4585 585 4664 imperium
604 4600 631 4644 et
646 4598 654 4641 t
678 4583 787 4641 renuis?
840 4580 947 4652 ἡκαινή
967 4580 1011 4638 καί
1034 4581 1134 4657 ματαία
1149 4581 1299 4660 ἀνθρωπίνη
1318 4580 1442 4658 προκοπὴ
1464 4583 1510 4638 καλ
1530 4576 1599 4647 δόξα,

44 4660 93 4721 ota*
105 4675 170 4721 ttrite
184 4664 352 4744 lmperntor?
370 4664 416 4721 ubi
429 4665 574 4756 prinecps?
589 4664 635 4721 ulti
648 4605 726 4721 dux?
740 4662 787 4720 ubi
840 4667 890 4720 ποῦ
905 4660 963 4718 τότε
976 4666 993 4731 ἡ
1006 4660 1144 4720 δυναστεία
1159 4660 1232 4730 καλή
1246 4660 1380 4740 τυραννίς,
1395 4666 1446 4719 ποῦ
1459 4659 1521 4717 τότε
1535 4661 1599 4734 βασι·

49 4744 93 4821 egei
110 4741 142 4801 itt
153 4755 282 4823 pudestete
298 4757 370 4816 sunt,
393 4765 440 4820 qni
455 4746 615 4823 superbiunt
633 4744 659 4802 in
675 4741 788 4801 divitia·
841 4741 920 4815 λεύς,
937 4745 988 4799 ποῦ
1013 4741 1118 4819 άρχων,
1133 4747 1184 4799 ποῦ
1199 4738 1344 4818 ἡγούμενος
1355 4762 1363 4808 ;
1374 4744 1425 4797 ποῦ
1438 4741 1463 4798 οἱ
1479 4741 1520 4796 ἐπ’
1536 4736 1599 4804 ἐξου-

1 4859 13 4872 =
46 4818 198 4904 :ancwin
218 4836 244 4882 et
262 4823 350 4881 Deum
367 4825 558 4882 contemnunt?
581 4825 660 4881 Tunc
677 4825 788 4880 Viden-
842 4820 1157 4899 σιῶν,οἱγαυριώμενοι
1179 4818 1223 4879 ἐπί
1238 4819 1333 4889 πλήθει
1349 4817 1482 4888 πλούτου,
1500 4818 1543 4875 καὶ
1560 4818 1599 4871 τοῦ

56 4923 89 4962 trs
101 4923 145 4963 ee*
159 4903 298 4962 admirati
310 4914 390 4973 stent,
408 4915 516 4960 tremor
528 4905 718 4982 apprehendit
732 4923 788 4961 eos.
807 4925 826 4973 Ε
842 4905 912 4961 Θεοῦ
927 4907 1166 4980 καταρρονοῦντες,
1185 4898 1255 4957 Τότε
1272 4898 1369 4966 ἰδόντες
1389 4896 1471 4964 οὕτως
1492 4895 1598 4971 teutpa-

54 4988 91 5037 'tn
107 4982 225 5043 delam
247 4996 279 5042 ut
294 4987 496 5062 parturientis,
520 4986 551 5039 in
573 4987 676 5062 spiritu
697 4984 789 5040 vebo·
844 5003 910 5051 σαν,
929 4978 1025 5060 τρόμος
1048 4978 1192 5039 ἐπελάθετο
1209 4980 1320 5044 αὐτούς·
1342 4982 1395 5036 ἐκεῖ
1413 4978 1548 5045 ὠδῖνεςὼς
1563 4996 1596 5029 τι·

54 5070 136 5123 «veti
154 5077 332 5124 contenitur.
354 5061 407 5122 Ubi
430 5082 494 5120 vero
512 5075 576 5120 tune
598 5062 726 5141 snpientia
748 5084 790 5121 sn·
843 5060 973 5135 κτούσης,
1001 5063 1026 5117 ἐν
1047 5059 1177 5137 πνεύματι
1203 5057 1282 5137 βιαίῳ
1306 5054 1596 5135 συντριύήσονται.ΙῙού

83 5254 86 5261 “
127 5240 267 5299 lambatur
278 5253 296 5297 ιε
307 5253 341 5308 μή
354 5252 382 5294 τὰ
390 5240 504 5311 republ
852 5256 897 5303 pro
910 5246 1002 5303 εριύεεο,
1014 5250 1038 5287 et
1049 5236 1112 5287 iulra
1124 5245 1203 5304 καθέτῳ
1213 5250 1259 5300 μευ
1270 5232 1378 5298 καθίσῃ-ί

87 5334 93 5347 ·
131 5326 201 5372 νεύει
211 5321 300 5373 trouu:
317 5321 467 5387 scripsimus
484 5325 592 5391 ροίερῶν,
607 5331 631 5369 et
644 5335 701 5369 mox
716 5326 803 5386 ἐγένετο
