3750 6052
215 328 308 459 Ι3ιά
820 383 1031 437 τιιστιιιοιιιι
1057 385 1219 441 emuna

229 510 333 594 regni?
346 509 377 572 Si
391 508 464 573 enirn
480 508 606 582 dixisset,
619 507 755 571 Dominus
773 522 975 591 regnat,ntee-
1032 510 1137 592 ἀξίωμα
1149 537 1158 586 3
1172 509 1272 593 Είμίν
1285 508 1339 591 γάρ
1351 498 1460 587 elatu&
1472 506 1576 595 Κύριος
1593 503 1761 590 βασιλτύιι,
1774 502 1821 581 τίν

230 625 295 665 nam
320 601 433 664 Domini
454 615 610 684 potestatem
631 599 810 680 ostendisset3
828 622 891 661 cum
908 599 976 661 dicit
1031 604 1114 666 ἀίδιον
1130 608 1209 667 adnot
1226 605 1374 687 ἡρμήνευσε
1386 600 1520 674 timolus·
1531 600 1623 664 ιίτιλν
1640 598 1689 675 ἀλ,
1704 598 1820 660 'Etou-

231 718 308 770 νειο,
320 698 476 777 Regnavit,
490 696 550 777 ejus
560 695 737 755 ‹economiam
751 715 799 776 per
818 712 925 752 carnem
942 691 978 752 si·
1030 698 1118 770 λευσι,
1132 697 1180 769 τὴν
1195 697 1240 757 διδ
1252 698 1350 779 σαρκὸς
1366 697 1445 757 αὐτοῦ
1462 692 1623 774 οἰκονομίαν
1635 692 1731 773 λέγει,
1744 690 1780 749 δι’
1794 682 1822 761 ἧς

232 789 358 873 gnificat,
371 808 513 869 perquam
533 801 636 847 natura.
650 800 740 846 nostra
761 787 829 867 jugo
851 784 976 859 diaboli,
1031 792 1049 862 ἡ
1070 788 1146 869 φύσις
1168 794 1246 868 ἡμῶν
1268 789 1318 862 τὴν
1336 788 1507 869 ίπικράτειαν
1525 790 1577 848 τῶ
1602 783 1760 858 διαύολω,
1777 785 1822 852 τῆς

231 880 355 963 peccati,
377 880 472 940 mortis
487 901 609 953 excusso,
624 881 777 939 Creatorem
797 877 934 958 cognovit,
947 889 978 935 ut
1033 879 1238 961 δμαρτίας,τοῦ
1261 880 1373 941 θανάτου
1393 878 1610 959 ἀποσεισαμίνη,
1627 876 1745 956 έπέγνιε
1758 876 1822 936 τλά·

232 993 326 1034 νετιιτιι
338 973 449 1051 Regem,
459 973 615 1052 largitorem
627 970 847 1052 incorruptionis,
859 989 977 1029 resurre-
996 999 1014 1046 ρ
1034 994 1098 1045 στην
1118 973 1164 1033 τὸν
1193 977 1229 1040 ὡς
1250 973 1355 1045 ἀληθῶς
1380 972 1522 1052 βασιλέα,
1549 970 1599 1030 τὸν
1620 967 1752 1050 χορηγόν
1777 971 1821 1038 τῆς

232 1063 341 1124 ctionis.
356 1065 494 1123 Nuntium
509 1065 594 1145 igitur
609 1065 700 1123 latum
719 1065 797 1123 affert
820 1061 912 1123 David
926 1062 976 1136 iis,
1034 1063 1190 1145 ἀφθαρσίας,
1204 1069 1252 1137 τῆς
1265 1063 1446 1131 ἀναστάσεως.
1460 1062 1683 1142 Εὖαγγιλέζιται
1703 1058 1793 1120 τοίνυν
1808 1062 1820 1116 ό

232 1155 309 1235 quia
327 1170 452 1236 preerato,
464 1170 572 1233 morte,
584 1154 693 1216 diabolo
708 1155 773 1215 olim
795 1155 976 1234 regebantur,
1033 1155 1118 1215 Δαυλδ
1133 1165 1186 1223 τοῖς
1200 1155 1252 1214 θπδ
1265 1160 1313 1226 τῆς
1329 1154 1477 1234 ἁμαρτίας,
1491 1155 1544 1215 ύτδ
1559 1158 1609 1214 τοῦ
1624 1152 1761 1223 θανάτυι,
1773 1151 1821 1212 ὑπὸ

232 1245 306 1327 quod
313 1248 413 1328 jugum
428 1245 497 1305 illud
510 1248 656 1307 contritum
667 1292 676 1322 ‚
686 1248 831 1329 imperium
842 1246 977 1306 sublatum
1032 1252 1079 1304 τοῦ
1093 1246 1216 1307 διαύολοο
1227 1247 1311 1306 πάλαι
1326 1245 1557 1325 βασιλευομένοις,
1570 1246 1615 1305 ότι
1630 1247 1649 1304 δ
1660 1243 1745 1323 ζυγὸς
1756 1247 1821 1303 lasi-

78 1367 166 1416 μεως,
181 1361 220 1410 23,
233 1339 282 1416 tit,
295 1352 322 1398 et
337 1341 470 1398 Dominus
481 1340 608 1399 omnibus
619 1340 783 1414 dominetur,
795 1354 826 1399 ut
840 1340 897 1420 ipse
910 1358 977 1416 qno·
1032 1359 1075 1405 νος
1089 1339 1291 1417 συντίτριπται,
1305 1337 1337 1398 ri
1351 1336 1447 1417 κρότος
1464 1336 1592 1412 λέλυται,
1606 1335 1662 1396 καλ
1684 1335 1820 1416 βασιλεύει

83 1432 119 1477 18.

234 1454 288 1510 que
309 1445 369 1513 post
391 1433 609 1492 resurrectionem
630 1432 721 1491 dixit:
737 1433 819 1491 Data
844 1444 887 1490 est
904 1433 980 1488 milti
1034 1429 1141 1490 πάντων
1152 1435 1167 1489 ό
1180 1432 1291 1511 Κύριος,
1304 1433 1341 1499 ὡς
1361 1430 1407 1490 καί
1422 1430 1500 1497 αύτδς
1515 1429 1587 1507 μετά
1598 1426 1658 1501 τὴν
1672 1428 1820 1489 ἀνάστασιν

80 1553 207 1610 tinniant
237 1526 470 1606 omuispotestas
484 1528 516 1582 in
535 1525 607 1582 coelo
621 1535 649 1582 et
667 1530 699 1581 in
719 1523 897 1583 terru.Prius
916 1541 979 1580 vero
1034 1522 1202 1604 tos-’Estne
1217 1547 1263 1601 μοι
1276 1532 1351 1582 πᾶσα
1364 1520 1467 1590 (imola
1480 1523 1632 1604 ἀνούρανῷ
1645 1520 1757 1580 milui
1765 1525 1820 1598 γῆς.

235 1615 372 1675 dominata
387 1630 426 1674 est
440 1615 518 1675 nobis
532 1636 605 1674 tnors
619 1629 645 1674 et
663 1628 802 1695 peccatum
815 1640 821 1671 ι
834 1616 980 1696 Regnavit
1035 1614 1104 1694 llpls
1128 1615 1156 1674 δλ
1176 1614 1328 1674 ἀύασίλιυιν
1342 1617 1420 1692 ἡμῶν
1434 1615 1449 1672 ό
1466 1610 1579 1681 θάνατος
1591 1612 1646 1671 καί
1658 1617 1678 1686 ἡ
1691 1610 1820 1689 ἁμαρτία·

83 1741 168 1790 Μ),
187 1748 224 1783 ῃ,
237 1708 309 1768 enim
321 1728 398 1767 mors
408 1709 553 1766 abAdam
562 1709 893 1788 usqueadrlioysem,et
906 1718 981 1783 post·
1036 1704 1213 1766 Ἐύασίλευσε
1233 1705 1285 1787 γάρ
1298 1711 1313 1765 θ
1326 1706 1438 1771 θάνατος
1455 1704 1508 1764 ἀπό
1518 1702 1609 1781 ’utto
1631 1702 1721 1783 μέχρι
1741 1705 1823 1762 llari·

81 1808 121 1854 αθ.

236 1821 278 1861 οε.
294 1799 329 1859 Et
351 1801 479 1859 Servator
499 1798 535 1859 de
550 1798 660 1858 diabolo
675 1823 682 1856 ι
695 1799 727 1858 Si
740 1812 882 1858 satanam
900 1812 982 1858 sata·
1037 1798 1113 1870 σίως,
1126 1797 1172 1857 καὶ
1186 1797 1253 1869 ίξῆς·
1268 1796 1341 1857 καλό
1355 1795 1452 1877 Σειιτλρ
1469 1795 1531 1876 περί
1547 1800 1596 1856 τοῦ
1614 1795 1761 1856 διαύόλοε·
1772 1797 1821 1854 Καὶ

239 1913 294 1952 nas
315 1894 432 1973 ejiciat,
446 1893 572 1951 dlvisum
597 1905 640 1950 est
661 1910 782 1972 reguum
804 1894 877 1972 ejus.
889 1892 983 1970 ltaque
1037 1892 1061 1949 εί
1076 1893 1091 1947 ό
1104 1899 1219 1957 σατανῦς
1237 1887 1283 1948 τὸν
1304 1898 1419 1949 οατανῦν
1434 1886 1574 1963 tatutis,
1587 1886 1763 1968 ἀμερίσθηὴ
1778 1890 1823 1965 βα·

237 1987 360 2067 regnavit
373 2000 435 2046 ante
454 1984 603 2044 adventum
618 1983 722 2044 Christi
736 2006 817 2066 super
828 2005 912 2063 genus
926 1984 982 2043 hu·
1001 1997 1020 2045 c
1038 1979 1124 2039 σιλιία
1140 1981 1231 2039 αὐτοῦ.
1252 1978 1338 2041 Ὥστε
1363 1977 1500 2039 eternus
1519 1979 1575 2061 πρὸ
1599 1982 1656 2049 τῆς
1679 1980 1824 2057 έπεδτμίες

108 2132 154 2160 m,
175 2147 181 2159 ⁸
203 2127 223 2159 ¹·
238 2098 349 2137 manum
370 2077 496 2137 diabolus
509 2118 519 2150 ‚
530 2076 586 2136 imo
607 2090 633 2136 et
657 2090 794 2158 peccatum
806 2075 890 2135 :dicit
911 2076 983 2135 enim
1038 2077 1084 2132 τοῦ
1097 2074 1223 2153 Χριστοῦ,
1236 2079 1282 2133 τοῦ
1293 2071 1382 2152 γένυες
1393 2075 1471 2149 ἡμῶν
1484 2075 1498 2131 ό
1510 2079 1646 2139 σατανθς·
1658 2071 1734 2131 ἀλλά
1748 2072 1793 2131 καὶ
1806 2075 1822 2142 ἡ

237 2172 333 2232 iterum
351 2171 475 2229 Paulus:
494 2171 744 2248 Quemadtuodum
761 2173 895 2250 regnavit
914 2189 984 2249 pec·
1038 2165 1167 2247 ἇμαρτία.
1189 2165 1269 2246 Alpes
1288 2162 1340 2246 γάρ
1362 2164 1443 2223 πάλιν
1458 2167 1473 2224 ό
1489 2164 1617 2230 Παῦλος·
1630 2161 1751 2247 Ὥσπερ
1775 2163 1823 2243 γάρ

236 2276 335 2326 cutum
348 2270 379 2321 in
393 2264 513 2323 mortali
529 2276 626 2321 nostro
642 2282 772 2342 corpore,
783 2268 824 2321 sic
840 2274 868 2320 et
885 2267 984 2341 gratia
1039 2256 1207 2319 ίύασίλευσιν
1222 2264 1239 2332 ἡ
1256 2257 1375 2337 ἁμαρτία
1392 2258 1471 2339 ἀντῷ
1489 2260 1579 2340 θνητῷ
1602 2260 1692 2335 ἡμῶν
1706 2256 1823 2335 σώματι,

237 2360 372 2437 regnabit
391 2372 444 2435 per
472 2355 634 2414 Christum.
657 2356 807 2413 Dominus
829 2359 983 2434 regnauit3
1039 2348 1107 2409 οῦτοι
1121 2349 1198 2421 καλή
1216 2349 1294 2431 χάρις
1309 2347 1461 2428 βασιλεύσει
1475 2347 1720 2428 διάΧρισ-τῶ.“0
1731 2349 1825 2430 Κύριος

239 2448 348 2507 finitum
366 2461 407 2506 ost
429 2447 574 2527 imperium
595 2446 697 2526 peccati
709 2489 717 2521 ,
730 2445 842 2519 mortis,
855 2443 981 2503 diaboli:
1039 2439 1208 2500 ίύασίλευσε·
1229 2441 1364 2500 πέπαυται
1380 2443 1428 2511 τῆς
1449 2439 1582 2519 ἁμαρτίας
1596 2439 1634 2500 τδ
1652 2441 1825 2520 κράτος,τῶ

241 2540 357 2599 exsultet
375 2539 460 2619 igitur
473 2552 564 2612 terra,
579 2551 674 2596 natura
689 2535 822 2615 terrigena
835 2581 844 2612 ,
859 2536 925 2594 olim
937 2557 984 2595 er·
1039 2533 1163 2606 θανάτου,
1178 2539 1224 2593 τοῦ
1246 2533 1384 2592 διαθολου·
1403 2535 1494 2593 οὐκοῦν
1509 2532 1695 2613 ἀγαλλιάσθιο
1711 2538 1732 2607 ἦ
1750 2539 1797 2614 γῆ,
1810 2540 1830 2606 ip

239 2654 314 2709 rens,
330 2653 403 2692 nunc
416 2651 480 2690 vero
494 2629 626 2711 gloriosa3
642 2629 708 2689 olim
721 2629 750 2688 in
763 2627 984 2709 sepulcris3nnne
1039 2625 1114 2705 φύσις
1128 2631 1146 2698 ἡ
1162 2623 1320 2705 witelmi
1339 2623 1404 2685 ποσί
1418 2624 1594 2702 πλανωμίνη,
1609 2633 1660 2689 νῦν
1674 2626 1706 2688 θλ
1720 2627 1826 2698 δοξαζο-

240 2723 269 2783 in
280 2723 400 2783 thronis.
415 2746 431 2778 υ
1041 2718 1119 2797 μόνη,
1132 2723 1150 2789 ἡ
1163 2718 1227 2779 nori
1243 2721 1270 2778 ἀν
1284 2717 1388 2798 τάφοις,
1401 2722 1447 2776 νῦν
1464 2715 1493 2777 δλ
1507 2719 1536 2777 ἀν
1552 2718 1676 2797 θρόνοις.

282 2840 296 2871 ι
311 2814 481 2876 Oeconomiae
489 2859 498 2890 ,
507 2837 523 2869 ν
537 2813 635 2893 inquit,
647 2838 663 2869 ι
676 2825 752 2873 erant
765 2812 884 2894 plurima
894 2811 921 2872 in
935 2834 985 2873 ve-
1079 2817 1162 2889 Ὅτι,
1175 2817 1268 2898 φησίν,
1282 2816 1431 2895 οἰκονομίας
1444 2808 1477 2890 ἦν
1489 2815 1525 2876 τά
1543 2820 1669 2880 πλεῖστα
1680 2824 1740 2882 τῶν
1754 2824 1783 2882 ἀν
1796 2827 1825 2902 τῇ

240 2910 292 2970 teri
305 2910 487 2980 Testamento,
495 2904 543 2965 sed
551 2926 604 2965 non
615 2908 726 2965 omnino
737 2919 812 2985 grata
823 2919 850 2964 et
859 2905 983 2986 benepla·
1003 2933 1023 2981 ρ
1041 2910 1165 2990 Παλαιᾷ,
1177 2911 1236 2969 ἀλλ’
1250 2911 1297 2969 οὐκ
1314 2908 1452 2990 ἀρεσκείας
1467 2911 1539 2968 Θεοῦ
1552 2910 1603 2970 καί
1620 2916 1826 2997 προηγωμένης

242 3000 295 3061 cita
311 3005 369 3060 Deo
391 3011 482 3058 erant:
495 3019 585 3057 rernm
602 2998 757 3058 futurarum
774 2997 867 3078 figurae
878 3012 904 3058 et
920 3019 985 3056 urn-
1040 3001 1174 3077 εύδοκίας,
1187 3001 1232 3061 καὶ
1253 3000 1331 3061 τύποι
1350 3005 1403 3061 τῶν
1425 2997 1575 3080 μελλόντων
1591 3003 1645 3064 καί
1659 3008 1756 3082 σκιαὶ,
1770 3009 1824 3065 ἀλλ’

242 3092 308 3165 brae,
324 3088 434 3150 sednon
448 3111 489 3149 res
504 3089 567 3171 ipsae
582 3102 627 3148 :et
641 3088 734 3150 ridere
751 3090 832 3149 estin
847 3089 903 3149 illis
918 3089 986 3149 alias
1040 3097 1089 3155 οῦκ
1103 3094 1169 3154 αὐτὰ
1191 3092 1226 3153 τά
1246 3094 1403 3174 πράγματα.
1419 3095 1472 3155 Καί
1492 3094 1565 3156 ίστιν
1580 3098 1653 3159 ἰδεῖν
1680 3101 1730 3160 ἐπ’
1745 3102 1826 3161 αὐτῶν

243 3182 353 3263 quidem
367 3182 478 3262 figuras,
492 3181 560 3241 alias
579 3201 642 3240 vero
657 3182 876 3243 notiones.Verbi
888 3183 985 3262 gratia,
1041 3186 1110 3246 ἀλλα
1134 3185 1182 3264 μὲν
1199 3184 1234 3245 τδι
1253 3188 1397 3267 σχήματα,
1411 3188 1481 3247 άλλα
1494 3186 1522 3248 δί
1536 3188 1571 3250 τά
1585 3189 1734 3269 νοήματα
1751 3185 1825 3253 otu·

242 3296 295 3335 non
315 3275 425 3335 omnino
440 3274 546 3356 placent
566 3277 624 3334 Deo
641 3273 806 3356 hyacinthus
818 3319 827 3348 ‚
841 3296 985 3356 purpura,
1042 3280 1072 3337 οὐ
1086 3277 1193 3345 πάντως
1215 3278 1283 3345 Θεδς
1308 3278 1472 3338 ἀναπαύεται
1495 3279 1617 3365 ύακίνθιρ
1633 3283 1685 3343 καὶ
1709 3284 1827 3366 πορφύρα

243 3389 337 3429 coccus
347 3382 374 3427 et
383 3366 481 3448 byssus
489 3390 498 3442 3
510 3369 583 3426 Deus
597 3367 667 3426 euim
679 3369 830 3426 animarum
841 3367 986 3447 puritatem
1043 3370 1089 3430 καί
1102 3369 1191 3451 κόκκῳ
1204 3369 1250 3428 καί
1269 3369 1369 3450 βύσσῳ·
1387 3370 1455 3438 Θεδς
1470 3367 1522 3452 γάρ
1535 3372 1639 3453 ψυχῶν
1656 3376 1772 3436 ἀπαιτεῖ
1783 3401 1825 3435 κτ-

243 3461 373 3540 requirit,
388 3481 440 3519 non
457 3480 600 3540 corporum
616 3460 695 3519 llores
716 3474 742 3519 et
761 3459 927 3541 splendores,
941 3458 989 3519 sed
1043 3460 1177 3542 depulsura
1186 3506 1195 3536 ,
1209 3463 1239 3520 οὗ
1252 3459 1384 3538 σωμάτων
1398 3462 1464 3536 ἀνθη
1480 3462 1526 3522 καὶ
1538 3464 1758 3545 λαμπρότητας
1772 3470 1825 3527 ἀλλ’

243 3554 412 3634 incorporea
428 3552 559 3630 elegantia
579 3552 724 3631 imaginem
741 3554 874 3611 virtutum
891 3551 990 3634 depin·
1044 3555 1072 3613 δν
1086 3562 1143 3622 ταῖς
1157 3561 1322 3631 σωματικαῖς
1334 3553 1492 3633 φαιδρότησι
1506 3552 1555 3626 τὴν
1569 3556 1670 3618 εἰκόνα
1690 3562 1750 3621 τῶν
1767 3564 1825 3642 ἀρε-

244 3646 330 3725 giesi
342 3645 414 3703 enirn
425 3664 488 3703 vere
499 3644 574 3702 stolis
588 3643 644 3701 illis
654 3641 990 3722 acquiescebat3quomodo
1044 3650 1097 3706 τῶν
1110 3645 1258 3726 διαγράφει.
1270 3646 1304 3705 Εἰ
1316 3644 1367 3726 γάρ
1377 3654 1436 3714 ταῖς
1450 3646 1556 3715 στολαῖς
1572 3648 1698 3719 ίκιίναις
1711 3656 1752 3720 ὣς
1762 3654 1825 3725 ἀλη-

244 3740 368 3816 llloysem
382 3748 443 3794 ante
459 3739 548 3793 Aaron
564 3754 617 3792 non
633 3733 736 3808 induit3
751 3733 799 3792 sed
814 3734 989 3811 quaillenon
1045 3743 1096 3807 θῶς
1123 3735 1284 3811 ἀνεπαύετο,
1303 3741 1360 3803 πῶς
1380 3737 1425 3797 τὸν
1443 3740 1564 3810 Mutuo-‘iv
1587 3739 1647 3820 πρδ
1667 3744 1826 3825 παῦλαρὼν

245 3825 489 3901 vestiebatur,illa
515 3825 605 3886 induit
625 3825 800 3886 sacerdotes?
816 3827 853 3885 Et
881 3830 990 3910 llloyses
1045 3836 1092 3893 οὐκ
1106 3831 1239 3902 ἐνέδυσεν,
1259 3830 1318 3890 ἀλλ’
1328 3829 1360 3904 ἢν
1375 3833 1471 3899 ἐκεῖνος
1490 3830 1825 3913 ούκάνιδύσατο,ταύτσ,ν

246 3918 357 3998 quidem
377 3940 446 3996 aqua
462 3939 515 3976 non
529 3918 601 3977 lotus
613 3930 667 3994 est,
681 3930 706 3975 et
719 3919 788 3978 lavit
806 3940 813 3978 :
830 3923 937 3998 quare?
951 3923 990 3982 Ut
1009 3943 1028 3991 ις
1045 3923 1105 3991 τοὺς
1122 3923 1207 4004 ίερέας
1220 3921 1357 4004 ἠμφίεσε,
1372 3922 1424 3982 llal
1439 3924 1556 3996 Μιοῦσῆς
1571 3924 1627 4002 μίν
1645 3930 1700 3987 οὖα
1720 3929 1824 3999 ίλούσθη

249 4011 338 4069 discas
351 4032 404 4070 non
418 4010 474 4068 hac
486 4012 543 4068 Deo
556 4011 662 4090 potiora
677 4031 734 4070 esse
745 4033 754 4088 3
766 4012 893 4091 quoniam
903 4015 994 4095 perie-
1046 4017 1130 4091 ύδατι,
1143 4015 1187 4075 καλ
1198 4014 1281 4075 ἔλουε·
1296 4013 1339 4075 διδ
1350 4014 1393 4091 τί,
1404 4014 1449 4076 ἵνα
1459 4016 1557 4096 μάθῃς,
1569 4016 1615 4078 δτι
1630 4020 1685 4079 οῦκ
1699 4011 1736 4095 ἦν
1749 4028 1824 4083 ταῦτα

250 4116 293 4163 cto
314 4102 374 4163 viro
393 4101 428 4161 ad
443 4102 485 4161 sui
504 4114 630 4160 ornatum
646 4102 748 4162 sufficit
768 4105 869 4181 virtus,
884 4119 910 4166 et
930 4106 994 4185 quia
1048 4109 1233 4192 προηγούμενα
1253 4111 1291 4191 τῷ
1313 4110 1390 4188 Θεῷ·
1407 4107 1448 4170 δτι
1466 4112 1506 4192 τῷ
1526 4110 1586 4170 τελε
1642 4112 1719 4192 πρδς
1733 4115 1824 4193 κόσμον

251 4196 309 4256 haec
325 4209 407 4278 typus
416 4208 493 4255 erant
503 4193 623 4272 virtutis,
639 4215 691 4254 non
706 4196 763 4277 ipsa
776 4196 873 4258 virtus.
887 4222 902 4256 ο
1049 4207 1125 4283 ἀρκεῖ
1138 4206 1156 4272 ἡ
1168 4203 1265 4282 ἀρετὴ,
1276 4199 1323 4260 καί
1335 4198 1377 4259 ότι
1392 4206 1476 4262 ταῦτα
1492 4199 1574 4269 τύπος
1588 4108 1629 4279 lgr
1642 4206 1699 4277 τῆς
1722 4210 1825 4288 ἀρετῆς,

1050 4296 1108 4355 ἀλλ’
1121 4294 1168 4352 οὐκ
1178 4290 1271 4375 ἀρετή.

101 4419 178 4463 ,ηρ
202 4411 240 4459 ,3,
295 4408 311 4440 ιι
320 4385 351 4443 ln
363 4383 484 4465 capite»
497 4381 594 4461 inquit,
606 4407 619 4438 ι
630 4382 730 4442 serebat
744 4384 865 4465 pontifex
879 4386 976 4446 tiaram
983 4410 994 4467 3
1086 4385 1152 4447 'Ort
1171 4384 1215 4444 ἐπὶ
1228 4389 1276 4457 τῆς
1294 4387 1425 4465 κεφαλῆς,
1438 4384 1536 4464 φησίν,
1550 4382 1644 4469 ἔφερεν
1661 4390 1679 4450 δ
1694 4386 1825 4472 ἀρχιερεύς

100 4481 140 4541 39.

253 4477 318 4556 quia
329 4477 469 4556 oportebat
478 4496 541 4535 eum
554 4474 601 4554 qui
613 4490 695 4558 caput
705 4477 827 4537 omnium
836 4480 996 4540 constitutus
1048 4478 1153 4557 τιάραν,
1167 4476 1233 4536 διότι
1248 4477 1293 4536 τὸν
1308 4475 1539 4557 προχειριζόμενον
1555 4476 1690 4539 ἁπάντων
1713 4480 1825 4562 κεφαλὴν

254 4582 322 4641 erat,
338 4569 366 4628 in
381 4569 468 4650 capite
481 4568 580 4628 habere
593 4583 797 4650 potestatem,et
812 4572 880 4633 scire
890 4595 997 4650 se,curn
1049 4569 1118 4631 κατά
1129 4575 1177 4641 τῆς
1189 4571 1306 4648 κεφαλῆς
1320 4567 1389 4647 [χειν
1400 4567 1450 4640 τὴν
1462 4565 1578 4635 ἐξουσίαν
1592 4569 1660 4644 ἔδει,
1672 4570 1723 4631 καί
1736 4572 1828 4632 εἰδέναι

254 4675 336 4744 capnt
350 4660 465 4721 aliorum
476 4660 522 4737 sit,
534 4662 654 4722 omniurn
665 4677 753 4724 umen
763 4666 881 4725 Domino
895 4666 995 4747 princi·
1049 4662 1091 4725 δτι
1109 4659 1226 4742 κεφαλὴν
1249 4665 1301 4720 τῶν
1324 4661 1412 4719 ἄλλων
1436 4657 1672 4739 προόιλλόμενος,
1687 4661 1738 4724 καί
1756 4662 1830 4728 σιἰσὸς

254 4756 282 4837 pi
296 4776 354 4816 esse
365 4755 528 4836 subjectum.
543 4754 672 4816 Absoluta
687 4754 758 4816 enim
772 4758 936 4830 auctoritas,
950 4779 998 4819 nec
1049 4754 1101 4816 ὑπὸ
1114 4752 1231 4834 κεφαλήν
1246 4754 1302 4812 ἐστι
1322 4751 1366 4810 τὸν
1382 4751 1466 4811 κοινόν
1482 4750 1607 4811 ἁπάντων
1620 4754 1770 4829 Δισκεύειν
1787 4762 1830 4814 καὶ

254 4849 414 4930 cujusquam
426 4847 540 4929 irnperio
550 4847 670 4930 subjecta
681 4895 689 4923 ‚
700 4849 767 4910 dura
782 4863 858 4910 estet
870 4851 999 4912 intolera·
1050 4845 1229 4918 ἀξουσιαστήν·
1244 4842 1428 4922 ἀπολελυμένη
1447 4841 1499 4925 γάρ
1520 4844 1665 4905 αὖθίντεια
1687 4847 1738 4908 καί
1753 4850 1829 4908 αῦτύ-

259 4941 333 5001 bilis.
348 4940 413 5000 Ideo
429 4941 457 4998 in
479 4940 538 5021 lege
558 4941 650 5021 gratias
667 4942 715 5021 qui
729 4942 870 5024 pontifices
884 4945 997 5005 maximi
1015 4965 1033 5012 ιι
1049 4963 1129 5018 νομος
1140 4936 1270 5018 ἀφόρητόν
1284 4940 1340 4996 ἔστι
1354 4934 1400 4995 καί
1410 4935 1528 5016 χαλεπή·
1540 4934 1593 4995 Ᾱῑύ
1602 4944 1687 4999 τῶτο
1700 4940 1749 4999 καὶ
1761 4941 1830 5017 itti

255 5047 337 5111 sunt,
353 5033 524 5114 evangelium
544 5034 572 5093 in
584 5035 672 5116 capite
684 5035 817 5116 recipiunt
829 5081 837 5112 ,
851 5051 881 5096 ut
895 5037 961 5097 sciat
974 5037 997 5097 is
1051 5031 1143 5111 χάριτι
1162 5033 1186 5088 ot
1207 5028 1405 5108 ἀρχιερατεύειν
1426 5026 1596 5105 τελούμενοι,
1618 5028 1653 5090 τδ
1674 5031 1832 5113 ιῦαγγίλιον

256 5121 304 5198 qni
324 5120 444 5202 eligitur,
454 5143 483 5182 se
497 5143 590 5183 veram
603 5123 734 5204 evangelii
749 5125 847 5184 tiaram
862 5126 995 5207 accipere,
1050 5122 1095 5180 ἐπὶ
1118 5122 1235 5200 κεφαλῆς
1248 5120 1386 5200 δέχονται,
1403 5118 1446 5179 ἵνα
1466 5119 1537 5201 μάθῃ
1551 5124 1566 5178 θ
1582 5125 1833 5204 χειροτονούμενος,

255 5220 281 5268 et
292 5209 395 5271 etiamsi
408 5211 525 5272 aliorum
537 5232 644 5273 sacrum
657 5225 737 5292 caput
751 5213 938 5293 constituatur,
949 5214 998 5274 iis·
1050 5213 1091 5273 δτι
1104 5212 1153 5286 vlu
1172 5212 1298 5286 ἀληθινὴν
1319 5218 1364 5273 τοῦ
1385 5210 1535 5290 εὐαγγελίου
1556 5213 1654 5294 τιάραν
1679 5218 1833 5299 λαμόάνει,
