3750 6052
903 559 937 630 Χ]

151 710 183 751 re
206 687 360 769 explorata
373 698 526 748 testamur.
555 685 628 749 Acta
642 683 967 769 Apostolorum-semel
990 697 1110 744 mutum
1128 697 1311 764 comparent
1333 681 1474 746 ceterum
1497 683 1547 747 hic
1570 686 1687 759 etiam,

151 799 186 847 ut
200 785 284 861 alibi,
298 782 450 844 Saviliana
461 783 554 846 editio
567 784 720 864 ingentem
732 782 797 846 vim
812 779 1059 842 emendationum
1075 777 1328 852 subministravit,
1347 800 1480 861 quarum
1500 802 1574 844 usus
1591 780 1691 843 Bene-

150 890 270 953 dictinis
292 889 415 951 sortasse
437 887 541 970 paullo
567 888 721 951 molestior
744 899 832 961 erat,
853 905 923 946 cnm
944 883 1143 947 lilorellianus
1174 884 1250 947 crdo
1271 884 1443 966 eclogarum
1474 886 1514 948 ab
1544 889 1616 969 ipsis
1635 909 1689 950 ex-

150 1007 269 1067 pressus
292 1005 415 1065 promus
431 984 548 1047 differat
570 983 609 1046 ab
625 983 789 1048 Sarilisno.
806 982 861 1046 llis
882 979 960 1043 adde
981 1001 1050 1062 quai
1076 979 1115 1042 de
1140 993 1242 1043 nostm
1268 1000 1358 1064 opera
1376 981 1511 1046 diximus
1535 1003 1606 1065 pag.
1632 982 1691 1050 488

151 1103 237 1144 novae
257 1081 405 1144 editionis.

194 1242 343 1305 Absolutis
352 1242 494 1322 operibns
501 1239 715 1321 Chrysoatomi,
728 1259 767 1300 ne
779 1240 855 1320 quid
869 1259 972 1302 rernm
991 1239 1032 1301 ad
1051 1259 1122 1301 eum
1144 1241 1363 1321 pertinentium
1372 1240 1496 1304 lectores
1506 1245 1601 1304 nostri
1611 1242 1692 1306 desi·

152 1338 301 1411 derarent,
315 1338 564 1399 constitueramus
577 1335 723 1415 subjicere
734 1335 819 1400 Vitas
827 1335 860 1398 S.
873 1336 998 1399 Patrisa
1013 1331 1145 1417 Georgia
1157 1336 1370 1412 Alexandrino,
1381 1337 1482 1399 Leone
1495 1337 1692 1420 Imperatore,

150 1454 305 1514 anonymo
318 1432 451 1514 quodam
463 1477 472 1508 ,
487 1430 636 1513 Symeone
650 1429 854 1512 Memphraste
864 1445 894 1493 et
904 1429 983 1508 aliis,
996 1432 1128 1512 plurima
1143 1431 1205 1495 iere
1214 1455 1254 1505 ¹ex
1265 1431 1396 1514 Georgic
1413 1431 1618 1497 Alexandrino
1631 1435 1692 1497 du·

150 1529 299 1606 centibus,
313 1529 493 1608 conscriptas
505 1550 514 1601 ;
527 1526 580 1588 illo
593 1539 729 1608 tempore
746 1527 851 1590 eadem
864 1549 915 1610 spe
937 1528 1022 1591 ducti
1037 1548 1097 1609 qua
1119 1529 1195 1591 olim
1208 1531 1457 1606 Montiauconus,
1472 1529 1537 1594 t‘cre
1550 1545 1587 1593 ut
1595 1553 1631 1593 ex
1644 1531 1691 1595 his

150 1627 266 1706 scriptis
283 1625 385 1706 aliqua
402 1637 481 1686 certe
497 1625 529 1685 in
545 1624 636 1686 rebus
654 1623 683 1684 S.
694 1623 908 1707 chrysostomi
918 1625 1027 1688 melius
1049 1624 1251 1689 illustrentur.
1274 1626 1333 1689 Sed
1348 1628 1516 1690 accuratius
1528 1628 1690 1709 inspectis,

149 1741 221 1781 cum
232 1721 337 1782 eodem
355 1718 575 1782 Montiaucono
592 1719 773 1800 cogebamur
791 1719 888 1791 lateri,
903 1718 1008 1798 plenas
1032 1740 1094 1780 esse
1105 1718 1172 1782 illas
1190 1722 1365 1802 scriptiones
1379 1720 1551 1783 fabularum
1564 1733 1594 1781 et
1606 1742 1692 1783 com-

150 1831 336 1896 mentorum,
351 1839 455 1880 rerum
466 1820 586 1891 inanes;
605 1838 639 1880 ac
649 1838 718 1880 vere
730 1817 838 1878 dixisse
849 1815 998 1878 Sarilium
1010 1817 1202 1897 agnovimus,
1216 1820 1254 1876 In
1268 1820 1374 1897 quibus
1396 1818 1537 1898 Georgius
1547 1838 1566 1876 a
1580 1821 1689 1876 veteri-

152 1916 204 1974 bus
219 1912 349 1986 discedit,
361 1927 416 1974 aut
430 1915 577 1973 veteribus
592 1934 670 1973 nova
682 1915 718 1974 de
726 1933 780 1973 sno
790 1916 894 1991 assuit,
908 1912 1013 1994 sasere
1022 1919 1121 1971 omnia
1129 1914 1182 1973 oei
1193 1914 1320 1997 insulsis
1329 1913 1474 1994 relinquo,
1485 1913 1537 1973 vel
1545 1917 1579 1972 irs
1587 1933 1690 1994 suspe-

150 2017 214 2070 ctis.
228 2011 329 2089 Quare
340 2010 514 2072 chartarum
527 2031 606 2072 cnns
619 2009 765 2072 inutiliter
782 2029 891 2090 angere
903 2007 1076 2081 noluimns;
1093 2008 1144 2071 sed
1157 2030 1193 2070 eo
1202 2013 1348 2090 majorem
1368 2028 1472 2071 curam
1487 2007 1693 2089 impendimus

150 2105 299 2182 Palladio,
314 2109 369 2188 qui
390 2128 473 2168 unus
494 2108 634 2169 omnium
650 2120 749 2169 certm
761 2107 844 2168 testis
865 2118 909 2168 est
922 2125 1024 2168 rerum
1042 2127 1061 2166 a
1073 2105 1287 2186 chrysostomo
1299 2118 1448 2186 gestarum
1463 2152 1471 2183 ‚
1486 2126 1562 2186 quas
1578 2105 1690 2186 partim

151 2203 214 2282 ipse
227 2201 321 2278 vidit,
333 2205 444 2283 partim
453 2224 490 2264 ex
503 2201 680 2265 hominibus
689 2201 749 2264 fide
758 2201 858 2285 dignis
869 2214 938 2284 post
955 2201 1049 2264 breve
1057 2201 1253 2264 intervallum
1263 2203 1404 2284 percepit.
1418 2201 1551 2264 'l'extum
1561 2221 1692 2283 gracum

151 2296 292 2377 plurimis
304 2296 376 2359 locis
387 2299 626 2377 emendavimus,
634 2301 748 2381 egregie
757 2299 854 2380 adjuti
864 2297 1002 2380 exemplo
1010 2298 1173 2380 Bigotianae
1182 2298 1323 2362 editionis
1335 2298 1419 2381 quod
1431 2300 1462 2360 in
1473 2298 1568 2380 Regia
1578 2297 1693 2361 Biblio-

152 2395 239 2457 theca
247 2411 399 2470 servatum
415 2398 458 2459 ibi
471 2399 554 2460 enim
565 2401 612 2462 rir
624 2399 729 2462 doctus
738 2399 912 2461 varietatem
923 2396 1032 2460 codicis
1043 2397 1145 2459 denuo
1157 2393 1258 2457 collati
1265 2407 1401 2457 accurate
1411 2396 1537 2458 notavit.
1549 2394 1693 2456 Praeterea

151 2491 274 2573 Georgii
297 2492 492 2555 Alexandrini
513 2493 594 2558 locos
614 2516 676 2574 ecs,
690 2498 722 2557 in
743 2494 857 2577 quihus
869 2515 925 2557 sua
935 2515 971 2555 ex
986 2494 1122 2556 Palladio
1131 2493 1244 2568 hausit,
1258 2492 1385 2553 minime
1398 2491 1593 2573 negleximus.
1609 2489 1693 2553 Prte-

153 2590 290 2651 misimus
298 2578 400 2651 autem
409 2590 513 2652 Savilii
526 2592 761 2656 dissertationem
772 2592 891 2655 doctam
902 2603 933 2654 et
945 2590 998 2654 tali
1009 2593 1111 2653 critico
1120 2589 1339 2671 dignissimam,
1347 2587 1581 2669 deSeriptorilrus
1595 2607 1691 2648 renim

153 2684 369 2760 chrysostomi,
381 2699 410 2744 et
421 2688 581 2766 presertim
597 2685 721 2768 Georgio
735 2687 892 2763 ceterisque
913 2685 1065 2768 βιογράφοις
1080 2686 1288 2747 recentioribus
1302 2697 1388 2744 caute
1405 2683 1542 2762 legendis,
1561 2706 1593 2766 p.
1619 2697 1693 2745 xvl·

153 2793 252 2840 xxwt
268 2802 330 2861 qua
342 2783 508 2844 accessione
521 2781 605 2864 apud
623 2782 746 2846 lectores
768 2782 903 2846 eruditos
920 2784 1048 2865 gratiam
1067 2784 1232 2846 maximam
1253 2781 1356 2849 iniisse
1375 2779 1527 2844 videmur.
1547 2781 1692 2862 Sequitur

154 2877 220 2936 Vita
233 2877 262 2937 S.
276 2879 481 2954 Chrysostomi
493 2901 511 2941 a
524 2879 726 2943 Benedictinis
740 2881 905 2951 adornata;
925 2881 975 2942 cui
999 2881 1209 2943 annotationes
1222 2877 1369 2960 quasdam
1385 2890 1502 2940 nostras
1509 2875 1691 2957 adjecimus,

151 2973 283 3036 maxime
292 2973 331 3035 ad
340 2987 475 3055 tempora
488 2977 672 3040 concionum
689 2977 862 3043 delinienda
870 2991 1047 3061 spectantes.
1067 2978 1126 3042 Sed
1139 3002 1209 3044 cum
1230 2978 1375 3061 perlonga
1386 2979 1424 3042 sit
1434 2977 1487 3040 illa
1501 2979 1644 3048 narratio,
1658 2977 1691 3036 in

150 3083 283 3130 extremo
304 3069 459 3133 volumine
476 3072 600 3136 brevem
621 3089 814 3157 conspectum
831 3097 936 3138 rerum
948 3089 979 3138 et
993 3060 1176 3157 scriptorum
1190 3075 1396 3156 Chrysostomi
1406 3061 1534 3136 exllctis
1553 3071 1687 3152 ,Sancto-

150 3185 222 3224 inm
229 3165 435 3246 repetivimus,
449 3188 486 3228 ec
494 3168 618 3249 quidem
624 3171 740 3246 utilius,
751 3193 814 3254 quo
823 3173 1004 3234 accuratiore
1012 3193 1102 3254 opera
1111 3171 1269 3254 Stiltingus
1278 3172 1371 3232 vitam
1378 3168 1690 3251 chrysostomidenuo

149 3257 301 3321 illustrare
313 3273 438 3323 conatus
448 3275 503 3325 est.
512 3262 616 3326 Vitam
627 3266 875 3330 aldcntiaucono
887 3269 1028 3350 scriptam
1036 3269 1191 3349 excipiunt
1202 3266 1340 3326 tredecim
1349 3265 1486 3324 Homilioe
1495 3266 1612 3344 spuriis,
1624 3285 1690 3326 sero

151 3355 304 3436 adipsum
318 3358 423 3418 misse.
438 3356 502 3420 Nos
516 3380 564 3420 eas
583 3359 649 3422 loco
670 3383 733 3424 uon
749 3365 918 3445 movimus,
936 3386 975 3427 ne
987 3364 1059 3426 alibi
1079 3365 1196 3427 inserta
1208 3363 1315 3426 seriem
1342 3362 1452 3442 prioris
1474 3361 1614 3425 editionis
1635 3383 1691 3443 per

151 3453 254 3512 onmia
270 3454 507 3516 conservandam
521 3456 765 3522 interturbarent

190 3609 330 3693 Denique
342 3613 373 3672 in
388 3625 450 3674 mm
462 3614 610 3680 immensa
622 3618 709 3701 copia
726 3641 854 3701 operum
867 3632 898 3683 et
917 3620 1148 3705 opusculorum,
1162 3643 1230 3704 quie
1240 3622 1297 3687 hac
1310 3622 1484 3687 collectione
1493 3623 1688 3704 comprehen-

151 3700 280 3777 duntur,
298 3705 421 3765 maximi
435 3705 580 3769 referebat
594 3721 631 3772 ut
644 3709 767 3775 lectores
783 3717 905 3796 quantis
917 3732 1039 3800 pcment
1053 3717 1246 3782 adminiculis
1257 3721 1437 3801 juvarentur
1450 3719 1482 3779 in
1495 3739 1601 3781 eorum
1622 3742 1690 3802 quse

151 3813 294 3879 cuperent
306 3800 386 3861 sacili
396 3803 632 3884 investigatione
648 3805 749 3884 Quare
766 3808 889 3875 dudum
907 3828 1043 3880 auctores
1056 3836 1142 3879 norae
1153 3815 1306 3894 editionis,
1321 3819 1375 3898 qui
1387 3814 1575 3878 audivissent
1598 3818 1631 3878 in
1647 3819 1693 3879 in·

151 3893 268 3958 dicibus
281 3908 343 3957 tam
353 3896 384 3957 S.
402 3898 563 3979 Scripturas
575 3922 669 3982 quam
688 3925 789 3967 rerum
807 3921 1002 3973 tractatarum
1018 3911 1115 3975 mults
1132 3932 1291 3994 perperam
1310 3913 1408 3994 posita
1420 3932 1482 3974 esse
1502 3910 1551 3987 rel
1565 3931 1689 3992 prorsus

151 3991 270 4064 abesse,
285 3995 370 4055 novis
381 3993 534 4058 indicibus
546 3998 712 4064 condendis
730 4004 919 4085 prefecerant
936 4005 1033 4070 llerv.
1052 4007 1156 4070 Patres
1175 4007 1384 4070 Benedictincs
1397 4005 1609 4078 solesmenses.
1626 4007 1690 4082 Nos

151 4102 253 4150 autem
264 4109 334 4150 eum
349 4089 489 4164 indicem,
504 4094 560 4175 qui
568 4097 668 4176 prima
676 4098 769 4162 verba
781 4121 910 4183 operum
923 4105 1062 4166 omnium
1084 4103 1192 4167 ordine
1206 4102 1395 4184 alphabetico
1410 4096 1526 4185 digesta
1538 4115 1568 4163 et
1586 4102 1688 4166 locum

152 4188 298 4265 cujusque
307 4187 340 4246 in
360 4186 492 4251 editione
505 4192 648 4270 ostendit,
659 4215 723 4256 non
738 4198 839 4261 solum
850 4198 1091 4277 emendavimus,
1106 4200 1158 4262 sed
1167 4199 1372 4282 supplevimus
1384 4201 1487 4274 etiam,
1497 4197 1609 4260 additis
1619 4221 1691 4279 par·

152 4281 209 4341 tim
224 4281 397 4363 initiisque
411 4283 545 4365 deerant,
556 4290 667 4368 partim
679 4290 823 4358 brevibus
834 4295 1092 4360 observationibus
1101 4297 1249 4373 literariis,
1264 4295 1320 4358 ubi
1331 4295 1369 4358 de
1383 4296 1486 4357 indole
1501 4293 1550 4356 vel
1566 4295 1605 4356 de
1617 4297 1691 4357 scri·

151 4379 289 4457 ptoribus
302 4379 507 4443 homiliarum
523 4385 727 4465 quarumdam
740 4392 865 4454 certiora
883 4394 989 4455 rescire
1005 4393 1100 4455 licuit·
1117 4392 1235 4455 Deinde
1248 4392 1502 4472 comparationem
1520 4387 1687 4451 editionum

151 4472 337 4536 Morellianae
350 4489 379 4536 et
399 4476 673 4543 Montiauconianae
690 4484 849 4549 denuo-ad
861 4502 1024 4572 utramque
1037 4493 1191 4571 exegimus
1207 4502 1238 4549 et
1252 4487 1360 4563 multa,
1374 4507 1441 4570 quse
1455 4484 1689 4548 Mcntfauwnus

152 4567 210 4630 sub
226 4569 402 4649 generaliori
413 4572 504 4636 titulo
515 4589 714 4655 contraxerat,
728 4581 904 4663 singulatim
916 4585 1127 4650 indicarimus.
1142 4586 1179 4647 ln
1193 4606 1274 4647 noro
1287 4598 1389 4646 autem
1408 4583 1614 4645 additamento
1635 4606 1688 4646 or·

151 4663 255 4725 dinem
266 4665 424 4729 Savilianae
434 4670 586 4751 editionis,
607 4696 675 4756 que
687 4676 826 4758 plurimis
840 4681 1008 4744 etiamnum
1028 4682 1169 4744 inanibus
1181 4701 1238 4742 suc
1254 4681 1360 4741 merito
1373 4692 1521 4753 versatur,
1535 4680 1577 4740 ita
1593 4699 1688 4760 perse·

152 4764 214 4823 cuti
235 4784 353 4839 sumus,
367 4778 404 4826 ut
419 4770 663 4853 unumquodque
679 4794 755 4854 opus
769 4798 826 4839 suo
844 4777 911 4839 loco
924 4799 995 4839 cum
1008 4778 1140 4857 subjecta
1152 4777 1262 4858 pagina
1275 4774 1542 4838 lilontlanconiana
1553 4797 1688 4838 recense-

151 4880 249 4921 amus.
266 4859 380 4937 Quare
399 4863 568 4928 multorum
580 4870 747 4933 commodis
764 4873 829 4935 sine
839 4872 936 4938 dubio
947 4875 1161 4955 prospeximus.
1177 4873 1213 4932 ln
1229 4873 1289 4933 fine
1301 4873 1497 4953 repetivimus
1511 4871 1688 4952 catalogmn

154 4955 376 5036 Augustanum.
400 4956 481 5021 Nam
510 4983 580 5024 eum
602 4967 798 5047 supposititiis
818 4971 933 5051 scriptis
958 4972 1021 5049 jam
1045 4969 1253 5033 detraheretur
1279 4968 1380 5052 gloriae
1389 4968 1607 5050 chrysostomi,
1628 4970 1688 5030 cri·

152 5053 230 5115 ticus
240 5054 360 5134 ignotus
374 5055 502 5119 indicem
516 5059 583 5123 iecit
595 5065 648 5122 τῶν
661 5065 765 5138 ἀληθῶς
778 5071 824 5126 τοῦ
836 5065 1024 5147 Χρυοοστόμω
1038 5067 1151 5146 γνησίων
1166 5066 1272 5147 λόγων,
1293 5088 1365 5128 cum
1384 5063 1440 5125 hac
1453 5063 1660 5125 admonitione
1683 5088 1691 5122 r

153 5150 178 5208 oi
190 5148 217 5209 ti
231 5149 330 5209 τούτων
344 5150 437 5219 ἔξωθεν
455 5154 566 5232 ψευδεῖς.
590 5156 648 5218 llic
661 5158 754 5240 igitur
767 5160 918 5243 catalogus
933 5208 941 5239 ,
955 5161 1023 5225 licet
1039 5165 1174 5245 scriptori
1192 5167 1256 5246 ejus
1278 5185 1339 5224 non
1362 5162 1466 5224 omnia
1485 5163 1617 5241 genuina
1638 5162 1688 5222 in·

155 5246 322 5320 notuerint,
348 5250 484 5310 maximae
505 5263 605 5314 tamen
634 5257 814 5319 auctoritatis
837 5260 925 5321 estin
941 5260 1008 5321 crisi
1031 5258 1287 5342 chrysostomica3
1302 5278 1397 5340 quare
1414 5277 1486 5318 eum
1505 5278 1540 5317 ex
1564 5270 1690 5320 annota-

156 5343 237 5404 tione
259 5344 390 5424 quadam
411 5345 449 5408 ad
470 5349 605 5428 primum
621 5352 776 5432 volumen,
800 5354 852 5418 ubi
869 5356 995 5419 minutis
1007 5355 1101 5418 literis
1117 5357 1243 5438 scriptus
1257 5354 1379 5431 latebat,
1399 5352 1637 5434 protrahendum
1660 5369 1691 5416 et
