3714 5970
206 483 275 581 196
680 502 717 550 s.
746 497 885 550 Joauurs
910 493 1147 548 cantsosrorn
1174 493 1268 564 virt,

201 651 324 713 scopum,
340 639 461 689 sanctum
475 626 565 687 virum
579 624 708 686 adversus
720 623 943 706 Chrysostomum

202 721 388 783 insurrexisse.
411 722 515 780 Verum
536 732 632 777 utnon
649 730 690 776 sat
697 728 840 798 perspecta
853 735 943 773 rerum

201 811 555 892 Constantinopolitanarum
570 807 739 880 conditione,
755 807 942 887 Chrysostomi

199 905 334 978 inimicis,
357 902 502 982 multisque
522 901 604 961 etiam
619 897 804 959 consceleratis
821 918 878 957 sese
891 896 944 957 ad-

196 996 290 1077 junxit
304 995 361 1054 :ita
384 994 465 1053 etiam
479 992 580 1052 divinae
601 991 712 1052 ultionis
731 990 853 1050 minister
879 989 940 1050 luit.

200 1088 269 1146 Cum
281 1087 353 1147 euim
364 1085 476 1166 Cyrini,
490 1082 713 1145 Chalcedonensis
726 1082 859 1163 episcopi,
873 1081 944 1140 inter

198 1177 379 1260 primipilares
398 1175 584 1258 Clrrysostomi
597 1175 722 1236 inimicos
738 1173 877 1248 acerrimi,
897 1195 943 1253 pe·

196 1269 259 1330 dem
280 1269 439 1351 imprudens
452 1267 590 1344 calcasset,
616 1268 679 1326 hinc
701 1266 807 1345 dolores
829 1264 943 1324 maximi

196 1360 285 1421 exorti
296 1373 369 1439 sunt,
381 1359 511 1428 sectiones
521 1358 621 1440 pedum
633 1372 659 1418 et
671 1378 781 1418 crurum
792 1357 942 1435 frequentes

196 1473 220 1509 a·
229 1451 340 1511 medicis
353 1450 502 1527 adhibitae,
525 1470 557 1508 ac
568 1449 650 1530 paulo
664 1462 723 1530 post
736 1448 764 1507 in
777 1447 942 1508 cruciatibus

185 1542 268 1602 diem
282 1542 378 1602 clausit
391 1554 559 1616 extremum,
574 1554 700 1621 utsupra
715 1539 847 1599 diximus.

235 1633 358 1694 Necdum
368 1645 455 1693 tamen
463 1634 582 1712 iniquam
592 1632 666 1691 illam
675 1630 939 1711 inimicorumery·

195 1726 304 1787 sostomi
314 1727 540 1806 conspirationem
548 1722 940 1803 agnovissevidebaturMaru·

37 1857 43 1890 a
140 1859 184 1900 ·„,
195 1819 255 1879 thas
266 1817 312 1877 :id
328 1819 400 1878 enim
412 1817 531 1878 insinuat
543 1817 753 1896 Chrysostomus
767 1836 832 1874 cum
844 1813 940 1895 Olym·

194 1909 270 1993 piadi
282 1911 366 1984 dicit,
380 1912 522 1969 Omnibus
533 1909 642 1991 officiis
656 1929 720 1968 eum
735 1908 889 1988 complecti
903 1926 940 1966 ne

194 2004 323 2081 desinas,
338 2016 369 2062 ut
381 2023 445 2061 eum
457 2021 473 2061 e
485 2001 624 2060 barathro
634 2000 774 2058 extrahas
787 2025 798 2060 :
810 1997 940 2058 nimirum

193 2116 227 2155 ex
242 2095 366 2156 socictate
379 2115 441 2153 cum
455 2090 587 2173 improbis
600 2092 656 2151 illis
672 2090 799 2166 Arsacio,
813 2089 940 2171 Porphy-

193 2186 248 2262 rio,
259 2184 421 2260 Severiano,
432 2182 571 2267 Antiocho
584 2184 623 2243 Ut
632 2194 722 2242 autem
732 2180 827 2243 videas
838 2194 939 2260 quanto

193 2277 295 2354 studio,
311 2275 498 2359 predicationi
511 2274 644 2354 evangelii
658 2274 685 2334 in
697 2273 840 2348 omnibus,
855 2286 885 2332 ut
901 2272 939 2331 ita

193 2372 308 2445 dicam,
329 2370 403 2431 orbis
424 2370 556 2451 partibus.
568 2367 749 2447 advigilaret,
775 2365 939 2447 posthabitis

195 2485 300 2546 semper
311 2462 358 2539 iis,
369 2483 430 2541 quae
443 2459 480 2520 ad
491 2482 518 2520 se
528 2459 667 2541 speciatim
677 2472 796 2539 spectare
809 2457 939 2518 rideban-

194 2569 258 2627 tur,
281 2576 340 2634 quae
363 2565 513 2632 sequuntur
526 2553 559 2611 ad
574 2552 688 2612 verbum
701 2564 765 2610 sunt
779 2550 938 2611 referenda:

197 2672 213 2703 a
225 2649 296 2708 Nam
314 2647 372 2726 ejus
388 2665 468 2726 opera
483 2644 519 2703 ob
534 2644 652 2705 Persidis
665 2643 771 2722 negotia
788 2663 864 2723 egeo.
888 2645 940 2702 At-

194 2759 258 2817 que,
274 2737 297 2796 si
311 2737 342 2796 id
357 2758 373 2796 a
387 2749 413 2796 te
425 2734 485 2794 fieri
499 2747 598 2815 potest,
615 2755 650 2795 cx
669 2755 700 2794 eo
714 2734 845 2814 intellige,
858 2732 941 2813 quid·

193 2853 257 2891 nam
274 2830 430 2916 illiclipsius
443 2828 533 2889 studio
545 2843 625 2907 atque
638 2850 717 2910 opera
731 2830 878 2909 perlectum
892 2828 938 2906 sit,

197 2938 224 2984 et
234 2945 282 2983 cur
293 2923 361 2983 istuc
371 2922 505 3004 profectus
516 2920 549 2981 sit
561 2923 604 2980 lac
613 2921 707 2993 sciam,
720 2941 752 2980 ac
763 2939 827 2980 num
836 2921 860 2980 ei
870 2920 940 2980 duas

194 3014 338 3095 epistolas,
359 3033 426 3091 quas
438 3010 474 3070 ad
486 3031 548 3070 eum
561 3011 636 3084 misi,
656 3010 814 3071 reddideris.
827 3012 858 3073 si
871 3010 941 3070 mihi

134 3115 137 3127 '
195 3106 313 3166 scribere
343 3106 424 3180 velit,
449 3125 556 3164 rursum
576 3102 708 3181 scribam;
732 3102 774 3163 sin
797 3103 943 3163 rescribere

196 3215 344 3281 gravetur,
361 3200 455 3261 saltem
479 3197 546 3278 quid
564 3198 621 3258 illic
640 3199 786 3278 perfectum
809 3199 890 3258 luerit
907 3198 942 3258 ti·

193 3295 223 3352 bi
238 3307 376 3374 exponat,
401 3305 430 3351 et
450 3312 514 3350 num
536 3291 607 3370 quid
630 3312 724 3350 ratrsus
744 3289 836 3350 eodem
856 3292 946 3373 profi·

195 3387 298 3446 ciscens
320 3384 490 3466 praestiturus
511 3384 548 3445 sit
561 3407 567 3441 :
582 3405 643 3443 nam
660 3404 711 3464 ego
737 3383 788 3443 hac
809 3383 844 3444 de
865 3405 967 3445 causa.

194 3469 286 3558 ipsuru
307 3477 450 3537 convenire
472 3475 625 3535 studebam.
639 3479 794 3555 Utcumque
805 3477 850 3554 sit,
861 3477 945 3556 quid-

195 3568 261 3646 quid
273 3582 381 3627 tuarum
394 3566 512 3648 partium
523 3580 562 3626 est
577 3566 687 3647 praesta,
698 3585 850 3646 muuusque
866 3582 945 3628 tuum

196 3659 284 3738 exple,
294 3658 400 3717 etiamsi
409 3676 501 3716 omnes
521 3677 607 3736 prono
624 3657 711 3736 capite
726 3657 753 3715 iu
771 3680 889 3740 praeceps
906 3661 945 3719 ie·

197 3762 310 3807 rantur:
322 3769 422 3807 merces
444 3748 515 3807 cnim
529 3759 575 3805 tua
589 3747 708 3807 nmueris
721 3748 847 3809 omnibus
861 3750 944 3813 abso-

197 3839 255 3897 luta
270 3839 356 3898 erit.»

239 3933 292 3990 llic
310 3929 387 3992 vides
399 3951 502 3990 novum
516 3929 633 3990 Paulum
647 3954 695 3992 stra
706 3935 796 3994 omnia
811 3934 882 3996 nihil
895 3958 944 3996 cu-

198 4034 316 4097 rantem,
327 4020 478 4080 dummodo
499 4022 671 4100 evangelium
685 4024 736 4083 Dei
751 4026 945 4105 praediceturct

196 4107 378 4196 propagetur.'
389 4115 491 4173 Utrum
511 4134 576 4173 vero
588 4115 731 4175 Maruthas
752 4117 945 4199 Chrysostomo

197 4207 311 4268 tandem
324 4205 502 4286 rescripserit,
512 4205 560 4271 ¹vel
584 4207 736 4267 societatem
752 4209 870 4289 aliquam
883 4231 945 4272 cnm

199 4302 247 4362 illo
258 4301 349 4361 inierit
362 4321 412 4382 pro
423 4297 559 4378 evangelii
570 4297 597 4357 in
611 4299 721 4359 Perside
736 4301 943 4383 predicatione,

198 4393 300 4473 quade
323 4415 351 4454 re
366 4392 410 4451 ille
428 4405 567 4471 tantopere
590 4390 722 4451 sollicitus
742 4407 820 4469 erat,
834 4416 945 4476 prorsus

198 4487 363 4566 ignoramus.
376 4483 452 4544 Nihil
462 4482 565 4564 qnippe
579 4503 609 4543 ea
618 4482 652 4543 de
663 4505 692 4543 re
704 4486 778 4566 apud
788 4486 943 4567 historicos,

198 4577 243 4637 vel
253 4577 281 4635 in
295 4578 353 4656 ejus
366 4576 502 4656 operibus,
517 4576 560 4635 vel
582 4576 609 4635 in
624 4578 756 4658 epistolis,
772 4579 845 4658 quod
860 4602 945 4660 grave

199 4672 276 4733 dictu
289 4685 343 4741 cst,
358 4670 517 4749 reperimus.
543 4670 653 4730 Certum
674 4688 766 4734 autem
784 4690 827 4735 est
845 4680 945 4738 Maru·

201 4763 318 4824 thamin
333 4761 526 4840 Mesopotamia
543 4762 700 4845 episcopum
714 4767 798 4827 fuisse
805 4813 815 4840 ,
832 4784 879 4831 aut
892 4773 945 4832 Su·

201 4859 393 4940 phareuorum,
407 4867 455 4912 aut
465 4852 603 4934 Sophenes
616 4842 775 4935 provinciae,
788 4876 846 4940 aut,
858 4878 888 4923 ut
897 4866 945 4925 alii

200 4951 317 5026 volunt,
339 4945 553 5027 Martyropolcos
561 4989 570 5019 ,
584 4967 684 5023 quam,
701 4950 855 5014 Theodosio
868 4957 899 5034 1,
915 4971 946 5017 ut

200 5053 323 5117 narrant,
339 5036 465 5119 pecunias
476 5034 711 5112 subministrante,
733 5040 792 5122 ipse
803 5047 945 5108 Mamrhas

202 5146 398 5196 construxerat.
413 5131 522 5190 Certum
537 5127 603 5187 item
616 5144 656 5189 cst
668 5130 750 5211 hujus
764 5137 879 5199 nominis
894 5162 944 5200 ur·

200 5228 263 5290 bem
278 5213 309 5287 in¹
332 5221 528 5305 Mesopotamia
552 5221 581 5281 in
608 5223 726 5284 confinio
739 5227 859 5291 Persidis
873 5232 943 5293 fuis·

198 5340 239 5381 se.
265 5314 461 5397 Martympolis
480 5325 570 5375 autem
598 5313 772 5393 vocabatur,
802 5321 866 5400 quia
903 5323 943 5383 rbi

998 621 1145 682 multorum
1159 634 1309 703 martyrum
1323 618 1456 698 Reliquiae
1469 616 1601 700 depositae
1620 615 1741 681 lucrant*

998 713 1116 774 Aitvero
1134 713 1343 795 chrysostomus
1353 711 1382 772 in
1396 710 1519 784 homssia,
1531 710 1587 771 imo
1600 709 1692 790 potius
1710 710 1740 768 in

997 804 1068 864 libro
1082 805 1148 882 illo,
1161 806 1204 865 cui
1220 804 1329 879 titulus,
1342 804 1423 884 quod
1436 804 1623 871 Christussit
1640 801 1739 876 Deus,

998 896 1086 956 Tomo
1096 898 1120 970 l,
1134 918 1161 977 p.
1177 897 1234 959 559
1245 920 1251 954 ε
1264 922 1280 953 a
1293 894 1453 956 Predicatio
1472 914 1527 955 nou
1543 893 1591 954 hic
1609 905 1716 953 tantum
1728 934 1739 967 ,

997 987 1045 1047 sod
1057 1000 1082 1047 et
1089 988 1164 1070 apud
1177 991 1272 1048 Persas
1281 986 1370 1065 lloret,
1377 986 1481 1048 etiamsi
1491 985 1526 1046 ab
1536 984 1592 1045 illis
1602 1004 1741 1067 oppugne-

998 1093 1043 1139 tur
1054 1104 1061 1138 =
1073 1079 1171 1140 etenim
1185 1080 1257 1162 apud
1271 1080 1332 1140 illos
1342 1100 1448 1160 quoque
1461 1091 1616 1158 martyrum
1634 1075 1742 1137 exami-

997 1190 1030 1229 na
1048 1172 1167 1233 molta.»
1182 1171 1323 1232 Marathas
1338 1191 1403 1252 ergo
1412 1172 1441 1231 in
1448 1169 1559 1230 Perside
1571 1167 1743 1248 evangelium

998 1264 1097 1325 Christi
1106 1264 1220 1324 mirifice
1233 1263 1402 1346 propagavit,
1408 1282 1549 1342 magomm
1560 1274 1586 1320 et
1595 1259 1741 1320 Cbaldaeo⁴

997 1376 1058 1416 rum
1082 1357 1276 1418 incantationes
1297 1355 1424 1428 devicit,
1450 1353 1626 1435 Isdegerdem
1648 1373 1741 1432 regent

996 1447 1092 1508 morbo
1104 1447 1258 1524 detentum,
1271 1447 1315 1508 cni
1328 1447 1401 1528 magi
1414 1444 1564 1508 remedium
1575 1446 1740 1506 afferreten·

996 1550 1141 1614 taverant,
1163 1539 1272 1618 integra
1289 1536 1439 1599 valetudini
1459 1537 1595 1614 restituit,
1608 1535 1742 1596 miramla

995 1630 1049 1690 alia
1063 1631 1148 1691 multa
1161 1630 1289 1712 patravit.

1035 1725 1172 1797 Quantam
1189 1725 1357 1801 Gottboruni
1374 1723 1576 1785 catholicorum
1586 1719 1740 1783 Constanti·
1754 1725 1787 1773 Ge

994 1815 1087 1899 nopoli
1107 1816 1263 1898 degentium
1281 1837 1375 1877 curam
1389 1829 1492 1897 gereret
1509 1791 1787 1901 Chrysostomuaffi:

995 1908 1116 1970 vidimus
1134 1924 1221 1990 'supra
1244 1907 1278 1969 ad
1297 1930 1399 1969 annum
1423 1909 1494 1968 599.
1521 1906 1642 1969 Gottbos
1663 1907 1787 1974 enimc-⁸

994 2002 1164 2083 Scripturam
1174 2022 1276 2062 sacram
1292 2000 1420 2063 Gottbioe
1430 1989 1536 2081 legere,
1547 1993 1787 2085 Gottbumqueffi

994 2093 1184 2174 presbyterum
1194 2113 1224 2153 se
1235 2106 1366 2174 praesente
1377 2090 1506 2152 Gotthica
1516 2089 1612 2171 lingua
1625 2090 1737 2150 concio-
1747 2116 1787 2146 ιι

993 2185 1053 2246 nari
1061 2187 1152 2266 jussit,
1166 2199 1192 2246 et
1205 2198 1267 2267 post
1280 2184 1359 2244 illum
1372 2184 1431 2265 ipse
1448 2184 1544 2244 Graue
1562 2183 1787 2245 mociomtussss

993 2290 1042 2337 est.
1065 2279 1122 2338 Neo
1141 2278 1273 2337 minorem
1287 2297 1379 2335 curam
1398 2274 1508 2357 gerebat
1524 2273 1695 2335 Gottborum
1708 2247 1787 2358 inffi

995 2369 1108 2431 Gotthia
1120 2369 1284 2450 degentium.
1302 2370 1362 2430 Non
1383 2369 1422 2428 ita
1443 2367 1549 2451 pridem
1562 2368 1612 2428 illo
1629 2367 1741 2429 mismt

994 2462 1021 2522 in
1045 2462 1201 2543 episcopum
1216 2462 1344 2536 Unilam,
1358 2460 1451 2522 virum
1462 2458 1676 2539 admirandum,
1693 2458 1740 2520 sed

993 2559 1114 2631 Marses,
1131 2552 1231 2615 Gotthi
1244 2553 1384 2627 monachi,
1404 2552 1479 2635 apud
1503 2573 1571 2632 quos
1586 2553 1719 2635 Serapion
1727 2596 1739 2625 ,

993 2649 1135 2729 episcopus
1145 2647 1301 2724 Heraclea,
1316 2661 1447 2730 perpetim
1462 2645 1653 2720 delitescebat,
1666 2667 1740 2724 ιιιιιι-

992 2740 1130 2802 tiavemnt
1147 2739 1183 2812 ei,
1200 2740 1312 2800 Unilam
1323 2739 1432 2814 obiisse,
1442 2751 1586 2820 postquam
1595 2751 1671 2800 tauto
1681 2736 1740 2821 epi·

993 2852 1074 2913 scopo
1087 2831 1172 2911 digua
1186 2846 1259 2912 gesta
1272 2831 1391 2914 plurima
1404 2830 1539 2906 ediderat,
1551 2830 1743 2892 Moduarium·

993 2944 1047 3003 que
1058 2922 1204 2984 diaconum
1218 2925 1334 2999 venisse,
1345 2925 1393 3004 qui
1407 2923 1434 2984 id
1447 2936 1616 2997 narraverat,
1626 2944 1659 2984 ac
1671 2922 1743 3002 regis

996 3016 1161 3077 Gotthorum
1175 3017 1266 3077 literas
1275 3019 1415 3094 asserebat,
1424 3015 1538 3098 petentis
1551 3029 1583 3075 ut
1595 3014 1741 3098 episcopus

996 3110 1025 3171 in
1040 3110 1181 3171 Gotthiam
1195 3110 1353 3171 mitteretur.
1373 3112 1497 3170 Metuens
1510 3108 1601 3187 itaque
1615 3107 1740 3189 Chryso-

998 3216 1100 3262 stomus
1120 3223 1154 3262 ne
1165 3203 1292 3262 Arsacius
1315 3217 1341 3263 et
1362 3202 1405 3263 sui
1420 3201 1468 3262 illo
1482 3200 1573 3283 statim
1584 3200 1742 3282 episcopum

1000 3295 1153 3369 mitterent,
1168 3295 1360 3376 Olympiadem
1371 3316 1402 3355 ea
1415 3294 1450 3354 de
1460 3315 1489 3354 re
1501 3306 1592 3353 monet
1604 3292 1632 3352 in
1648 3291 1742 3352 eadem

1000 3387 1113 3469 epistola
1126 3388 1229 3447 decima
1244 3401 1350 3468 quarta,
1363 3400 1393 3446 ut
1405 3386 1468 3447 illos
1481 3385 1613 3466 tantisper
1625 3384 1663 3444 ob
1672 3385 1742 3466 bye-

999 3503 1071 3542 mem
1087 3497 1255 3542 remoretur:
1269 3482 1436 3563 nequeenim
1454 3482 1502 3542 illa
1523 3493 1683 3562 tempestate
1695 3491 1743 3538 aut

1001 3574 1029 3634 in
1051 3576 1211 3656 Bosporum,
1233 3590 1280 3634 aut
1293 3577 1320 3635 in
1335 3575 1397 3634 illas
1409 3587 1499 3656 partes
1515 3572 1645 3653 navigare
1666 3586 1740 3652 pote·

997 3680 1069 3726 rant.
1081 3669 1143 3727 Duo
1157 3668 1230 3727 enim
1243 3667 1306 3727 inde
1319 3668 1390 3727 mala
1404 3677 1602 3744 consequutura
1615 3677 1706 3742 eram,
1716 3675 1743 3722 et

997 3758 1071 3837 qnod
1084 3758 1119 3818 ab
1132 3759 1188 3818 illis
1199 3759 1330 3820 creandus
1342 3757 1483 3840 episcopus
1493 3757 1539 3817 ille
1550 3771 1630 3832 esset,
1646 3757 1695 3836 qui
1704 3769 1743 3816 tot

997 3852 1068 3910 mala
1078 3864 1307 3932 perpetraverant,
1318 3866 1343 3911 ct
1354 3850 1476 3929 aquibus
1487 3849 1572 3910 creari
1583 3849 1742 3926 neiasesset,

997 3956 1023 4002 et
1033 3945 1105 4022 quod
1117 3943 1152 4003 ab
1161 3943 1219 4002 illis
1226 3956 1378 4014 crearetur,
1391 3943 1439 4021 qui
1450 3940 1594 4022 probitatis
1608 3939 1741 4000 rationem

997 4034 1101 4093 nullam
1111 4033 1249 4093 haberent.
1263 4037 1359 4114 Opera
1370 4032 1487 4113 pretium
1498 4031 1654 4091 autemiore
1660 4030 1740 4107 dicit,

999 4127 1021 4186 si
1037 4124 1198 4186 Moduarius
1221 4124 1292 4186 elam
1311 4139 1337 4186 et
1359 4127 1416 4185 sine
1429 4124 1543 4204 strepitu
1556 4143 1585 4183 se
1599 4123 1742 4184 convenire

998 4232 1091 4298 possit.

1035 4311 1106 4383 Quis
1119 4311 1232 4392 hujusce
1242 4311 1342 4392 negotii
1354 4311 1443 4371 exitus
1451 4309 1531 4370 luerit
1541 4331 1656 4391 prorsus
1669 4312 1742 4393 igno·

999 4423 1090 4462 rarum
1107 4426 1114 4460 ε
1130 4423 1192 4462 nam
1210 4406 1237 4462 in
1249 4403 1360 4484 epistola
1374 4404 1547 4482 quoque206
1561 4403 1597 4463 ad
1609 4403 1743 4464 Theodo-

998 4494 1056 4554 lum
1068 4493 1213 4555 diaconum
1227 4497 1308 4555 missa
1322 4495 1417 4556 mediae
1431 4494 1620 4576 etasperrimae
1636 4497 1743 4578 hyemis

998 4601 1125 4666 ternpore,
1135 4586 1215 4646 illum
1229 4586 1294 4647 huic
1302 4587 1407 4668 negotio
1413 4585 1605 4667 advigilantem
1621 4589 1744 4650 hortatur

999 4697 1029 4741 ut
1040 4685 1129 4742 Deum
1142 4704 1172 4742 ca
1183 4682 1218 4742 de
1232 4703 1310 4742 caiisa
1323 4695 1457 4764 precetur,
1474 4696 1501 4742 et
1510 4703 1600 4741 moras
1609 4683 1682 4743 trahi
1697 4705 1743 4744 cu·

998 4788 1047 4834 ret.
1064 4773 1102 4832 Ad
1118 4773 1263 4834 monachos
1276 4773 1427 4835 Gotthosin
1439 4775 1631 4853 agroPmmoti
1643 4773 1744 4856 degen-

1000 4881 1038 4926 tes
1051 4865 1144 4925 eodcm
1159 4879 1279 4945 tempore
1291 4864 1432 4945 epistolam
1448 4864 1524 4926 misit
1543 4867 1615 4945 107,
1630 4865 1744 4945 illosque

998 4958 1091 5019 beatos
1106 4957 1234 5040 praedicat
1249 4957 1285 5017 ob
1295 4977 1429 5020 aerumnas
1439 4972 1470 5041 et
1487 4957 1625 5019 molestias
1641 4958 1696 5019 sabi
1711 4959 1743 5019 il-

998 5050 1074 5125 latas,
1088 5049 1218 5129 additque
1234 5053 1345 5130 premia
1359 5064 1385 5109 et
1398 5071 1508 5112 coronas
1527 5050 1593 5111 talia
1616 5052 1744 5134 patienti·

996 5143 1049 5203 bus
1063 5143 1198 5223 apparari.
1213 5143 1257 5201 llli
1269 5163 1332 5203 vero
1341 5164 1420 5204 omne
1431 5143 1551 5203 studium
1562 5142 1746 5223 exhibebant,

999 5249 1029 5294 ut
1037 5235 1130 5294 nullus
1143 5235 1169 5295 in
1180 5234 1461 5297 ecclesiaGotthorum
1472 5235 1607 5297 turnultus
1614 5237 1742 5305 oriretur.

1000 5326 1165 5389 Hortabatur
1175 5340 1264 5388 autem
1275 5329 1337 5390 illos
1351 5342 1381 5391 ut
1391 5330 1528 5411 negotium
1547 5344 1684 5410 quantum
1695 5352 1744 5417 pe
