3750 6052
515 469 831 538 consumeremus
857 456 1091 520 cuurs'cs'ronn
1117 467 1373 517 cessavimus.
1648 469 1715 543 naq

178 603 269 664 nensis
290 602 319 662 in
343 619 437 683 opere,
460 600 498 660 de
522 601 690 682 Originibus
711 617 807 659 rerum
831 608 860 657 et
885 597 922 656 de
975 607 1060 655 stram
1077 616 1113 657 ex
1131 594 1281 656 substantia
1295 593 1349 655 Dei
1365 613 1438 672 esse;
1451 605 1477 652 ct
1490 592 1519 653 iu
1532 591 1600 653 alios
1616 611 1719 653 errores

176 698 335 777 Scripturis
354 699 485 756 οἰιοιιιιιι
507 693 690 765 illustrium,
717 690 836 753 venetiis
857 708 922 749 cuso
976 702 1074 748 temere
1087 686 1263 747 ferebantur:
1276 707 1330 764 qua
1339 682 1573 746 dereaudrendus
1584 697 1624 744 est
1634 683 1720 765 Chry

179 789 361 860 annothl'l,
378 786 427 847 ubi
440 787 522 846 refert
533 785 657 866 operas
671 783 783 846 loannis
797 782 922 866 Chryso
975 794 1116 840 sostomus.
1146 780 1179 840 ln
1199 779 1256 838 haec
1282 779 1417 840 Geneseos
1439 776 1533 853 rerba,
1563 777 1638 836 Et'
1626 778 1721 856 ruspi-
1705 778 1871 838 A'dr-¹⁰⁰·

180 880 454 961 stomr,lrbrumeus
465 875 658 939 memorathoc
668 875 764 937 titulo
768 876 922 936 Adversus
975 877 1055 932 ιιινὶι
1083 880 1116 932 in
1138 874 1251 954 surius
1276 870 1341 952 ejus
1370 870 1550 974 spiraculum
1579 874 1670 941 oitoe,
1692 859 1752 930 et⁰'
1746 855 1847 889 '¹⁰¹²'

131 984 132 996 ¹
179 977 298 1036 Arabes
306 977 345 1033 tle
354 975 575 1034 Resurrecttoue
586 982 762 1030 mortuorum
774 969 843 1027 Ιιῠιι
853 969 922 1042 duo,
965 966 1075 1048 jactus
1088 978 1130 1026 est
1146 964 1422 1024 Ιιοιιιοίιιαιιιιιιιιιιι
1436 962 1596 1034 uirentem,
1606 960 1720 1023 aitille:

180 1072 232 1146 qui
249 1069 388 1126 dicebaut
409 1069 526 1124 unirrsas
539 1066 614 1123 mori
634 1082 700 1123 cum
718 1081 845 1140 corpore.
867 1059 924 1132 Qui
979 1059 1055 1120 attic
1070 1060 1182 1139 quidam
1202 1060 1274 1119 male
1288 1057 1387 1135 feriati,
1402 1076 1521 1137 proprus
1532 1057 1598 1116 moti
1610 1071 1723 1117 ratioet

179 1160 367 1238 chrysostomi
386 1157 507 1232 libri,
485 1179 509 1216 οι
526 1177 591 1217 vere
610 1154 688 1215 istius
707 1152 792 1213 sancti
805 1152 923 1213 doctoris
977 1154 1073 1232 ciniis,
1089 1154 1213 1234 nihilque
1234 1156 1292 1215 Deo
1316 1153 1431 1233 dignum
1455 1151 1621 1232 cogitantes,
1637 1173 1724 1233 neque

179 1255 296 1328 suerint,
317 1254 361 1314 vel
382 1252 464 1311 latent
486 1248 605 1323 alicubi,
619 1247 664 1308 vel
685 1267 796 1328 prorsus
814 1246 922 1306 interie·
978 1249 1123 1311 verborum
1160 1249 1408 1333 attemperationesn
1435 1268 1524 1308 secum
1555 1261 1723 1330 reputantes,

181 1362 253 1407 runt.
268 1345 402 1405 Eusebius
415 1343 520 1405 veroin
532 1341 604 1401 Hist.
620 1340 694 1399 Eccl.
707 1361 736 1420 p.
753 1341 811 1400 ton
821 1385 829 1414 ,
841 1338 922 1411 dicit,
976 1339 1065 1403 dicere
1086 1341 1186 1403 audent
1208 1343 1328 1403 animam
1347 1362 1383 1400 ex
1406 1339 1459 1400 Dei
1482 1339 1632 1401 substantia
1655 1362 1721 1402 esse.

181 1440 283 1499 Arabas
297 1436 424 1518 Origenis
444 1449 564 1516 tempore
577 1433 669 1516 palam
684 1431 804 1511 dixisse,
817 1433 923 1493 animas
977 1438 1002 1495 0
1025 1433 1177 1498 insaniam!
1198 1457 1214 1496 o
1236 1432 1396 1495 amentiam!
1420 1435 1495 1507 Quot
1514 1433 1644 1512 perniciei
1667 1434 1725 1497 rias

179 1533 249 1593 mori
261 1552 323 1593 cum
334 1550 466 1612 corpore,
480 1542 582 1588 etcum
596 1546 627 1586 eo
639 1538 833 1584 resurrecturas
847 1545 904 1585 esse
916 1549 933 1584 ι’
976 1525 1102 1588 diabolus
1122 1528 1231 1610 paravit
1255 1527 1406 1599 cultoribus
1427 1525 1503 1587 suis?
1521 1524 1556 1586 ld
1577 1541 1607 1586 ut
1628 1525 1726 1603 discas,

179 1640 259 1704 atque
272 1622 402 1684 adversus
416 1622 478 1682 illos
488 1632 607 1682 coactam
617 1617 700 1678 luisse
714 1615 867 1698 synodum,
879 1617 925 1678 cui
977 1619 1113 1702 perpende
1124 1642 1206 1700 quam
1217 1620 1334 1681 diversis
1346 1617 1470 1680 incedant
1481 1619 1542 1679 viis.
1551 1621 1622 1680 Natu
1633 1620 1681 1681 alii
1692 1642 1727 1681 cx

180 1717 266 1778 adsuit
278 1715 420 1795 Origenes.¹
977 1712 1029 1774 boc
1038 1714 1131 1791 verbo,
1146 1717 1313 1795 inspiravit,
1326 1733 1418 1772 ansam
1442 1710 1618 1793 arripientes,
1632 1712 1728 1773 dicunt

219 1811 325 1871 Verum
338 1804 497 1867 Antiocheni
508 1802 549 1864 illi
562 1806 629 1884 qui,
643 1817 709 1865 teste
719 1803 922 1886 chrysostomo,
978 1803 1124 1866 animascx
1137 1806 1287 1866 substantia
1294 1806 1345 1865 Dei
1355 1817 1428 1873 'esse3
1442 1804 1489 1863 alii
1499 1826 1608 1864 rursum
1618 1805 1724 1880 dicunt,

178 1904 302 1963 futurum
317 1901 445 1960 seculum
458 1898 610 1979 negabant,
627 1918 713 1975 neque
726 1897 829 1956 animas
839 1916 925 1976 neque
978 1897 1361 1981 invilissimcrumbrutorum
1371 1895 1550 1957 substantiam
1557 1897 1629 1978 ipsas
1640 1911 1731 1959 trans·

181 2015 294 2077 corpora
321 2005 505 2053 resurrectura
532 2011 588 2050 esse
616 1990 757 2070 putabant.
789 1988 925 2071 Insignem
979 1989 1037 2051 ire:
1053 2012 1106 2070 qua
1117 1990 1233 2050 amentia
1245 1988 1313 2068 quid
1332 1988 1450 2049 deterius
1469 2009 1525 2048 esse
1539 1989 1643 2068 possit?
1655 1989 1727 2063 Quia

180 2107 288 2167 quoque
301 2086 387 2146 alium
408 2081 635 2143 Antiochencrum
650 2080 834 2162 complurium
848 2101 924 2142 erro-
979 2086 1052 2144 enim
1063 2084 1237 2145 obtenebrata
1251 2097 1290 2144 est
1306 2083 1375 2144 ratio
1388 2102 1491 2161 eorum,
1506 2096 1533 2142 et
1544 2103 1639 2144 verum
1649 2083 1727 2145 Scri-

163 2199 239 2238 ·rcm
248 2172 925 2239 commemoratHumilisnssintttauhaeum.«sed
981 2189 1068 2257 pturae
1092 2195 1201 2236 sensum
1221 2175 1362 2258 ignorant,
1385 2174 1461 2255 quasi
1482 2175 1610 2235 excaecati
1632 2176 1729 2237 mentis

182 2291 232 2330 cur
244 2294 277 2348 s,
300 2269 408 2347 inquit,
424 2291 439 2324 ιι
455 2267 593 2328 demones
610 2265 639 2326 in
658 2265 789 2349 sepulcris
812 2266 927 2328 libenter
980 2267 1066 2328 oculis
1077 2266 1106 2327 in
1128 2266 1238 2331 diversa
1251 2269 1374 2329 feruntur
1384 2265 1543 2350 precipitis,
1552 2256 1620 2328 dum
1630 2267 1677 2329 alii
1691 2269 1729 2330 il-

181 2361 344 2422 versantur?
357 2362 397 2422 Ut
410 2360 587 2442 perniciosam
610 2358 763 2420 doctrinam
777 2359 926 2421 multorum
980 2360 1035 2420 lam
1053 2381 1135 2442 supra
1153 2360 1315 2442 dignitatem
1329 2360 1465 2434 efferunt,
1480 2358 1528 2420 alii
1551 2373 1642 2423 autem
1659 2361 1729 2423 inira

181 2454 318 2514 mentibus
344 2452 483 2524 inserant,
512 2471 607 2533 nempe
630 2451 734 2512 animas
758 2466 927 2531 mortuorum
981 2452 1142 2535 dignitatem
1155 2453 1333 2536 deprimunt:
1348 2454 1391 2515 illi
1405 2452 1532 2517 videlicet
1550 2453 1598 2534 qui
1620 2470 1731 2518 metem-

180 2546 319 2606 daemouas
341 2545 400 2606 lieri
410 2591 421 2621 ,
441 2543 513 2624 quod
530 2564 564 2604 oe
581 2544 680 2625 cogitet
693 2544 828 2625 quispiam
843 2546 924 2608 absit.
980 2548 1128 2629 psychcsin
1139 2537 1313 2623 inducebant,
1324 2566 1371 2608 seu
1381 2547 1527 2608 transitum
1536 2546 1729 2610 animaehomi·

179 2638 236 2700 Sed
258 2637 326 2718 quid
347 2637 436 2713 dicas,
460 2636 607 2716 inquiunt,
627 2636 662 2700 de
684 2635 928 2717 praestigiatoribus
981 2640 1444 2702 nisinierasetbrutaanimalia.»

181 2730 291 2805 multis,
308 2731 356 2808 qui
370 2742 462 2810 captos
482 2749 582 2810 pueros
596 2723 742 2810 jugulant,
765 2729 927 2791 utanimam
1019 2733 1102 2796 Multi
1127 2748 1203 2794 erant
1227 2734 1416 2816 chrysostomi
1439 2755 1507 2811 evo,
1534 2735 1581 2814 qui
1606 2735 1729 2797 divinam

181 2835 273 2902 postea
297 2821 351 2882 sibi
373 2821 570 2881 ministrantem
595 2819 735 2881 babeant?
758 2822 829 2882 Nam
854 2821 939 2901 quod¹
980 2825 1181 2908 providentiam
1190 2840 1327 2908 negantes,
1336 2829 1426 2889 omnia
1434 2829 1489 2888 t'ato
1501 2827 1565 2889 leni
1579 2829 1727 2903 dicebant,

178 2914 318 2995 jugulent,
331 2914 384 2975 hoe
394 2912 473 2973 multi
485 2913 598 2990 dicunt;
612 2914 686 2994 quod
696 2928 786 2975 autem
795 2934 928 2977 cetorum
981 2919 1166 3002 putabamque
1177 2941 1226 2981 aas
1239 2942 1273 2982 cx
1286 2918 1336 2980 fati
1349 2919 1504 2997 necessitate
1514 2921 1558 2983 vel
1571 2919 1674 2982 bonum
1683 2920 1728 2983 vel

178 3006 278 3066 animae
292 3027 356 3068 cum
371 3006 437 3088 ipsis
446 3006 502 3066 sint
510 3050 519 3082 ,
530 3002 620 3084 unde,
632 3025 739 3085 queso,
750 3007 842 3069 nosti?
851 3009 926 3091 Ipsi,
981 3013 1085 3074 malum
1098 3026 1267 3095 perpeti-arm
1282 3012 1320 3074 ita
1334 3026 1365 3072 ut
1375 3033 1482 3074 omnem
1497 3012 1603 3074 arbitrii
1616 3012 1731 3075 liberta·

181 3099 323 3179 inquiunt,
338 3097 496 3160 demoniaci
517 3099 570 3160 hoc
582 3097 677 3160 dicunt
690 3125 699 3161 ι
715 3098 775 3181 ligo
788 3122 850 3162 sum
864 3103 928 3161 ani·
982 3116 1036 3165 tem
1049 3104 1144 3167 tollere
1155 3104 1325 3176 viderentur,
1339 3104 1535 3184 hominemque
1549 3128 1566 3166 a
1585 3106 1676 3167 studio
1687 3128 1730 3167 se·

182 3211 225 3250 nra
238 3191 314 3251 illius
324 3191 488 3272 cujuspiam.
502 3191 610 3254 Verum
622 3190 681 3251 haec
694 3191 769 3251 bans
781 3205 807 3252 et
819 3192 928 3254 fallacia
982 3195 1086 3257 ctandae
1102 3195 1213 3256 virtutis
1231 3209 1257 3257 et
1277 3197 1403 3276 nequitie
1421 3195 1561 3276 'fugiendae
1583 3212 1703 3260 avertere
1717 3221 1724 3257 ι

179 3280 317 3342 diabolica
332 3295 391 3342 est:
407 3302 494 3362 neque
507 3280 581 3350 enim
594 3283 684 3342 anima
699 3279 802 3345 mortui
816 3299 928 3365 estque
982 3310 1035 3368 qua
1048 3303 1123 3370 peste
1132 3311 1191 3369 que
1200 3289 1285 3371 possit
1295 3310 1352 3349 esse
1362 3288 1473 3370 major?
1488 3291 1662 3372 Quapropter
1674 3291 1729 3352 hu·

179 3374 292 3449 elamat,
307 3374 357 3435 sed
368 3372 492 3450 demon,
503 3375 550 3455 qui
562 3375 615 3435 hoc
627 3375 738 3437 simulat
749 3390 779 3436 ut
791 3377 928 3441 auditores
958 3425 960 3428 a
977 3380 1025 3460 jus
1035 3379 1170 3462 opinionis
1179 3393 1322 3440 assertores
1331 3380 1503 3440 vehementer
1510 3381 1727 3464 exagitatGhry·

178 3465 305 3548 decipiat
328 3468 398 3527 Nam
412 3467 436 3527 si
451 3481 542 3550 posset
561 3468 652 3529 anima
673 3467 701 3528 in
714 3465 844 3531 demonis
858 3471 928 3531 sub·
981 3485 1125 3534 sostomus.
1138 3471 1224 3533 Erant
1232 3471 1304 3533 enim
1317 3472 1444 3533 nonnulli
1456 3472 1505 3554 qui
1518 3471 1644 3536 dicebant
1660 3474 1727 3556 phi·
1736 3498 1870 3559 bopsqo

180 3563 306 3622 stantiam
330 3560 453 3644 ingredi,
470 3563 556 3623 multo
573 3563 679 3623 facibus
692 3562 721 3623 in
735 3584 928 3644 corpussuum
981 3565 1108 3647 losophos
1118 3565 1247 3648 preclara
1260 3564 1384 3645 quasdam
1402 3564 1539 3626 invenisse
1553 3579 1580 3626 et
1594 3573 1738 3649 praestan·
1736 3571 1790 3622 ⁹9¹·

178 3656 374 3737 ingrederetur,
389 3659 519 3718 Praeterea
533 3655 595 3737 quis
609 3656 854 3739 rationepraeditus
867 3680 927 3720 cre-
980 3659 1051 3720 tiora
1071 3657 1105 3719 iis
1120 3680 1180 3739 qua
1202 3657 1237 3719 de
1259 3656 1452 3718 resurrectione
1473 3655 1649 3734 dicebantur,
1640 3655 1725 3720 ·illcs

180 3753 342 3835 derepossit
355 3752 473 3813 animam
488 3752 598 3829 lesam,
624 3773 653 3813 se
672 3753 781 3814 ludenti
795 3755 926 3816 sociaret
981 3771 1078 3828 nempe
1087 3749 1272 3833 philosophos,
1285 3749 1424 3828 quitatum
1436 3747 1611 3831 inducebant,
1626 3705 1726 3812 docen-
1734 3764 1806 3810 τ..ιι
1810 3765 1867 3826 r9³

179 3863 227 3909 aut
244 3850 383 3910 hominem
397 3869 474 3930 posse
491 3848 548 3910 vim
571 3850 755 3956 incorpoream
771 3848 798 3910 in
814 3851 926 3912 alteram
980 3856 1020 3904 tet
1030 3864 1073 3905 res
1084 3843 1168 3926 hujus
1181 3841 1277 3903 mundi
1289 3862 1381 3903 omnes
1390 3841 1466 3902 nulla
1475 3863 1533 3924 geri
1526 3829 1792 3925 'providentia,‘¹·‘·

181 3942 606 4002 mucresuhsontiamtttam
584 3962 607 4002 st
618 3942 647 4002 in
656 3942 815 4026 corporibus
826 3944 855 4003 id
866 3945 927 4005 fieri
980 3936 1137 4016 nullamque
1149 3935 1227 3997 nobis
1239 3955 1332 3996 rerum
1343 3956 1436 3995 curam
1446 3956 1503 3996 esse
1516 3934 1622 3997 dehere
1635 3936 1724 3998 Adde-

180 4045 310 4112 nequeat,
323 4054 372 4094 nec
385 4032 530 4114 quisquam
543 4034 629 4116 possit
648 4054 746 4117 corpus
766 4034 906 4098 bominis
897 4055 927 4098 tn
980 4029 1068 4091 bant
1060 4049 1169 4111 insuper
1182 4028 1273 4090 omnia
1287 4041 1408 4090 constare
1421 4050 1456 4089 cx
1469 4028 1574 4095 atomis.
1590 4029 1645 4092 Alii
1661 4051 1726 4092 vero

179 4145 277 4204 corpus
290 4126 359 4186 asini
373 4139 492 4202 mutare,
505 4126 593 4187 multo
606 4128 694 4210 magis
706 4128 736 4190 in
749 4129 839 4190 'anima
852 4130 927 4191 invi·
980 4123 1108 4186 dicebant
1120 4125 1209 4207 Βοιιοι
1223 4143 1281 4184 esse
1290 4136 1315 4183 et
1328 4121 1576 4204 metempsychosin
1597 4121 1725 4184 admitte-

180 4214 253 4276 sihili
267 4217 298 4278 id
312 4218 372 4279 fieri
385 4219 494 4298 nequit,
508 4219 628 4300 neupris
640 4220 728 4302 possit
739 4221 816 4283 illam
829 4222 857 4282 in
870 4222 926 4285 (Ιχ.
979 4217 1058 4293 bant,
1067 4215 1277 4296 hominibusque
1287 4215 1435 4276 suadebant
1442 4214 1523 4273 talem
1536 4214 1578 4274 acl
1589 4214 1669 4275 talem
1677 4214 1726 4274 ali·

179 4309 266 4371 monis
279 4311 459 4373 substantiam
471 4325 585 4374 vertere.
603 4337 618 4369 ιι
981 4309 1089 4392 qnando
1096 4310 1178 4370 fuisse
1184 4331 1286 4386 canem,
1292 4309 1336 4370 vel
1349 4309 1448 4391 piscem
1461 4308 1505 4370 rel
1515 4309 1627 4371 leonem.
1639 4311 1726 4372 Erant

218 4404 395 4464 Antiochenis
420 4405 504 4465 etiam
526 4403 595 4465 dicit
616 4405 762 4468 nonnullos
784 4409 925 4473 haereticus
980 4407 1081 4489 quippe
1106 4405 1154 4466 illo
1174 4427 1233 4467 aero
1254 4404 1410 4487 philosophi
1425 4404 1538 4485 gentiles
1557 4405 1654 4484 multi,
1677 4408 1725 4487 qui

133 4513 170 4553 ass
180 4511 237 4551 esse
253 4513 301 4571 qut
293 4493 484 4554 'affirmarent
500 4492 577 4555 aliud
594 4515 692 4577 corpus
716 4495 827 4572 cadere,
850 4500 926 4560 aliud
981 4498 1099 4559 tribonio
1112 4497 1246 4574 induti,et
1258 4496 1365 4578 prolixa
1381 4496 1489 4556 barba
1480 4498 1617 4570 instructi,
1630 4500 1726 4581 populi

131 4603 329 4662 presurgere
352 4610 367 4641 ιι
388 4585 533 4657 Quomodo
546 4590 784 4668 ergoresurrectic
798 4591 918 4654 fucrit».
910 4595 925 4635 ⁹
980 4591 1182 4654 venerationem
1201 4589 1255 4650 sihi
1277 4589 1475 4659 conciliabant,
1495 4589 1654 4671 plebemque
1677 4591 1725 4652 tali

149 4670 286 4753 “inquit,
301 4703 315 4731 ιι
335 4677 360 4736 si
376 4697 472 4759 nempe
484 4679 562 4739 ahud
580 4679 674 4757 cadat,
687 4679 764 4743 aliud
778 4687 927 4764 resurgatt
980 4683 1139 4746 imbuebant
1151 4680 1313 4762 disciplina,
1327 4693 1398 4788 qttae·
1401 4680 1434 4742 ad
1447 4680 1633 4742 Christianum
1655 4704 1726 4786 saepe

180 4767 253 4829 unde
273 4768 344 4845 hoc,
366 4770 476 4849 queso?
499 4771 610 4832 aliudne
640 4774 776 4855 peccavit,
801 4789 828 4836 et
849 4776 927 4838 aliud
981 4775 1114 4859 populum
1125 4774 1265 4836 transibat.
1280 4773 1527 4857 Faticpiniointer
1540 4775 1726 4834 caetcrasemi·

180 4861 317 4943 punitur?
333 4861 411 4922 aliud
433 4877 504 4923 recte
521 4863 601 4942 iecit,
616 4879 643 4927 et
661 4865 737 4927 aliud
760 4870 927 4930 coronatur?
980 4869 1076 4944 nebat,
1089 4888 1171 4948 quam
1190 4887 1243 4927 ncn
1263 4886 1325 4927 ram
1345 4865 1490 4931 insectatur
1505 4864 1725 4946 Chrysostomus.

131 4990 171 5035 ,μ
181 4955 265 5036 Apud
278 4955 586 5036 constantinopolitanos
599 4957 678 5018 etiam
696 4959 776 5021 multi
789 4974 865 5022 erant
878 4960 926 5042 qui
1020 4963 1117 5043 Ingens
1130 4974 1187 5022 erat
1200 4958 1274 5042 apud
1288 4958 1438 5020 Orientales
1451 4959 1512 5018 illos
1526 4957 1686 5038 opinionum
1700 4973 1727 5018 ct

181 5047 302 5108 dicerent
312 5047 381 5108 ahos
392 5062 589 5112 resurrecturos
596 5051 685 5128 ,alios
696 5073 750 5115 non
762 5069 923 5116 resurrectu·
980 5051 1426 5117 errorumdiversitasslerissimis
1434 5051 1507 5111 enim
1516 5049 1583 5110 moti
1592 5051 1727 5131 conjectu·

180 5160 225 5200 ros
242 5161 317 5217 esse,
336 5161 404 5221 quos
422 5139 602 5204 validissimis
620 5146 786 5225 argumentis
808 5149 927 5210 confutat
981 5148 1030 5226 ris,
1040 5169 1100 5229 quae
1112 5147 1140 5208 io
1154 5159 1272 5210 mentem
1283 5143 1444 5218 veniebant,
1457 5157 1554 5203 temere
1572 5155 1598 5202 et
1619 5141 1728 5201 incaute

182 5235 404 5341 Chrysostomus.
912 5303 914 5307 ,
982 5238 1192 5323 proferebantin
1207 5236 1349 5316 modium,
1364 5250 1391 5297 et
1404 5236 1496 5297 statim
1509 5247 1650 5296 sectatores
1671 5231 1724 5293 ha·

223 5326 308 5392 Erant
324 5329 405 5394 ctiam
415 5331 527 5412 quidam
540 5353 587 5414 qtu
580 5331 727 5405 dicebant
741 5337 860 5400 animam
878 5361 925 5400 nc·
982 5334 1090 5396 bebant.
1105 5331 1171 5394 lude
1192 5333 1295 5397 tactum
1309 5345 1339 5394 ut
1338 5282 1605 5464 ²Occidentuleqtpm
1619 5329 1691 5394 levia
1703 5343 1732 5390 ct
