3750 6052
713 544 804 593 nuuc
824 541 957 594 ιιιιιιιιι
982 526 1181 594 andanem.
1652 523 1717 611 ¹43

178 671 257 734 uobis
270 683 333 732 sunt
351 670 469 733 dicta.»
491 670 533 732 lta
552 684 584 731 ut
595 682 700 732 ιιιιιιιιι
713 667 838 732 rideatur
852 668 924 729 banc
975 688 1038 727 rum
1047 667 1117 728 hanc
1127 682 1289 750 postremam
1298 667 1333 729 de
1340 667 1427 730 Ludis
1436 667 1674 746 circensibus,illa
1684 667 1720 730 de

179 765 281 826 dictam
292 763 377 825 fuisse
388 763 551 846 paucispost
565 763 642 823 illam
653 783 736 844 mam
747 760 782 821 de
790 764 924 822 Resurre·
975 762 1181 824 Dormientibns
1202 764 1357 843 precessit,
1383 777 1415 825 ut
1429 764 1487 847 ipsa
1507 764 1626 825 bomilia
1644 764 1719 825 illius

179 858 267 917 ctione
283 870 310 917 et
330 855 366 916 de
391 857 493 916 Laaaro
511 854 633 935 quintam
652 853 855 935 inscripsimus;
868 853 924 912 imo
975 854 1063 934 prima
1091 856 1173 915 verba
1196 857 1317 917 indimus
1335 881 1343 915 r
1372 860 1443 918 Dies
1461 871 1589 938 quotuor
1613 862 1646 917 in
1669 879 1720 917 er·

178 948 300 1009 fortassis
310 961 372 1008 aute
382 962 486 1007 sextam
497 945 532 1008 de
546 945 753 1006 Resrirrectione
763 958 788 1004 et
796 943 831 1004 de
842 946 925 1004 Lara·
974 948 1117 1028 plicando
1140 952 1226 1009 vobis
1250 952 1359 1009 lazari
1383 951 1528 1029 parabola
1555 946 1719 1012 consumsi-

179 1063 222 1102 ro.
244 1041 321 1101 lianc
342 1061 404 1101 cnm
427 1039 483 1100 illis
502 1038 537 1100 de
560 1042 661 1100 Lanam
681 1053 707 1099 et
727 1037 789 1098 aliis
804 1036 926 1118 ejusdem
976 1061 1067 1112 mus,
1097 1054 1147 1100 etc.
1169 1041 1258 1121 Igitur
1285 1042 1434 1103 Antiochia
1464 1044 1629 1104 continenter
1659 1054 1721 1124 post

179 1135 320 1217 temporis,
332 1155 394 1213 quae
408 1133 535 1194 undecim
546 1153 658 1193 numero
670 1145 742 1205 suut,
753 1131 856 1191 confert
868 1129 926 1188 Til·
976 1133 1115 1194 conciones
1130 1133 1170 1201 de
1180 1134 1282 1195 Laaarn
1295 1135 1366 1197 bano
1378 1136 1474 1197 babuit
1487 1137 1650 1212 homiliam,
1671 1135 1721 1194 ubi

180 1226 326 1287 lemontius
348 1225 376 1284 iu
400 1223 464 1284 anni
488 1224 554 1285 386
573 1222 706 1284 initium:
728 1235 823 1283 eontra
844 1241 926 1299 quam
951 1228 956 1239 '
976 1226 1097 1308 primum
1107 1241 1199 1288 eontra
1210 1227 1274 1289 illos
1285 1228 1360 1310 agit,
1375 1229 1423 1308 qui
1438 1229 1566 1289 circenses
1576 1227 1722 1303 ludoslre-

180 1322 309 1403 temporis
323 1333 417 1380 notam
429 1340 482 1379 non
497 1340 584 1401 pauca
598 1318 732 1394 diximus,
743 1314 820 1377 aliud
836 1329 926 1376 autem
977 1317 1156 1396 quentabant,
1168 1333 1195 1379 et
1207 1333 1299 1398 postea
1314 1318 1351 1379 ad
1365 1334 1520 1380 eonsuetam
1532 1319 1568 1380 de
1580 1320 1681 1380 Lazaro
1694 1330 1721 1378 et

180 1427 369 1494 argumentum
394 1411 533 1494 prioribus
560 1410 718 1492 adjicimus.
750 1411 860 1470 Certum
886 1421 927 1468 est
977 1410 1065 1474 divite
1075 1413 1231 1493 parabolam
1241 1413 1369 1476 deflectit.

181 1506 405 1588 Chrysnstomum
418 1524 489 1564 auno
504 1504 613 1564 ineunte
626 1502 685 1565 58⁷
696 1506 750 1562 uon
763 1496 864 1583 pa'uoos
875 1499 926 1559 ha·
1017 1504 1153 1566 Hactenus
1165 1519 1272 1588 tempus
1291 1528 1345 1586 quo
1365 1507 1504 1568 muniones
1522 1506 1645 1588 singulas
1664 1509 1722 1566 bn·

179 1603 271 1664 buisse
283 1621 419 1664 sermones
429 1600 465 1660 de
478 1600 610 1681 ipoooslop
620 1612 646 1660 et
661 1613 754 1659 contra
768 1600 925 1670 bnnmoena3
977 1597 1083 1658 tiochiee
1098 1597 1194 1658 habuit
1202 1599 1412 1682 Chrysnstomus
1420 1599 1631 1681 assignavimus,
1641 1599 1722 1660 modo

131 1707 228 1756 tttnec
242 1694 333 1754 minus
346 1707 460 1764 eertum,
473 1693 558 1753 solere
569 1692 793 1774 chrysostomum
805 1689 927 1771 preteri-
976 1693 1072 1769 certis,
1093 1694 1175 1754 modo
1192 1693 1285 1755 dubiis
1304 1696 1423 1757 indiciis.
1441 1696 1560 1757 Ceteras
1576 1716 1639 1756 vern
1655 1716 1723 1774 quas

180 1801 269 1847 tarum
283 1786 445 1847 concionum
459 1785 626 1862 meminisse,
646 1784 725 1864 cujus
744 1782 783 1843 rei
800 1781 925 1863 exempla
974 1785 1131 1861 edidimus,
1151 1807 1271 1866 quasque
1290 1788 1439 1850 Antiochia
1453 1832 1461 1863 ,
1475 1787 1533 1848 sine
1547 1787 1614 1848 ulla·
1623 1787 1724 1869 proha·

178 1883 281 1963 passim
299 1879 448 1940 vidimus:
469 1899 504 1937 nn
520 1898 585 1938 vero
606 1877 761 1957 contingere
772 1874 874 1956 potuit,
893 1888 925 1934 ut
979 1878 1031 1940 bili
1052 1879 1116 1939 anni
1136 1893 1210 1954 nota,
1223 1880 1348 1942 habuisse
1360 1895 1502 1963 putamus,
1524 1881 1571 1941 hio
1585 1880 1723 1941 continen-

179 1974 287 2054 vigente
308 1972 354 2032 illa
378 1984 470 2031 eontra
494 1973 639 2031 Annmteos
659 1967 869 2050 disceptatione,
894 1965 923 2026 in
977 1983 1019 2030 ter
1038 1991 1224 2052 apponemus,
1244 1971 1292 2033 illo
1311 1973 1405 2034 ordine
1422 1978 1477 2054 quo
1497 1973 1526 2033 in
1539 1973 1591 2034 bac
1603 1971 1722 2033 editione

180 2066 253 2124 nulla
267 2064 397 2124 harumce
408 2083 506 2123 norem
520 2061 705 2131 homiliarum,
721 2081 781 2138 quae
795 2058 854 2118 sine
865 2056 923 2116 du·
975 2061 1110 2124 seruntur.

178 2158 236 2232 bio,
248 2157 271 2217 si
285 2156 379 2216 eodem
393 2176 463 2215 anno
472 2167 499 2214 et
509 2175 600 2214 mense
614 2154 714 2212 habite
724 2151 836 2228 fuerint,
851 2150 925 2210 inter
1015 2153 1162 2216 Humiliam
1176 2157 1294 2239 primam
1306 2157 1334 2218 in
1345 2160 1516 2220 Pentecosten
1527 2136 1737 2241 neeobjeetura¹
1768 2163 1874 2210 nonatt-

180 2249 418 2310 llomiliascontra
429 2251 572 2307 Anomoeos
581 2244 869 2319 intermixtasuerunt,
879 2243 923 2303 vel
976 2247 1087 2327 quiden
1100 2248 1192 2311 dicere
1204 2272 1349 2332 possumus
1366 2273 1422 2330 quo
1435 2272 1505 2311 anno
1519 2251 1612 2311 habita
1627 2251 1721 2325 suerit,
1730 2226 1874 2335 {22:me

183 2344 325 2403 minimam
337 2341 432 2402 baberi
447 2341 530 2421 hujus
542 2337 731 2401 controversie
742 2336 924 2398 mentionem?
975 2353 1006 2399 ut
1020 2340 1047 2400 in
1062 2342 1168 2403 Nonito
1183 2341 1218 2402 etl
1228 2341 1349 2403 eamdem
1365 2331 1550 2426 problrimus.
1566 2345 1599 2404 ln
1612 2364 1644 2404 ea
1656 2363 1721 2404 vero
1729 2356 1871 2422 zap-4⁵⁶·

177 2435 236 2495 llac
246 2434 313 2495 mihi
324 2455 394 2494 nora
403 2433 512 2493 suborta
522 2429 667 2492 dubitandi
676 2450 755 2491 causa
764 2427 847 2491 animi
859 2449 924 2510 peu-
975 2452 1030 2493 non
1043 2454 1157 2516 parvam
1173 2435 1253 2498 nobis
1264 2434 1457 2496 difficultatem
1473 2435 1553 2496 aliem
1565 2434 1593 2495 io
1607 2454 1721 2496 enume-

182 2527 245 2603 deo,
256 2527 341 2587 donec
350 2526 418 2606 quid
427 2526 524 2586 certius
535 2538 662 2604 emergat.
974 2524 1232 2608 randis'majoribus
1242 2526 1454 2603 festivitatibus,
1466 2548 1535 2607 quas
1549 2527 1601 2588 sub
1613 2527 1721 2589 initium

219 2619 368 2700 Septimum
388 2617 423 2677 de
445 2617 545 2676 Lazaro
563 2617 690 2697 ponimus
703 2614 844 2675 homiliam
863 2635 925 2694 que
974 2619 1070 2700 primae
1089 2619 1117 2680 in
1131 2620 1304 2680 Pentecosten
1323 2620 1446 2681 homilise
1466 2621 1506 2680 sic
1517 2633 1718 2681 commemorat.

179 2716 353 2789 inscribitur,
376 2714 553 2774 «Adversus
567 2731 632 2786 eos,
646 2715 699 2791 qtei
719 2714 762 2773 ad
780 2717 924 2772 circenses
975 2711 1096 2771 Primam
1119 2711 1187 2772 dicit
1209 2711 1407 2795 Epiphaniam,
1433 2709 1721 2785 secundam'Pascha,

179 2811 263 2869 ludos
274 2819 418 2887 pergunt,
431 2819 459 2864 et
473 2808 506 2863 in
519 2805 607 2864 illum
624 2805 786 2881 Evangelii
803 2805 924 2867 locum.-
976 2802 1081 2862 tertiam
1100 2805 1279 2864 Pentecosten.
1299 2803 1441 2879 Queritur
1453 2823 1518 2864 vero
1535 2824 1585 2863 cur
1598 2802 1722 2863 Natalem
1817 2844 1820 2849 -

178 2905 280 2963 lutrate
297 2921 345 2982 per
357 2911 498 2978 angustam
516 2910 639 2977 portam,
661 2897 725 2976 quia
739 2898 793 2958 lata
807 2911 884 2979 porta
899 2910 926 2958 et
976 2894 1077 2954 Christi
1091 2893 1166 2955 diem
1187 2895 1327 2969 omiserit,
1341 2916 1423 2976 quem
1442 2896 1499 2978 ipse
1510 2895 1549 2956 25
1563 2894 1721 2957 Decembris

177 2997 294 3077 spatiosa
314 2996 360 3054 via
380 3007 439 3065 est,
458 3012 518 3071 que
537 2990 614 3051 ducit
632 2991 670 3051 ad
687 2990 884 3072 perditionem,
899 3005 926 3052 et
976 2988 1106 3048 celebrari
1114 2991 1173 3071 jam
1185 2988 1259 3049 dixit
1267 3032 1277 3061 ,
1291 3002 1317 3048 et
1327 2989 1354 3048 iu
1367 3008 1437 3069 quo,
1451 2999 1482 3047 ut
1494 2986 1720 3070 supradiximus,

178 3087 256 3146 mtilti
267 3100 329 3146 sunt
338 3085 384 3166 qui
396 3085 497 3144 intrant
509 3102 557 3162 per
569 3103 627 3142 eam
644 3105 652 3142 r
664 3096 693 3143 et
707 3103 811 3143 uersus
818 3085 925 3165 finem,
977 3080 1130 3141 concionem
1142 3081 1250 3142 babuit.
1266 3083 1329 3142 Dici
1340 3082 1410 3141 lorte
1429 3079 1532 3162 pessit,
1547 3079 1609 3161 quia
1622 3081 1722 3140 festum

180 3184 349 3241 inDivitcm
358 3192 385 3238 et
397 3175 689 3237 intaminatum
698 3198 764 3238 veru
772 3179 925 3238 concionem
976 3173 1080 3234 Natalis
1092 3173 1194 3233 Christi
1205 3195 1221 3233 a
1236 3173 1406 3255 paucissimis
1416 3172 1494 3233 anuis
1514 3171 1669 3233 ennuchis
1681 3192 1722 3232 ee·

178 3273 206 3331 iu
222 3273 288 3332 serie
298 3270 473 3330 homiliarum
485 3265 520 3326 de
530 3269 633 3329 Lararo
646 3289 704 3330 esse
714 3269 867 3350 ponendam
876 3270 926 3330 do·
976 3266 1131 3328 lebrabatur
1139 3267 1185 3328 dic
1196 3272 1235 3331 95
1246 3269 1419 3343 Decembris,
1433 3289 1494 3327 cum
1504 3284 1580 3328 antea
1589 3289 1643 3328 una
1655 3267 1722 3349 Epi·

180 3378 223 3424 cet
234 3365 291 3444 ipse
303 3364 515 3444 Chrysostomus
528 3378 605 3418 num.
618 3363 786 3421 liseUnum
796 3361 882 3442 igitur
892 3383 927 3422 ex
978 3361 1085 3440 phania
1105 3361 1277 3437 solemnitas,
1291 3362 1337 3422 die
1350 3376 1427 3421 sexta
1440 3361 1561 3425 ianuarii
1583 3376 1611 3422 et
1630 3360 1722 3422 Natali

180 3457 230 3529 iis,
245 3455 291 3535 qui
304 3465 504 3536 peraugustam
516 3466 542 3513 et
554 3465 655 3513 aretam
666 3453 741 3513 viam
751 3453 926 3535 incesserunt,
978 3452 1101 3530 Christi,
1117 3467 1143 3514 et
1157 3471 1299 3533 magorum
1312 3453 1484 3526 ademtioni,
1510 3467 1536 3513 et
1554 3453 1654 3514 Christi
1669 3453 1722 3513 ba-

177 3549 256 3609 vobis
269 3548 297 3608 in
311 3546 432 3606 medium
448 3547 628 3628 proferentes,
647 3565 740 3605 eorum
760 3564 821 3625 ques
837 3567 852 3605 a
868 3546 927 3605 Do-
976 3544 1077 3625 ptismn
1088 3542 1217 3626 deputata
1225 3559 1295 3605 esset
1306 3591 1314 3622 ,
1326 3544 1531 3629 hicsecundum
1547 3557 1665 3606 veterem
1675 3565 1723 3606 so-

177 3643 252 3705 mine
265 3641 337 3702 dicta
353 3653 416 3701 sunt
428 3643 570 3702 veritatem
587 3639 777 3714 ostendamus,
793 3653 821 3700 et
832 3640 926 3702 eadem
976 3637 1127 3697 lemnitates
1137 3636 1298 3699 numerandi
1307 3637 1551 3698 eonsuetudinema
1561 3637 1724 3721 Chrysosto-

176 3756 272 3796 rursus
285 3733 397 3794 Domini
411 3734 539 3815 parabola
563 3746 680 3792 utamur.
695 3756 710 3789 e
723 3732 761 3792 Et
772 3732 865 3813 pausis
878 3733 925 3793 in·
977 3751 1023 3792 mo
1048 3733 1232 3814 Epiphaniam
1261 3733 1425 3810 memorati,
1448 3732 1574 3814 diermpue
1597 3731 1723 3794 Natalem

176 3827 313 3909 terpositis
325 3871 335 3904 ,
349 3847 396 3887 eos
409 3825 503 3886 eadem
520 3825 649 3907 parabola
659 3829 717 3908 jam
732 3823 853 3886 imbutos
871 3825 924 3886 de·
977 3811 1071 3885 t'aceri.
1092 3824 1144 3884 llic
1160 3824 1290 3885 nimirum
1304 3834 1426 3908 receptus
1444 3825 1481 3886 ab
1493 3846 1553 3888 ern
1566 3823 1722 3887 recensendi

176 3919 300 3990 clarans,
317 3918 357 3978 sic
369 3919 475 3999 pergite
491 3943 507 3975 ι
521 3923 561 3979 Ac
573 3917 630 3979 scio
642 3916 768 3999 equidem
787 3938 854 3993 vos,
870 3918 925 3980 bn·
977 3937 1036 3977 mos
1047 3916 1128 3977 lusisse
1138 3917 1248 3980 videtur
1258 3916 1331 3997 apud
1341 3917 1541 3993 Antiochenos,
1552 3930 1645 3978 uttres
1655 3916 1723 3978 insi·

176 4013 263 4072 mines
274 4010 439 4092 perspicaces
449 4054 457 4085 ,
469 4010 527 4091 jam
540 4009 613 4090 quod
624 4008 750 4071 dictums
765 4028 826 4070 sum
840 4009 924 4071 iutel-
976 4010 1083 4090 gniores
1092 4011 1271 4072 solemnitates
1283 4010 1411 4086 dicerent,
1419 4010 1612 4093 Epiphaniam,
1618 4011 1723 4072 Pascha

175 4105 279 4184 ligere;
303 4102 481 4162 nibilominus
503 4115 591 4162 tamen
611 4123 627 4162 a
647 4101 726 4162 nobis
744 4101 800 4162 dici
819 4122 925 4163 necesse
979 4112 1006 4164 e't
1019 4107 1191 4165 Pentecosten
1203 4125 1212 4168 a
1224 4103 1345 4165 Natalem
1357 4103 1544 4165 vernDomini
1558 4102 1723 4183 diem,quin

176 4211 227 4260 est.
241 4220 256 4252 s
271 4195 307 4254 Et
316 4209 406 4276 postea
416 4195 451 4254 de
466 4194 553 4256 divite
568 4209 594 4255 et
609 4197 710 4256 Lazaro
723 4195 850 4277 pluribus
857 4197 925 4278 agit.
976 4218 1063 4279 nuper
1078 4198 1204 4258 inductus
1221 4197 1326 4272 luerat,
1342 4211 1374 4256 ut
1390 4198 1449 4278 jam
1470 4184 1609 4272 vidimus,
1628 4196 1655 4255 in
1670 4196 1722 4256 hoc

176 4296 294 4355 Demum
314 4312 389 4351 num.
408 4292 444 4366 5,
460 4305 603 4371 postquam
621 4293 715 4352 lavari
729 4306 844 4353 mortem
861 4315 924 4354 cum
976 4311 1088 4350 numero
1105 4288 1227 4350 nondum
1248 4302 1396 4369 ponerent,
1411 4289 1475 4368 qnia
1488 4301 1565 4348 antea
1577 4308 1641 4369 cum
1650 4286 1721 4369 Epi-

176 4386 272 4446 divitis
295 4384 371 4444 obitu
400 4384 549 4443 contulerat
574 4404 581 4443 :
604 4409 619 4440 n
642 4385 778 4445 hubenter
799 4386 872 4446 enim
891 4409 924 4462 r,
976 4383 1076 4466 phania
1088 4382 1284 4444 celebrabatur.

176 4480 234 4546 ait,
250 4502 265 4533 a
286 4476 356 4536 hanc
375 4495 433 4534 rem
448 4495 519 4555 saepe
532 4494 632 4549 verso,
650 4489 681 4535 ut
701 4495 782 4535 nemo
799 4496 834 4536 ex
851 4476 923 4550 illis,
1015 4480 1138 4540 Secuma
1157 4477 1238 4538 etiam
1255 4476 1290 4536 de
1311 4477 1466 4536 Pentecoste
1484 4475 1597 4535 bomilia
1617 4475 1721 4537 unllam

174 4571 224 4650 qui
245 4583 360 4650 egestate
377 4567 422 4629 vel
441 4567 545 4627 morbis
562 4580 589 4626 et
608 4568 679 4627 lame
699 4580 877 4649 premuntur,
894 4589 923 4629 se
975 4595 1031 4656 prm
1045 4594 1073 4632 se
1087 4573 1137 4632 lert
1149 4569 1278 4652 temporis
1292 4583 1391 4628 notam.
1407 4570 1439 4629 ln
1453 4569 1505 4628 hac
1517 4589 1598 4651 porro
1623 4569 1721 4642 Pente-

177 4675 345 4733 oontemnat‚
372 4674 398 4720 et
412 4661 529 4742 seipsum
549 4659 679 4719 miserum
695 4660 860 4736 arbitretur,
875 4660 921 4721 sed
976 4682 1065 4728 costen
1091 4677 1170 4726 vocat
1192 4663 1401 4743 chrysostomus
1421 4662 1604 4744 metropolim
1624 4665 1721 4744 sesto·

177 4751 351 4834 patienter»,
366 4766 417 4816 etc.
431 4754 476 4813 Ex
486 4752 586 4833 quihus
607 4752 782 4833 perspicuum
793 4765 834 4813 est
852 4752 923 4814 hanc
974 4782 1060 4836 rom,
1076 4759 1140 4838 quia
1154 4755 1296 4830 videlieet,
1312 4769 1344 4815 ut
1363 4753 1464 4815 ibidem
1479 4755 1587 4838 adjicit,
1600 4756 1720 4817 fructum

177 4844 259 4928 paulo
273 4858 334 4924 post
347 4843 473 4905 homilias
485 4842 555 4905 illas‘
561 4858 676 4924 quatuor
692 4843 727 4905 de
743 4848 845 4906 husu
857 4866 922 4928 pro-
975 4852 1023 4913 illa
1034 4850 1186 4912 Dominicis
1196 4846 1383 4931 promissionis
1392 4848 1477 4908 affert.
1487 4849 1547 4909 Non
1560 4869 1646 4932 pauca
1657 4869 1721 4910 con·

177 4937 330 4996 nuntiatam
341 4933 434 4994 fuisse.
450 4936 635 5010 Quamobrem
645 4936 673 4998 in
684 4938 823 4999 nonnullis
832 4938 921 5000 Codi-
975 4959 1017 5005 tra
1031 4940 1290 5006 Pueumatomacbos
1303 4939 1426 5012 disserit,
1439 4940 1486 5019 qui
1501 4939 1622 5021 Spiritus
1633 4940 1718 5001 sancti

177 5029 256 5089 cibus
273 5031 339 5089 llss.
356 5026 425 5086 inter
438 5027 572 5089 llomilias
586 5027 621 5088 de
636 5032 738 5090 Lazaro
752 5030 879 5112 ponitur,
896 5043 923 5091 et
976 5039 1139 5120 majestatem
1160 5057 1191 5097 ac
1208 5034 1378 5095 divinitatem
1392 5033 1577 5115 impetebant:
1596 5056 1628 5095 ἃς
1644 5048 1719 5116 post.

175 5127 204 5185 in
224 5123 379 5184 Colbertino
393 5119 452 5183 564
470 5137 530 5202 post
553 5138 668 5202 qrratuor
683 5125 745 5185 illas
771 5126 876 5207 priores
888 5126 923 5188 de
976 5152 1058 5211 quam
1071 5130 1105 5190 de
1118 5128 1250 5189 tractibus
1260 5126 1380 5208 Spiritus
1394 5125 1478 5185 sancti
1494 5126 1580 5185 multa
1591 5127 1716 5208 protulit,

178 5222 279 5280 lazaro
293 5216 414 5291 locatur,
431 5230 457 5275 et
471 5215 628 5275 inscribitur
637 5217 740 5291 Quinta
753 5221 789 5279 de
799 5221 920 5294 lamro,
976 5226 1058 5285 sanem
1070 5221 1179 5285 dicendi
1193 5220 1268 5281 lacit.

177 5324 259 5390 atque
271 5309 389 5369 Humilia
409 5307 436 5367 in
452 5307 540 5382 illud,
560 5309 640 5368 Nolo
660 5330 714 5371 uos
733 5314 868 5394 a'gnorore
886 5314 923 5372 ds
1017 5314 1166 5377 Antiochia
1175 5313 1241 5374 item
1253 5311 1356 5372 incerto
1373 5330 1443 5370 anno
1456 5310 1609 5374 concionem
1623 5311 1722 5374 habuit
1751 5323 1859 5389 moetos

1730 5386 1778 5433 all·

178 5406 407 5478 dormientibus,
422 5400 580 5463 inscribitur
590 5402 718 5465 Sextade
734 5392 921 5470 tramitte·
978 5410 1013 5472 de
1035 5410 1063 5473 S.
1084 5406 1193 5488 Pelagio
1217 5417 1336 5486 manyre
1360 5403 1551 5486 Antiocheno,
1574 5426 1636 5484 que
1657 5415 1873 5508 cum-[4535.
