3750 6052
207 974 243 1014 ‚s
740 853 1307 1020 SYNOPSIS

373 1219 615 1330 noenu,
648 1218 785 1336 Qun
817 1220 883 1312 nn
920 1216 1223 1311 ornamus
1246 1212 1675 1309 euersosrour

839 1500 1205 1592 OBSERVANTUR.

778 1796 1283 1837 &suff—-

826 2056 1219 2164 PROLOGUS.
1275 2048 1278 2055 ’

285 2371 354 2433 Rem
366 2387 506 2451 operosam
519 2379 601 2446 etque
613 2364 743 2425 hauenus
757 2364 916 2425 intentatam
929 2361 1116 2443 aggredimur,
1140 2383 1202 2424 cum
1215 2361 1252 2424 ad
1264 2363 1374 2425 locoru
1386 2362 1563 2431 commodum
1574 2384 1607 2427 oa
1617 2386 1684 2447 qun
1700 2367 1734 2431 in
1745 2383 1805 2432 tam

245 2463 335 2543 ampla
348 2475 387 2522 tot
399 2459 571 2522 voluminum
583 2458 655 2518 mole
667 2457 873 2539 disperserunt,
891 2455 1040 2520 mundum
1053 2455 1172 2515 materias
1188 2454 1323 2529 ordinem,
1339 2477 1425 2517 unum
1436 2457 1489 2517 rub
1499 2472 1678 2541 conspectum
1697 2482 1803 2544 ponere

245 2553 424 2614 destinemus.
439 2556 474 2612 Aa
487 2551 559 2611 enim
572 2570 625 2610 non
638 2550 672 2609 iis
684 2550 775 2626 modo,
791 2552 866 2629 queis
876 2548 1005 2608 immensa
1016 2546 1063 2607 illa
1073 2568 1156 2628 opera
1167 2546 1255 2627 tegere
1265 2568 1318 2609 non
1329 2562 1408 2614 vacat
1419 2570 1468 2631 per
1478 2549 1586 2627 otium,
1599 2549 1656 2635 red¹
1664 2552 1703 2613 iis
1715 2554 1803 2619 etiam

245 2644 295 2726 qui
305 2644 433 2706 diuturna
445 2642 558 2706 lectione
571 2655 641 2702 totos
650 2639 795 2701 duodecim
809 2655 896 2701 tomos
908 2641 1045 2713 evolverat,
1058 2637 1174 2700 difficile
1185 2637 1335 2700 admodum
1347 2653 1419 2701 erret
1436 2639 1530 2702 omn‘n
1543 2640 1700 2705 mudum
1715 2667 1803 2728 argu-

245 2733 331 2799 menti
342 2735 473 2795 rationem
488 2753 632 2814 excerpere
644 2745 672 2792 et
690 2732 718 2791 in
731 2745 802 2791 certa
815 2729 904 2812 capita
915 2729 1097 2809 distrihuers;
1122 2731 1255 2793 nimirum
1271 2755 1331 2814 que
1344 2732 1382 2794 ad
1396 2731 1548 2795 docuinam
1560 2747 1589 2797 et
1606 2734 1803 2823 theologiam,

244 2849 306 2908 quas
320 2824 357 2887 ad
372 2825 546 2907 disciplinam
557 2838 584 2885 et
596 2824 666 2883 ritus
679 2823 771 2885 rarior
783 2837 844 2882 tum
858 2821 1040 2885 Antiocheuos
1052 2837 1112 2885 tum
1125 2824 1451 2906 constantinopolitannm
1464 2825 1607 2889 imm
1615 2827 1668 2891 illa
1681 2850 1749 2909 qun
1765 2829 1802 2891 de

245 2920 380 2981 hemico
397 2933 425 2980 et
436 2917 622 2977 heresiarchis
638 2915 742 2999 passim
760 2926 923 2992 occurrunt3
938 2915 1111 2979 miscellanea
1122 2917 1209 2978 multa
1224 2938 1286 2997 quar
1299 2917 1327 2977 in
1340 2932 1530 2998 argumentum
1543 2918 1658 2999 aliquod
1672 2921 1803 3003 redigere

246 3011 277 3072 in
291 3024 401 3095 promtu
417 3031 472 3070 non
498 3022 546 3070 est.
565 3011 685 3071 Βεωιιω
697 3009 820 3092 πάρεργα
834 3008 1055 3088 frequentissima
1072 3030 1132 3089 que
1149 3009 1179 3069 in
1194 3008 1420 3070 similitudinibus
1431 3008 1545 3072 adhibet
1556 3010 1801 3095 chrysostomus,

247 3104 298 3165 ubi
314 3102 420 3163 infinita
440 3123 508 3184 pene
519 3100 557 3162 ad
572 3102 642 3162 ritus
652 3115 678 3162 et
699 3121 788 3162 morer
800 3100 842 3160 sui
863 3101 992 3183 temporis
1004 3101 1178 3184 pertinentia,
1196 3121 1257 3182 quae
1270 3099 1306 3161 nd
1319 3100 1480 3183 religionem
1491 3123 1546 3164 non
1567 3102 1756 3187 spemhant,
1771 3106 1802 3168 in

246 3195 491 3277 comparationibus
504 3209 629 3256 recenset
646 3193 713 3254 llaec
727 3194 818 3255 omnia
829 3192 857 3253 in
871 3192 1006 3255 diatribae
1019 3193 1140 3274 quinque
1152 3191 1301 3253 distributa
1307 3192 1366 3275 jam
1380 3194 1556 3275 proferemus.
1572 3196 1616 3257 ue
1626 3194 1707 3283 stylo
1716 3199 1804 3263 etiam

247 3289 305 3371 ejus
319 3287 410 3367 aliqua
423 3286 514 3347 dicere
525 3287 632 3348 animus
645 3299 702 3346 erat
714 3309 721 3344 ε
733 3285 781 3346 sed
795 3285 861 3367 quia
872 3286 902 3346 in
915 3285 1078 3346 Praefatioos
1087 3282 1172 3367 primi
1183 3281 1249 3343 tomi
1262 3280 1314 3341 hac
1328 3280 1364 3342 de
1374 3303 1405 3343 re
1413 3282 1565 3345 lucideoter
1576 3296 1672 3346 murm
1688 3298 1756 3364 eat,
1772 3284 1804 3347 id

247 3393 392 3442 retractare
407 3398 636 3461 supervacaneum
648 3378 707 3439 sore
724 3377 857 3439 diximus·

917 3813 1096 3876 ullumne
1116 3815 1139 3875 l.

434 4028 482 4087 De
497 4032 533 4088 iis
544 4047 611 4106 pure
625 4026 668 4086 ad
679 4027 847 4085 doctrim
859 4034 992 4104 spectum
1004 4036 1033 4085 et
1044 4026 1087 4085 ad
1098 4027 1277 4103 theologicas
1291 4030 1441 4106 opiniones
1454 4026 1538 4089 iliius
1549 4030 1617 4090 aeri.

296 4244 342 4305 De
361 4240 512 4303 substamia
532 4239 585 4300 Dei
603 4239 691 4320 deque
713 4237 847 4299 Trinitate
866 4239 999 4299 Persona-
1050 4253 1145 4300 rentur
1154 4238 1213 4301 baec
1225 4239 1307 4301 rerba
1322 4240 1494 4323 proferebant
1505 4263 1513 4300 r
1524 4240 1723 4307 Aorenunue
1735 4246 1803 4322 tibi,
1815 4282 1844 4329 p·

255 4355 360 4396 lumea
371 4333 609 4415 nonraroproiert
620 4332 840 4412 Chrysostomus,
851 4350 911 4408 quar
920 4329 999 4389 Chri·
1050 4344 1172 4409 satarsa,
1189 4344 1218 4392 et
1230 4353 1343 4416 pompos
1359 4346 1417 4393 tuoe
1433 4345 1463 4393 et
1476 4333 1572 4394 cubui
1582 4346 1652 4408 tuo,
1671 4348 1707 4396 et
1726 4357 1804 4397 oos-
1815 4361 1837 4393 e.

254 4427 336 4488 etiani
354 4446 447 4487 omnes
466 4424 639 4507 profitentur.
662 4423 705 4482 De
726 4422 913 4481 lncematione
934 4442 998 4482 rero
1044 4425 1156 4506 jungor
1167 4426 1233 4500 tibi,
1249 4425 1363 4485 Christe
1375 4447 1385 4482 .-
1396 4424 1452 4484 illis
1465 4446 1531 4486 vero
1543 4425 1644 4487 addere
1654 4427 1802 4509 juheban·
1837 4460 1865 4507 τ,

255 4519 358 4580 Christi
371 4531 398 4578 et
408 4517 466 4600 ejus
480 4537 542 4578 eum
553 4516 633 4575 Patre
645 4513 798 4592 aequalitate
811 4512 958 4572 innumeris
969 4512 997 4572 in
1051 4527 1106 4588 tur,
1117 4515 1211 4576 Credo
1223 4519 1256 4575 in
1269 4521 1507 4577 resurrectionem
1520 4532 1717 4580 monitorum.
1726 4521 1803 4582 Post·
1814 4522 1866 4586 37&

255 4609 323 4670 locis
333 4610 389 4689 agit
402 4623 433 4669 ut
445 4612 639 4670 Anomoeorum
651 4607 703 4666 tela
714 4606 863 4687 propulset,
876 4606 924 4686 qui
934 4619 998 4666 tuno
1049 4629 1134 4687 eaque
1152 4620 1193 4668 ter
1213 4610 1241 4669 in
1257 4609 1330 4668 unda
1341 4609 1539 4689 mergebantur.
1552 4611 1584 4670 ln
1595 4608 1717 4673 homilia
1732 4634 1802 4674 vero
1813 4608 1865 4720 ΒΤ·

255 4700 406 4761 Antiochiae
428 4715 454 4760 et
480 4698 712 4781 Constantinopoli
731 4711 822 4758 contra
845 4698 998 4760 Catholioos
1050 4714 1126 4761 sexta
1136 4701 1164 4760 in
1175 4700 1560 4782 EpistolamadColossenses,
1572 4702 1609 4762 ita
1618 4703 1803 4768 remmon
1830 4682 1867 4731 μ’

254 4792 462 4855 velificahantur
476 4815 483 4849 ε
498 4814 584 4872 neque
597 4806 636 4852 est
649 4813 679 4851 ea
693 4792 722 4851 in
740 4792 884 4868 rediutius
901 4792 997 4853 immo·
1050 4792 1087 4854 ab
1105 4815 1138 4854 eo
1156 4795 1203 4873 qui
1222 4794 1386 4877 baptismum
1405 4809 1564 4877 accepturus
1584 4808 1643 4855 erat
1660 4798 1774 4877 prolata
1792 4823 1801 4858 =

99 4914 241 4977 p„‚,‚‚5„‚
255 4885 383 4950 randum.
395 4884 495 4945 Contra
507 4887 650 4945 Anomoeos
663 4899 752 4943 autem
766 4896 920 4943 concertans
930 4883 997 4944 duas
1051 4885 1240 4946 Abrenuntio
1251 4891 1315 4961 tibi,
1326 4900 1446 4960 satana,
1460 4899 1608 4968 etpompoe
1618 4896 1678 4947 tuoe
1691 4902 1723 4951 et
1733 4890 1803 4951 cul-

116 5009 122 5023 ·
254 4979 406 5041 inChristo
418 4976 570 5039 voluntates
581 4976 662 5036 t'uisse
674 4988 794 5057 pugnat,
812 4989 838 5036 et
850 4975 999 5037 Monothe-
1051 4984 1095 5038 tui
1111 4991 1161 5037 tuo
1178 4991 1206 5038 et
1223 4980 1335 5060 angelis
1356 4983 1423 5039 tuis.
1442 4978 1516 5038 lllud
1532 4999 1611 5052 vero,
1629 4991 1659 5040 et
1679 4984 1802 5064 angelis

253 5071 365 5134 litatum
378 5071 426 5152 qui
440 5083 532 5152 postea
549 5069 636 5129 exorti
649 5082 726 5148 sunt,
744 5067 823 5149 quasi
839 5067 902 5129 deta
916 5089 997 5149 opera
1051 5073 1120 5148 tuis,
1141 5071 1169 5130 in
1185 5071 1348 5152 precedenti
1368 5093 1421 5132 non
1435 5072 1550 5132 habetur
1567 5070 1637 5132 :sed
1651 5071 1702 5135 illa
1722 5075 1803 5157 prior

253 5165 377 5226 heresim
394 5163 532 5246 profligat.
1050 5162 1199 5222 Antiochiae
1213 5162 1347 5244 descripta
1361 5163 1423 5241 fuit,
1437 5165 1568 5244 posterior
1579 5186 1645 5227 vero
1660 5165 1802 5230 Constan-

291 5256 426 5339 Baptismi
444 5255 527 5315 ritum
549 5253 588 5314 ita
606 5251 736 5313 describit
754 5254 965 5336 Chrysostomus
986 5278 995 5312 a
1048 5251 1175 5334 linopoli,
1189 5253 1236 5314 uhi
1253 5253 1365 5314 sortasse
1381 5255 1449 5316 levis
1463 5255 1509 5315 illa
1528 5255 1674 5318 liverius
1693 5257 1725 5319 in
1743 5281 1801 5322 usu

251 5349 307 5423 Qui
315 5348 471 5432 baptizandi
479 5360 556 5408 erant
568 5367 617 5428 per
629 5344 687 5406 dier
701 5345 812 5426 triginta
822 5346 857 5407 ad
870 5359 993 5408 sanctum
1046 5359 1112 5406 erat.
1127 5346 1280 5429 Baptismus
1293 5368 1368 5420 vero,
1384 5348 1472 5426 inquit
1484 5349 1542 5422 ille,
1561 5369 1614 5408 non
1627 5347 1752 5413 dabatur
1766 5352 1798 5414 in
1810 5377 1871 5441 ις,

249 5438 319 5500 illud
336 5440 476 5503 lavacrum
494 5438 695 5521 apparabantur
714 5463 721 5498 a
742 5450 885 5517 antequam
904 5437 992 5518 tinge·
1045 5439 1210 5518 Pentecoste,
1222 5461 1303 5520 quam
1319 5455 1394 5501 vocat
1407 5441 1454 5501 ille
1464 5440 1624 5525 metropolin
1637 5442 1796 5509 sestomm:
1809 5457 1829 5489 ι
