3714 5970
162 443 211 534 44
493 446 496 450 ’
769 459 928 510 rasiano
956 460 1126 514 ιιιιιοιιυν
1161 476 1164 481 ·

158 587 272 664 rebam,
285 603 332 667 per
344 585 413 663 viam
423 605 485 644 eum
501 583 618 643 maxime
628 584 774 663 urgebant,
785 585 903 644 dicentes
961 589 1080 669 σύμενον.
1101 593 1303 662 Πλησιάσαντες
1321 589 1405 674 δίτῇ
1416 592 1528 673 Ιίομάνη
1550 591 1671 673 καθάπερ
1687 596 1726 674 γέ·

160 679 189 740 id
200 680 299 739 habere
314 700 341 738 se
355 679 382 737 io
401 677 535 736 mandatis
544 700 553 755 ς
570 690 727 755 tamquam,
741 677 763 735 si
779 690 904 737 mortuus
961 707 1044 764 φυραν
1055 685 1136 756 αὐτήν
1146 688 1291 768 παρῆλθον,
1301 684 1351 754 ἐξω
1361 690 1407 746 τοῦ
1417 686 1524 765 τείχους
1537 687 1564 743 ἐν
1581 689 1620 766 τῷ
1634 709 1727 765 μαρτυ-

159 783 228 830 esset
242 771 269 830 in
287 770 402 845 itinere,
417 768 453 827 ad
464 770 579 848 majores
601 766 701 846 gradus
717 767 856 826 erchcudi.
871 770 903 827 Et
963 773 1010 855 ρίῳ
1026 776 1160 854 μείναντες
1175 779 1229 838 ἀπὸ
1241 778 1318 838 πέντε
1335 778 1353 849 ἢ
1367 777 1395 847 ἐξ
1417 778 1545 855 σημείων.
1560 777 1631 838 Κατ’
1652 779 1729 850 αὐτὴν

160 885 231 922 unus
251 862 359 941 quidem
380 884 414 920 ex
435 861 469 919 iis
493 861 527 918 de
544 859 668 940 proesenti
689 859 788 917 militia
813 860 903 918 minus
921 906 946 945 ,0
962 865 989 925 δέ
1001 867 1049 940 τήν
1062 868 1144 929 νύκτα
1157 868 1277 949 παρέστη
1292 869 1443 948 αύτῷὸτῶ
1453 869 1535 930 τύπω
1548 870 1651 930 ἐκείνου
1664 868 1728 948 μάρ.

160 955 310 1026 sollicitus,
342 954 465 1013 nonnihil
500 951 675 1010 humanitatis
704 953 903 1029 quodammodo
914 964 942 1005 Ἄ
961 981 1015 1033 τυς,
1030 961 1188 1029 Βασιλίσκσς
1201 962 1285 1038 ὄνομα
1300 964 1382 1040 αύτῷ,
1395 957 1423 1029 ἀς
1437 970 1576 1041 μαρτυρεῖ,
1590 958 1729 1026 ἐπίσκοπος

160 1047 255 1105 furtim
268 1047 445 1105 ostendebat:
461 1044 529 1103 alter
541 1058 630 1103 atum
646 1065 729 1122 usque
748 1043 815 1104 adeo
837 1067 903 1104 cru·
959 1048 995 1106 ὦν
1017 1053 1157 1129 Κομανῶν,
1169 1055 1195 1111 ἐν
1218 1052 1384 1134 Νικομηδείφ
1404 1055 1449 1113 ἐπί
1469 1052 1661 1128 Μαξιμιοινοῦ,
1676 1051 1728 1126 άμο

160 1139 228 1199 delis
242 1155 297 1199 erat
315 1153 394 1219 atque
408 1153 507 1210 atrox,
523 1152 552 1196 ut
566 1137 711 1196 blanditias
730 1138 853 1215 quaesibi
868 1141 903 1198 ab
960 1145 1099 1224 Λουκιανῷ
1118 1151 1157 1227 τῷ
1176 1149 1202 1205 ἀν
1223 1148 1332 1228 Βιθυνία
1360 1143 1532 1227 πρεσάυτέριρ
1553 1145 1611 1204 ἀντι
1633 1142 1729 1203 Ἀντιο-

160 1232 630 1305 occuricntibusfiehant,utsancto
642 1245 777 1311 parceret,
790 1232 903 1311 injurias
959 1234 1048 1312 χείας·
1064 1237 1162 1316 φήσας,
1183 1239 1288 1318 θάρσει,
1309 1237 1405 1318 ἀδελφέ
1426 1237 1550 1309 Ἰωάννη·
1573 1235 1665 1314 αὔριον
1677 1234 1727 1314 γάρ

160 1339 312 1405 reputaret,
348 1325 419 1383 illud
441 1345 524 1382 ιιιιιιιιι
547 1345 644 1383 curans
669 1337 698 1382 ut
722 1324 791 1383 mala
818 1339 904 1385 morte
960 1326 1017 1402 ἅμα
1031 1328 1153 1404 ἐσόμεθα.
1170 1328 1246 1389 Φασὶ
1268 1328 1310 1402 δέ,
1324 1328 1476 1409 προειρήκει
1489 1328 1536 1388 καὶ
1549 1327 1728 1407 παραμίνοντι
1748 1331 1771 1382 Ρ.

160 1421 276 1479 „loannes
283 1432 446 1477 enecaretur.
464 1418 534 1476 Cum
549 1418 621 1475 enim
635 1417 722 1476 imber
734 1431 803 1476 esset
822 1419 903 1478 rehe·
961 1417 1139 1501 πρεσάυτέριρ,
1153 1419 1293 1496 έτοίμασον
1308 1420 1353 1479 τδν
1370 1423 1449 1478 τόπον
1465 1423 1505 1498 τῷ
1518 1420 1625 1498 ἀδελφῷ
1639 1417 1728 1476 Ἰωάν-

97 1507 100 1512 '
161 1530 257 1587 mens,
283 1509 352 1568 nibil
377 1529 473 1568 cruens
492 1507 696 1588 egrediebatur,
717 1508 752 1566 ita
769 1523 798 1567 ut
816 1523 841 1568 et
856 1532 904 1590 per
959 1532 1006 1590 νη·
1022 1510 1129 1589 ἔρχεται
1151 1511 1211 1591 γάρ.
1231 1509 1326 1591 ’Ἑχων
1346 1511 1374 1570 δὲ
1396 1514 1497 1578 πιστῶς
1520 1510 1565 1568 τόν
1580 1509 1728 1589 χρησμδνθ

160 1601 271 1661 dorsum
285 1615 311 1660 et
329 1623 375 1683 ρει
395 1617 629 1681 pectnsaquarum
649 1599 700 1658 riri
719 1600 900 1661 decurrerent.
959 1601 1092 1676 Ἰωάννης,
1107 1604 1150 1664 ἐπί
1168 1603 1216 1676 τήν
1234 1600 1477 1682 αύριονπαρεκάλτι
1491 1600 1587 1669 αὐτοὺς
1600 1601 1650 1667 ίως
1662 1601 1727 1677 πέμ·

159 1695 299 1774 Ingentem
314 1715 407 1752 rursus
418 1693 585 1752 solisaestum
597 1714 645 1773 pro
656 1691 903 1768 deliciishahebat,
958 1718 1027 1766 πτης
1047 1695 1118 1774 ὥρας
1141 1698 1195 1754 ἐκεῖ
1214 1696 1437 1773 παραμεῖναι.οί
1459 1694 1487 1752 δὲ
1507 1693 1545 1772 μή
1566 1694 1728 1767 πεισθέντες,

160 1807 222 1846 cum
238 1801 325 1846 nosset
339 1808 369 1845 eo
389 1786 459 1844 beati
471 1785 583 1846 loannis
598 1797 697 1864 caput,
713 1784 805 1844 Elisaei
820 1786 903 1844 instar
924 1797 940 1841 Β
959 1785 1114 1858 ἐξήλαυνον·
1129 1786 1245 1853 ἐλθόντες
1259 1787 1287 1846 δέ
1298 1790 1334 1853 ὥς
1349 1786 1470 1852 σταδίους
1483 1786 1637 1866 τριάκοντα,
1648 1786 1728 1844 πάλιν

162 1879 295 1954 calvum,
316 1878 419 1938 vexari.
436 1879 570 1937 Cretermn
585 1877 611 1934 io
626 1877 692 1935 urbe
710 1890 757 1935 aut
779 1878 839 1937 vico
854 1878 900 1936 uhi
960 1878 1165 1958 ὑποστρέφουσιν
1187 1882 1223 1945 εἰς
1236 1880 1280 1938 τδν
1302 1878 1382 1937 τόπον
1401 1883 1447 1937 τῶ
1462 1877 1618 1958 μαρτυρίου,
1636 1879 1681 1957 ἀφ’
1700 1868 1728 1936 ού

160 1969 319 2030 balneorum
342 1970 466 2029 solatium
487 1984 565 2044 erat,
585 1990 618 2027 ue
638 1982 773 2027 momento
792 1968 902 2047 quidem
959 1973 1076 2048 ἀπῆραν,
1089 1970 1194 2050 ἔχοντος
1206 1974 1284 2030 αὐτοῦ
1296 1969 1383 2039 ὀξέως.
1396 1969 1490 2037 Οὕτως
1505 1960 1549 2028 οάν
1564 1968 1659 2043 ἐλθὼν,
1673 1972 1731 2028 ἐπι-

160 2062 256 2121 infelix
274 2062 322 2122 ille
341 2062 512 2143 permittebat
534 2075 656 2120 sanctum
678 2060 796 2123 ιιιυτιιιν.Ι
813 2064 843 2120 ln
860 2062 903 2122 his
960 2067 1034 2134 ζητεῖ
1045 2062 1080 2123 eb
1091 2061 1152 2131 ἀξια
1164 2067 1210 2122 τοῦ
1223 2062 1280 2141 βίον
1294 2061 1408 2142 λαμπρδ
1421 2061 1527 2142 ἱμάτια,
1537 2062 1583 2121 καὶ
1597 2061 1732 2121 ἀποδυσά-

160 2158 331 2217 omnibusad
351 2179 453 2218 menses
474 2173 527 2216 tres
540 2157 734 2217 difficillimum
758 2156 828 2216 illud
853 2158 904 2217 iter
961 2179 1036 2232 μενος
1055 2155 1090 2216 τά
1111 2154 1238 2237 πρότερα,
1262 2153 1402 2214 ἐνεδύσατο
1421 2156 1527 2234 νήφων,
1544 2151 1663 2222 ἀλλάξας
1683 2153 1733 2219 ἕως

156 2250 263 2310 faciens
279 2267 400 2321 sauctus,
412 2251 497 2309 veluti
511 2248 585 2308 sidus
595 2271 739 2309 coruscans
749 2250 899 2330 perstabat,
958 2248 1153 2326 ὑποδημάτων·
1170 2246 1205 2307 τδ
1225 2245 1307 2305 λοιπδ
1327 2247 1354 2306 δὲ
1377 2245 1491 2323 διένειμε
1514 2255 1570 2312 τοῖς
1589 2251 1730 2325 παροῦσιν.

160 2341 459 2424 babenscorpusculum
473 2356 501 2400 nt
513 2363 624 2422 pomum
636 2343 663 2400 iu
674 2343 807 2421 supremis
818 2344 902 2402 ramis
960 2343 1012 2402 Kal
1022 2342 1184 2415 κοινωνήσας
1195 2345 1249 2400 τῶν
1259 2342 1422 2400 δεσποτικῶν
1436 2339 1588 2418 συμόόλων,
1602 2339 1732 2410 ποιεῖτὴν

160 2434 244 2492 asole
265 2435 372 2493 rubens.
398 2435 468 2492 Cum
487 2446 576 2499 autem
601 2433 727 2493 Comanis
750 2435 901 2514 appropin-
959 2433 1111 2494 τελευταίαν
1124 2433 1168 2494 ἐπί
1180 2437 1232 2492 τῶν
1243 2432 1381 2511 παρόντων
1391 2432 1552 2514 προσευχήν,
1569 2428 1732 2498 εἷπὼντδέξ

161 2540 297 2605 quassent,
312 2528 401 2608 pontis
416 2527 499 2586 instar
510 2547 539 2584 ea
555 2526 831 2607 piratergressi,eatra
843 2549 902 2585 mu·
958 2527 1030 2594 ἔθους
1042 2532 1129 2607 ῥῆμα·
1145 2527 1215 2594 Δόξα
1228 2530 1265 2607 τῷ
1278 2529 1340 2608 θεῷ
1358 2525 1464 2584 πάντων
1478 2525 1582 2584 ἕνεκεν·
1598 2525 1732 2605 ἐπισφρα-

159 2638 203 2676 ros
216 2617 249 2701 in.
259 2619 390 2700 martyrio
405 2619 523 2697 quinque
536 2629 583 2676 aiu
602 2638 650 2676 sex
671 2617 793 2678 millibus
807 2618 901 2680 dissito
920 2612 939 2660 (ἶ
958 2618 1097 2696 γισάμενός
1109 2642 1138 2677 τε
1149 2620 1180 2678 τὸ
1193 2618 1299 2700 ὕστερον
1313 2615 1395 2695 ἀμήν,
1409 2615 1485 2699 ἐξῆρε
1495 2615 1554 2684 τοδς
1565 2614 1659 2686 πόδας,
1672 2616 1732 2682 τοὺς

158 2725 325 2769 manserunt.
351 2709 454 2769 Eadem
481 2713 538 2790 ipsa
566 2710 782 2791 nocteapparuit
805 2715 829 2769 ei
849 2712 901 2772 loci
957 2710 1061 2789 ὡραίως
1081 2710 1229 2791 δραμόντας
1244 2711 1287 2770 ἐπί
1309 2709 1427 2792 σωτηρίᾳ
1444 2712 1496 2768 τῶν
1516 2707 1565 2780 τήν
1587 2708 1729 2786 μετάνοιαν

158 2802 232 2862 illins
247 2817 367 2885 martyr,
382 2803 490 2862 nomine
504 2802 670 2873 Basiliscus,
688 2803 734 2880 qui
758 2802 901 2884 episcopus
958 2802 1108 2880 ἑλομένων,
1127 2803 1173 2861 καί
1195 2803 1364 2882 ebiymii
1377 2803 1425 2874 τήν
1442 2801 1576 2881 ἁμαρτίαν
1596 2799 1730 2868 πλουσίως

158 2897 339 2955 Cumanorum
367 2917 427 2954 curn
451 2909 535 2966 esset,
556 2895 718 2972 martyrium
745 2916 840 2975 passus
861 2912 901 2957 est
956 2896 1174 2975 γεωργησάντων.
1188 2898 1222 2954 Εί
1243 2895 1271 2953 δέ
1292 2896 1364 2955 οὐδὲν
1385 2895 1489 2968 ὤνησαν
1502 2900 1527 2959 σί
1544 2893 1650 2975 ἔλεγχοι
1669 2892 1729 2961 τοὺς

158 2987 323 3047 Nicomediae
337 2989 364 3047 in
380 2987 510 3068 bithynia
524 2987 575 3045 sub
586 2987 754 3055 Maximino,
771 3010 822 3046 una
838 3011 899 3050 cum
956 2987 1085 3067 φαύλους,
1108 2995 1185 3047 τοῦτο
1205 2989 1253 3046 οὐκ
1274 2987 1365 3047 ἀτονία
1385 2993 1431 3046 τοῦ
1455 2985 1724 3070 παρρησιασαμένου,

158 3082 278 3140 Lucieno
291 3082 451 3162 presbytero
466 3078 761 3156 Antiocheno,·dicens
783 3104 790 3136 ε
812 3084 901 3142 lllacte
956 3080 1015 3137 ἀλλ’
1029 3078 1155 3155 ἰταμότης
1164 3084 1217 3138 τῶν
1230 3080 1267 3157 μθ,
1279 3080 1479 3158 ἀνασχομένων.
1493 3080 1652 3159 Προστεθεὶς
1662 3080 1726 3159 πρὸς

155 3171 261 3243 animo,
272 3174 480 3234 [raterJoannes
495 3196 500 3228 :
514 3172 629 3230 crastina
639 3172 711 3231 cuim
721 3171 766 3231 die
780 3193 830 3230 una
843 3175 900 3232 eri·
955 3168 1015 3237 τοὺς
1031 3171 1147 3249 πατέρας
1163 3174 1242 3230 αὐτοῦ
1250 3217 1260 3243 ,
1276 3171 1324 3242 τήν
1346 3170 1416 3230 κόνιν
1438 3170 1659 3247 άπομαξάμενος,
1680 3173 1726 3229 καί
1747 3178 1770 3228 P.

155 3285 227 3325 mus.
238 3263 405 3325 Praedixerat
419 3285 524 3344 quoquc
535 3309 543 3335 ,
556 3278 585 3322 ut
599 3264 690 3336 aiunt,
702 3277 728 3322 ct
742 3264 779 3322 ibi
794 3277 898 3345 perma—
955 3262 1019 3345 πρὸς
1032 3262 1147 3342 Χριστὸν
1161 3255 1335 3343 διαπεράσας,
1351 3267 1387 3329 ὡς
1407 3263 1571 3342 γέγραπται·
1585 3261 1680 3331 Ἥξεις
1698 3261 1725 3323 δέ

158 3356 231 3417 nenti
245 3358 406 3439 presbytero
421 3380 427 3414 ι
442 3359 508 3417 Para
526 3356 614 3416 locum
630 3356 705 3427 fratri
720 3356 835 3429 Joanni;
851 3360 913 3415 ve-'
955 3358 991 3423 εἷς
1005 3356 1048 3416 τάν
1067 3356 1148 3435 τάφον
1166 3379 1212 3415 σου
1230 3355 1322 3435 ὥσπερ
1340 3365 1412 3422 σῖτος
1430 3354 1530 3434 ὥριμος
1546 3355 1617 3414 κατά
1636 3356 1725 3435 καιρδν

155 3449 198 3509 nit
220 3449 302 3510 enim.
326 3449 446 3510 Oraculo
468 3448 555 3507 lidens
570 3451 686 3510 loannes
697 3496 705 3523 ,
717 3449 836 3527 sequenti
854 3449 899 3508 die
955 3449 1133 3528 θεριζόμενος·
1148 3451 1308 3528 παρανόμων
1322 3447 1350 3506 δὲ
1368 3449 1453 3526 ψυχαὶ
1471 3447 1552 3526 ἄωροι
1564 3449 1723 3506 ἀποθανοῦν-

155 3541 245 3601 oravit
258 3542 359 3602 milites
383 3555 411 3600 ut
437 3540 474 3601 ad
492 3540 586 3600 boram
611 3542 733 3619 quintam
756 3563 839 3620 usqne
859 3543 897 3602 ibi
919 3530 1007 3601 ”een
1021 3544 1154 3608 Τοσοῦτος
1174 3540 1201 3600 δὲ
1222 3539 1300 3616 έσμδς
1317 3539 1454 3618 παρθένων
1477 3539 1522 3598 καὶ
1537 3542 1662 3609 ἀσκητῶν
1681 3539 1724 3598 καί

80 3646 82 3652 ’
156 3648 350 3714 permanerent.
367 3634 410 3692 llli
432 3654 497 3693 vero
513 3655 564 3692 ιιοιι
574 3632 674 3692 auditis
691 3635 747 3711 ejus
756 3634 899 3712 precibus,
954 3639 1006 3692 τῶν
1024 3634 1067 3693 ἐπί
1088 3633 1230 3711 σεμνότητι
1246 3632 1303 3710 βίου
1327 3629 1547 3711 μαρτυρουμένων
1564 3636 1654 3709 παρ’ήν
1675 3629 1725 3688 ἀπό

156 3724 219 3785 inde
228 3726 412 3802 abscesserunt
425 3749 431 3781 τ
449 3725 575 3783 conlectis
591 3746 654 3785 νειο
667 3725 774 3783 circiter
788 3726 898 3802 triginta
954 3749 982 3784 τε
992 3723 1089 3804 Συρίας
1100 3727 1145 3784 καί
1158 3725 1279 3794 Κιλικίας
1291 3724 1337 3783 καὶ
1350 3723 1452 3782 Πόντου
1464 3722 1508 3782 καί
1520 3722 1681 3803 Ἀρμενείας,
1690 3725 1725 3788 έυς

157 3815 267 3889 stadiis,
283 3837 376 3874 rursus
397 3817 432 3874 ad
447 3815 608 3894 martyrium
632 3815 703 3874 unde
723 3814 898 3874 discesserant
953 3816 1013 3884 τούς
1023 3816 1134 3882 πολλοὺς
1145 3815 1252 3894 νομίσαι
1261 3815 1315 3875 ἀπδ
1326 3815 1491 3891 συνθήματος
1505 3813 1599 3881 αὐτοὺς
1611 3836 1725 3893 παραγι·

157 3905 315 3977 redieront,
332 3927 394 3964 cum
406 3905 526 3984 graviter
537 3905 582 3963 ille
592 3927 647 3964 sese
658 3905 776 3964 haberet.
786 3906 833 3966 Sic
844 3907 899 3987 igi·
953 3909 1053 3970 νέσθαι.
1078 3909 1277 3989 Ἐνταφιασθείς
1301 3907 1329 3967 δὲ
1353 3908 1398 3966 καί
1416 3907 1585 3985 έορτασθεὶς,
1607 3908 1725 3986 καθάπερ

157 4012 203 4056 tur
214 4019 335 4057 reversus
349 4043 357 4072 ,
370 3996 500 4055 candidas
513 4011 612 4070 vestes,
624 3997 680 4056 vita
691 4018 773 4075 quam
783 3997 900 4058 duxerat
955 4000 1070 4075 ἀθλητής
1092 4001 1230 4081 νικηφόρος
1241 4001 1271 4060 τὸ
1285 3998 1435 4076 σωμάτιον,
1450 3998 1578 4058 θάπτεται
1593 3999 1662 4075 μετά
1682 4005 1726 4058 τοῦ

155 4089 271 4167 dignas,
294 4089 590 4167 requi1·it;exutusque
612 4088 766 4168 prioribus,
789 4111 832 4148 eas
846 4091 898 4150 sibi
955 4095 1115 4154 Βασιλίσκου
1136 4098 1161 4153 ἐν
1184 4096 1222 4172 τῷ
1243 4095 1314 4169 αὐτῷ
1335 4091 1483 4173 μαρτυρίιρ.
1507 4092 1577 4170 Πρὸς
1597 4091 1725 4158 τούτοιςδ

153 4181 263 4260 jejunus
286 4180 394 4257 induit,
411 4179 537 4240 omnibus
560 4179 596 4239 ad
616 4181 791 4240 calceamenta
816 4204 903 4261 usque
954 4184 1091 4265 Θεόδωρος
1110 4183 1293 4261 ἐπιθαυμάσας
1312 4178 1401 4262 ήρετο,
1423 4183 1507 4260 λέγων
1528 4183 1559 4242 τὸ
1579 4183 1724 4263 γραφικόν·

157 4276 289 4352 mutatis;
317 4288 397 4352 atque
414 4273 535 4350 reliquas
550 4273 725 4352 praesentibus
745 4272 896 4335 distribuit.
955 4278 1046 4350 ἐπειδὴ
1056 4278 1213 4357 γέγραπται,
1229 4276 1276 4346 Μή
1291 4274 1442 4355 ἀστοχήσης
1457 4275 1623 4353 διηγήματος
1636 4274 1724 4354 γεράν·

156 4364 194 4426 Et
215 4367 311 4426 sumtis
330 4366 479 4427 Dominicis
494 4365 642 4447 symbolis,
659 4387 750 4425 coram
768 4365 898 4429 adstanti·
916 4370 935 4416 Ε
954 4391 1024 4428 των·
1040 4371 1083 4428 καί
1105 4369 1158 4448 γδρ
1171 4369 1217 4427 καὶ
1233 4367 1306 4425 αὐτοὶ
1319 4366 1393 4447 παρὰ
1407 4369 1459 4423 τῶν
1473 4367 1596 4445 πατέρων
1612 4365 1726 4444 ἔμαθον·

156 4459 209 4518 bus
236 4460 358 4519 nltimam
376 4460 521 4520 orationem
533 4459 603 4520 'lacit
625 4483 632 4517 :
652 4472 678 4518 et
697 4480 759 4518 cum
783 4458 898 4520 dixisset
954 4460 1053 4528 ἀόκνως
1077 4461 1175 4541 φράσον
1200 4465 1264 4536 ἡμῖν
1285 4457 1358 4529 τίςή
1386 4458 1458 4516 αἰτία
1480 4465 1525 4517 τοῦ
1548 4457 1626 4534 μόνον
1650 4458 1725 4517 αὐτὸν

157 4573 232 4611 more
243 4572 308 4623 suo,
324 4555 428 4615 Gloria
439 4553 503 4611 Deo
517 4565 635 4632 propter
654 4555 772 4624 omnia,
788 4566 814 4611 ct
828 4554 897 4612 ulti·
953 4554 1063 4627 ἐσθίειν,
1083 4554 1128 4613 καί
1150 4558 1172 4613 εί
1193 4557 1298 4626 ἀληθῶς
1316 4553 1405 4630 μόνος,
1420 4555 1455 4617 ὡς
1472 4552 1603 4629 λέγουσιν,
1624 4552 1724 4622 ήαθιεν.

156 4666 233 4705 mum
255 4648 338 4702 Amen
360 4643 541 4720 obsignasset,
557 4644 676 4703 extendit
697 4645 829 4727 speciosos
850 4667 895 4725 pe·
953 4646 987 4707 ‘0
1009 4646 1097 4707 ἐπίσκ.
1120 4646 1302 4725 Ὡμολόγηται
1325 4644 1372 4723 μέν
1391 4645 1432 4703 ότι
1455 4642 1532 4722 μόνος
1550 4645 1654 4717 ήσθιεν·
1676 4646 1724 4703 οὐκ

155 4740 222 4814 des,
237 4738 283 4815 qui
299 4750 474 4795 cucurrerunt
493 4737 655 4795 adsalutem
669 4758 763 4796 corum
777 4738 824 4815 qui
838 4737 894 4796 cle·
953 4739 1100 4818 ἐύουλύμην
1114 4740 1142 4797 δέ
1163 4762 1205 4812 σε,
1217 4738 1340 4819 Θεόδωρε
1354 4736 1542 4814 ἐμμελέστατε,
1556 4736 1590 4794 eh
1604 4739 1657 4795 τῶν
1669 4760 1721 4813 γα-

156 4845 250 4912 gerant
274 4827 472 4910 poenitentiam,
495 4842 520 4886 ει
534 4826 569 4885 ad
583 4828 816 4906 reprehensionem
830 4829 896 4888 illo·
953 4832 1121 4911 στριμάργων
1144 4831 1245 4904 νηπίων
1260 4833 1396 4909 διερωτᾷν.
1412 4828 1490 4909 Ἀνήρ
1509 4827 1561 4907 γθρ
1583 4828 1723 4908 ὑπάρχων,

156 4947 218 4984 rum
239 4925 287 5003 qui
310 4935 415 5002 peccata
436 4919 542 5000 copiose
563 4919 745 4979 excoluerant.
765 4920 847 4993 Quod
873 4921 896 4979 si
952 4924 1000 4991 τάς
1011 4926 1112 5004 ἀνδρῶν
1131 4923 1226 5004 ἀρετδις
1238 4927 1371 4994 ἐπιζητεῖν
1383 4919 1505 5000 ὀφείλεις,
1515 4924 1572 4987 πῶς
1591 4909 1647 5000 εἶχε
1659 4921 1723 4998 περὶ

156 5021 213 5097 ejus
240 5014 457 5096 reprehensiones
481 5011 549 5070 uihil
569 5011 701 5092 improbis
724 5013 894 5092 prosuerunt,
952 5016 1075 5094 ἀφοάίας,
1097 5014 1157 5096 περί
1171 5014 1328 5095 χρημάτων,
1347 5013 1407 5090 περί
1428 5010 1608 5091 σωφροσύνης,
1631 5011 1721 5090 πραῢ·

156 5132 235 5168 carisa
256 5131 306 5166 ιιοιι
323 5120 361 5165 est
374 5105 543 5164 imbecillitas
554 5103 673 5162 doctoris
687 5105 770 5164 libere
785 5106 896 5185 loqucn·
952 5108 1030 5179 τητύς
1045 5133 1071 5167 τε
1091 5107 1136 5165 καὶ
1159 5105 1339 5178 δικαιοσύνης,
1356 5104 1546 5180 ἓλεημοσύνης,
1570 5103 1722 5184 φρονήσεώς

157 5202 208 5274 tis,
221 5202 266 5260 sed
283 5198 448 5279 impudentia
461 5198 619 5272 homiuum,
634 5197 679 5274 qui
695 5217 800 5255 cnsuon
812 5198 895 5257 susti·
951 5223 980 5258 τε
998 5201 1042 5259 καὶ
1060 5197 1194 5279 ἀνδρείας,
1216 5198 1260 5256 καὶ
1278 5197 1359 5268 λήθης
1376 5195 1394 5268 ἢ
1416 5196 1533 5275 μνήμης.
1550 5198 1653 5275 ίλρῶμα
1668 5196 1721 5277 γλρ
1744 5202 1767 5253 P.

156 5308 281 5353 uucrunt.
305 5293 449 5373 :lppositus
471 5291 505 5349 at
528 5303 617 5371 patres
643 5310 724 5366 suos,
746 5304 771 5349 et
791 5290 895 5370 abjecto
917 5300 932 5347 F
952 5298 1021 5372 ἡμᾶς
1037 5296 1065 5353 οὗ
1082 5293 1224 5372 παρίστησι
1240 5297 1277 5373 τῷ
1293 5296 1365 5371 Θεῷ,
1379 5289 1436 5350 οὔτε
1451 5289 1494 5351 ε’ἀν
1509 5287 1647 5369 φύγοιμεν,
1661 5287 1720 5348 ούτε
