3714 5970
629 435 720 488 NUNC
746 436 878 491 tuterunt
904 438 1103 492 ADORNATA·

71 573 109 620 u'e
119 556 254 621 haretriei
270 560 343 621 intra
365 563 440 622 urbis
453 562 552 623 rutenia
567 561 691 623 collectas
703 564 824 624 celebra-

74 667 144 712 rent.
159 654 297 714 Posthac
312 655 349 714 ad
371 656 561 736 Imperatorem
577 676 722 716 conversus
739 658 823 716 suasit

1555 427 1616 499 161

881 584 959 623 nemo
972 567 1019 644 qui
1032 567 1191 648 legationem
1213 567 1248 627 ad
1270 568 1349 628 illum
1368 569 1444 630 obire
1456 584 1546 631 tutum
1563 594 1625 634 cre·

879 655 962 731 deret,
980 658 1053 736 quod
1072 659 1216 718 barbarum
1230 661 1288 740 ejus
1301 659 1423 720 animum
1435 681 1526 723 ornnes
1540 665 1625 724 refor-

880 737 1022 809 mida'rent.
1034 751 1103 810 Cum
1114 771 1177 830 ergo
1187 751 1216 811 id
1229 753 1329 830 negotii
1342 773 1419 812 nemo
1431 755 1566 836 suscipere
1579 778 1625 815 au-

878 839 962 915 deret,
969 841 1003 900 ad
1020 842 1185 924 intrepidum
1196 843 1419 924 Chrysostomum
1433 847 1497 921 itur,
1507 849 1624 926 qui,ctsi

879 932 938 1012 ipse
950 935 1085 1014 praecipua
1100 935 1200 994 irarum
1220 957 1298 995 causa
1313 938 1414 1010 suerat,
1433 938 1459 996 in
1476 939 1623 1000 Thraciam

879 1023 930 1082 iter
942 1026 1069 1106 suscepit,
1084 1028 1255 1107 Gainamque
1264 1029 1340 1091 adiit.
1357 1029 1409 1088 llic
1419 1052 1483 1089 vero
1497 1031 1583 1111 magis
1591 1054 1624 1093 ac

880 1120 966 1197 magis
988 1120 1096 1192 enituit,
1112 1134 1244 1199 quantum
1268 1121 1356 1180 valeat
1369 1122 1471 1193 virtus,
1493 1137 1623 1201 quantum

880 1210 980 1270 sincera
998 1213 1099 1292 pietas,
1115 1234 1179 1292 erga
1199 1213 1261 1272 illos
1280 1213 1361 1272 etiam
1375 1234 1443 1292 quos
1465 1215 1626 1294 impugnare

879 1304 993 1382 cogitur.
1005 1305 1106 1364 Gninas
1119 1303 1252 1364 barbarus
1265 1318 1291 1364 et
1303 1319 1443 1386 tyrannus,
1457 1307 1515 1386 ejus
1532 1307 1624 1386 pristi-

879 1415 942 1453 num
957 1417 1006 1476 pro
1018 1397 1124 1478 pietatis
1135 1396 1288 1456 defensione
1300 1398 1478 1457 constantiam
1493 1400 1623 1458 memoria

75 745 127 825 ipsi
144 759 174 804 ut
184 747 283 826 legem,
301 768 361 825 qua:
374 747 504 807 adversus
516 747 629 807 haereses
644 748 697 807 lata
711 751 798 809 luerat
813 795 823 825 ,

76 852 162 897 ratam
176 855 316 899 servaret:
331 841 415 900 satius
423 862 480 899 esse
492 840 584 900 dicens
599 842 711 921 imperio
722 842 826 912 cedere,

10 962 60 996 mr.
80 952 160 1008 quam
174 932 281 1012 prodita
295 934 344 992 Dei
360 933 441 992 domo
456 933 593 1013 piaculum
603 933 756 994 admittere.
769 934 826 993 llu-

21 1016 61 1060 ³¹·
71 1023 193 1101 jusmodi
204 1025 376 1083 sermonibus
386 1023 481 1083 doctor
493 1016 539 1083 isse
548 1026 622 1084 orbis
631 1039 774 1101 terrarum,
786 1027 825 1085 sic

10 1178 37 1210 m
45 1164 64 1210 t.
75 1116 277 1192 Theodoretus,
289 1117 385 1179 Gainae
400 1138 430 1177 os
453 1118 609 1195 obturavit,
623 1131 650 1177 et
662 1131 749 1177 tacere
761 1139 823 1178 eum

11 1256 19 1269 .
75 1210 217 1289 compulit.
842 1216 845 1221 ’

11 1322 67 1370 ⁸²⁸⁸·
115 1306 172 1385 Spe
186 1306 279 1385 lapsus
295 1305 416 1381 Gainas,
428 1319 454 1364 et
464 1305 541 1383 quasi
555 1304 713 1364 insererem
728 1319 822 1377 actus,

10 1391 66 1420 ω’
75 1397 159 1457 nle-
174 1397 278 1457 violare
291 1412 318 1457 et
331 1396 426 1456 urbem
440 1397 591 1479 depraedari
601 1398 659 1477 jam
675 1397 825 1457 meditaba-

74 1503 127 1567 tur.
146 1490 216 1570 Ejus
231 1504 322 1549 autem
335 1490 458 1565 insidias,
469 1490 558 1569 inquit
573 1492 744 1564 sozomenus,
757 1512 825 1570 prm·

74 1583 212 1643 nuntiavit
230 1598 355 1655 cometes,
378 1585 425 1663 qui
440 1598 505 1644 ωηο
518 1606 600 1664 supra
617 1584 753 1643 civitatem
766 1604 825 1641 rna-

76 1678 167 1736 1imus
181 1678 320 1757 apparuit,
336 1698 420 1756 usque
432 1676 468 1735 ad
479 1692 576 1736 terram
592 1678 645 1735 lere
656 1676 823 1756 pertingens,

74 1785 98 1829 et
108 1769 200 1849 qualis
213 1789 361 1846 numquam
375 1784 452 1829 antea
463 1770 539 1830 visus
553 1768 633 1827 luisse
645 1781 823 1827 memoratur.

75 1868 112 1921 Ac
125 1861 336 1942 primoquidem
346 1863 561 1940 argentariorum
575 1860 699 1919 officinas
713 1858 825 1919 invade·

75 1977 105 2015 re
120 1952 257 2030 tentabat,
272 1954 420 2013 maximam
434 1976 461 2013 se
479 1954 600 2034 pecuniae
612 1972 746 2011 summam
761 1951 825 2009 inde

76 2048 254 2106 collecturum
268 2047 563 2128 sperans.Cumautem
576 2046 785 2105 rumorenuntio
797 2045 823 2103 in

74 2141 197 2198 nuntiam
213 2139 329 2199 emisset
349 2139 428 2198 illum
443 2138 506 2198 talia
522 2138 665 2213 meditari,
679 2138 824 2217 argentarii

74 2234 100 2292 in
116 2231 234 2291 latebris
246 2232 338 2290 omnia
359 2252 493 2311 posuere:
511 2230 548 2288 ita
563 2232 650 2288 omnis
669 2229 736 2287 lucri
760 2228 825 2288 inde

76 2326 246 2409 percipiendi
255 2348 316 2407 spes
331 2326 384 2408 ipsi
398 2327 608 2386 avolavitTnm
626 2324 824 2384 ceurabiecor·

74 2434 166 2494 reptus
180 2419 304 2492 Gainas,
318 2420 376 2477 suis
390 2418 530 2477 mandavit
548 2430 578 2476 ut
592 2417 730 2497 imperiale
745 2416 823 2497 pala-

77 2513 143 2569 tium
154 2509 341 2569 incenderent.
357 2509 410 2569 Hie
420 2530 483 2569 vero
498 2530 554 2568 rem
569 2508 695 2590 prodigio
708 2509 824 2567 similem

76 2616 166 2662 narrat
186 2602 369 2677 sozomenus:
383 2622 479 2682 nempe
492 2601 626 2682 ingentem
641 2601 758 2659 militum
770 2621 824 2657 nu-

76 2714 179 2755 merum
191 2708 256 2754 ante
263 2693 394 2775 palatium
406 2694 539 2754 divinitus
549 2694 741 2774 comparuisse,
757 2693 822 2751 bar·

75 2787 210 2866 barosqne
223 2800 251 2847 et
275 2786 393 2847 Gainam
413 2786 502 2868 ipsum
518 2808 551 2846 ne
566 2802 651 2867 empta
666 2787 824 2868 perficerent

75 2878 248 2948 deterruisse,
257 2878 364 2955 aliaque
378 2891 535 2957 narratque
544 2878 665 2938 fabulam
679 2899 771 2960 sapere
781 2879 824 2938 ri·

75 2971 181 3032 dentur.
198 2970 286 3030 Addit
296 2973 458 3031 Smomenus
471 2971 636 3031 exbarbsris
650 2971 706 3030 illis
719 2971 785 3030 alios
795 2969 824 3029 in

77 3064 294 3139 nrbemansisse,
307 3063 375 3123 alios
388 3084 451 3123 cum
471 3063 560 3124 Gaina
576 3083 695 3143 egressos
706 3084 778 3133 esse,
793 3074 825 3121 et

77 3157 232 3217 chnctdum
243 3176 320 3216 arma
331 3157 360 3215 in
375 3155 507 3216 vehiculis
523 3156 691 3231 feminarum,
703 3169 729 3215 et
739 3156 765 3214 in
775 3153 824 3213 do·

76 3250 119 3308 liis
127 3249 182 3308 tela
195 3249 390 3329 expiortarisse.
407 3247 461 3308 Sed
474 3269 536 3308 cum
549 3246 708 3328 deprehensi
723 3261 823 3325 essent,

76 3354 217 3421 portarium
237 3339 379 3416 custodes,
394 3339 482 3419 inquit
496 3340 552 3417 ille,
571 3341 619 3420 qui
634 3362 668 3400 ne
688 3361 762 3400 arma
775 3362 825 3400 ex·

77 3444 217 3514 portarent
227 3430 419 3513 prohibebant,
436 3432 634 3491 interfecerunt.
651 3432 749 3511 legens
760 3444 826 3490 tunc

78 3526 213 3586 tumultus
228 3546 262 3585 ac
278 3538 364 3585 terror
375 3532 467 3585 omnes
485 3525 604 3599 invasit,
623 3525 700 3604 quasi
710 3525 824 3605 jamjam

77 3618 143 3678 urbs
165 3614 298 3698 capienda
314 3630 341 3676 et
358 3615 505 3693 expilauda
519 3629 596 3676 esset.
622 3622 657 3675 At
675 3619 825 3697 lmperator

81 3708 229 3785 Arcadius,
242 3709 349 3787 optimo
363 3721 427 3768 tunc
437 3729 503 3767 usus
513 3708 635 3781 consilio,
644 3707 760 3768 Gainam
770 3707 822 3768 ho·

76 3814 143 3860 stem
152 3799 323 3872 declaravit,
334 3798 475 3878 barbaros,
487 3801 536 3879 qui
550 3801 578 3860 in
592 3801 661 3860 urbe
677 3816 763 3875 erant,
776 3821 823 3861 ec·

76 3892 129 3952 cidi
137 3891 222 3973 jussit
233 3915 241 3950 ο
254 3890 407 3971 militesque
417 3893 519 3973 impetu
531 3893 559 3951 io
577 3892 639 3952 illos
651 3895 722 3953 secto
733 3894 822 3953 maxi·

77 4006 149 4044 narn
162 3984 275 4044 illorum
284 3999 387 4065 partem
399 3983 583 4060 trucidavere;
596 3985 733 4046 ecclesiam
745 4005 821 4062 uero,

77 4077 470 4157 quaedirebatanotthorom,
481 4076 604 4137 incendio
609 4091 822 4152 consumserunt,

77 4173 169 4248 inqua
182 4168 372 4230 Gotthimulti
383 4169 499 4229 llammis
513 4168 605 4229 traditi
614 4169 726 4250 periere.
744 4170 822 4229 Post-

77 4284 107 4321 ea
119 4283 186 4322 ηοω
192 4262 357 4321 Soremenm
364 4261 463 4322 Gaius:
473 4276 544 4342 gesta
554 4274 681 4337 recenset,
690 4274 719 4320 et
732 4261 822 4319 omnia

78 4352 397 4434 paucispersequitured
410 4375 496 4433 usque
502 4355 575 4434 ejuse
583 4354 671 4413 ladem
679 4367 705 4412 et
719 4374 821 4413 necem.

77 4448 109 4505 ln
124 4447 159 4506 iis
171 4468 237 4507 vere
249 4467 311 4525 qua:
324 4460 426 4521 narrat,
441 4447 566 4525 quedam
580 4468 643 4506 vera
657 4447 822 4509 esseriden-

76 4551 133 4610 tur,
144 4539 191 4599 sed
206 4539 282 4598 falsis
293 4539 460 4599 intermixta.
533 4555 537 4565 '

10 4664 62 4699 ..ι
118 4632 182 4692 Alia
203 4643 296 4690 narrat
311 4630 506 4692 Theodoretus.
521 4633 592 4692 Cum
605 4632 708 4694 Gainas
727 4631 823 4692 sibiet

21 4718 67 4766 ³²·
78 4726 138 4785 suis
155 4724 299 4784 ecclesiam
319 4723 477 4804 postulans,
492 4725 551 4804 ejus
569 4723 707 4805 potiunda:
720 4745 767 4805 spe
778 4724 821 4783 la-

76 4839 145 4901 psos
168 4829 254 4889 meet,
271 4815 420 4894 aliquando
439 4830 501 4897 post
524 4829 644 4897 tempore
661 4817 822 4898 inopertam

77 4907 256 4992 tyrannidem
280 4909 386 4988 erupit,
412 4908 577 4986 collectoque
601 4931 649 4991 pet·
675 4911 822 4969 Thraciam

75 5002 224 5072 exercitu,
239 5015 345 5060 vastare
358 5000 447 5059 omnia
474 5015 501 5060 et
518 5002 633 5082 predari
655 5008 744 5084 erepit.
761 5007 822 5078 Qua

75 5094 275 5170 renuntiata,
298 5108 373 5153 metu
398 5115 490 5154 omnes
512 5095 628 5176 perculsi
656 5110 742 5155 sunt:
767 5113 822 5156 tam

73 5191 244 5272 optimates,
264 5208 349 5266 quam
374 5187 507 5268 populum
526 5200 611 5247 terror
635 5188 744 5249 invasit.
770 5191 824 5249 Ne·

73 5302 131 5363 que
147 5280 223 5341 udus
231 5292 291 5340 erat
304 5279 351 5358 qui
360 5279 455 5361 praelio
466 5300 528 5344 cum
539 5280 587 5342 illo
600 5281 727 5362 congredi
736 5284 827 5361 vellet,

241 5380 316 5418 rost.
338 5381 409 5421 xrrr.

878 1502 1013 1568 repetens,
1030 1490 1124 1568 libenti
1144 1490 1235 1550 animo
1249 1490 1276 1549 in
1291 1511 1433 1550 oecrsrsum
1450 1494 1510 1570 ejus
1525 1492 1620 1565 venit,

879 1581 989 1660 ejusque
1011 1581 1149 1641 dexteram
1171 1580 1257 1641 oculis
1271 1583 1327 1641 suis
1341 1583 1488 1664 imposuit,
1503 1597 1530 1642 et
1551 1584 1623 1643 lilios

879 1694 942 1732 suos
960 1675 1041 1734 saeris
1062 1675 1136 1734 illius
1155 1676 1269 1755 genibus
1289 1674 1411 1735 admovit
1425 1674 1514 1745 :adeo
1534 1676 1623 1735 virtus

878 1765 921 1825 vel
944 1765 1115 1834 infestissimo
1130 1767 1228 1844 cuique
1249 1768 1430 1827 reverentiam
1447 1790 1479 1828 ac
1494 1782 1623 1835 terrorem

879 1854 988 1935 injicere
995 1857 1088 1938 possit.
1097 1857 1181 1917 Addit
1195 1859 1330 1938 Georgius
1343 1859 1543 1920 Alexandrinus
1553 1861 1624 1922 Gai-

881 1973 941 2012 nam
950 1967 1015 2013 tune
1023 1976 1098 2013 arma
1107 1954 1264 2034 deposuisse
1278 1975 1286 2016 ε
1302 1955 1375 2034 qnod
1386 1957 1561 2016 falsissimum
1572 1972 1620 2018 est.

878 2049 981 2106 Verrem
994 2046 1128 2105 fabulator
1138 2046 1184 2106 ille
1191 2046 1259 2105 nihil
1267 2068 1363 2107 santum
1372 2047 1451 2118 dicit,
1459 2048 1511 2107 nisi
1522 2070 1622 2127 eaque

877 2159 910 2196 ex
936 2138 1060 2209 Socrate,
1080 2138 1244 2211 Sozemeno,
1259 2139 1429 2199 Theodoreto
1451 2154 1477 2200 et
1497 2140 1621 2201 Palladio

879 2242 1027 2302 mutuatur,
1041 2251 1101 2308 quae
1114 2229 1195 2288 etiam
1206 2251 1277 2310 saepe
1288 2228 1437 2311 depravare
1444 2231 1520 2302 solet,
1528 2243 1558 2288 ut
1570 2231 1622 2290 ini·

877 2321 915 2380 tio
932 2321 1063 2380 diximus.
1086 2321 1188 2382 Gainas
1211 2323 1283 2382 enim
1299 2323 1326 2381 in
1342 2337 1428 2404 coepto
1444 2323 1561 2404 perstitit
1574 2344 1623 2384 nec

877 2434 952 2472 arma
966 2414 1068 2494 posuit,
1082 2415 1168 2473 donec
1181 2414 1270 2474 victus
1281 2435 1416 2494 casusque
1429 2415 1489 2475 suit.

916 2508 978 2568 Jam
988 2504 1023 2564 ad
1037 2507 1186 2565 Asiaticum
1196 2507 1333 2586 negotium
1348 2509 1620 2592 veniamus,quodin
1652 2518 1773 2594 tunicum

1630 2595 1751 2641 negotium.

877 2597 988 2659 Oriente
1001 2598 1134 2656 tumultus
1148 2597 1382 2678 dissensionesque
1394 2600 1494 2660 multas
1514 2603 1620 2661 excita·

876 2690 928 2764 vit,
942 2688 1105 2767 demumque
1117 2689 1343 2772 chrysostomum
1358 2692 1386 2752 in
1407 2693 1500 2753 Asiam
1514 2693 1564 2753 iter
1576 2695 1622 2755 sa-

876 2800 936 2840 cere
950 2781 1043 2859 ibique
1056 2801 1146 2840 moras
1156 2781 1265 2842 trahere
1278 2783 1382 2862 coegit:
1395 2785 1469 2862 quod
1482 2786 1533 2865 ipsi
1552 2778 1624 2847 teru-

876 2893 1005 2934 mnarum
1025 2885 1052 2932 et
1075 2871 1258 2934 calamitatum
1277 2875 1386 2935 initium
1398 2877 1460 2936 fuit.
1476 2878 1623 2940 Historiam

877 2985 930 3044 que
951 2977 1072 3024 texemus
1096 2985 1130 3023 ex
1146 2980 1256 3024 narratu
1279 2966 1394 3026 Palladii
1408 2967 1621 3048 Helenopolitani

877 3056 1008 3139 episcopi,
1020 3057 1068 3135 qui
1083 3058 1241 3137 plerumque
1256 3059 1336 3118 rebus
1349 3059 1416 3139 ipsis
1429 3059 1559 3120 interfuit.

914 3148 1069 3209 ludietiene
1087 3148 1192 3209 decima
1208 3149 1283 3209 tertia
1299 3154 1407 3224 (mense
1418 3152 1526 3212 circiter
1547 3154 1622 3214 lllaio
1661 3171 1772 3217 narrantur

877 3248 940 3304 anni
953 3245 1031 3320 teo)
1043 3244 1296 3325 Constantinopolin
1311 3260 1441 3305 venerunt
1456 3248 1546 3306 Asiani
1559 3249 1620 3329 epi·
1632 3248 1654 3293 P·
1666 3235 1771 3294 ΗΜ·

877 3336 960 3418 scopi,
975 3336 1095 3415 aliosque
1114 3336 1255 3417 episcopos
1267 3337 1315 3416 qui
1336 3350 1401 3397 ωηο
1421 3338 1448 3396 in
1464 3339 1532 3398 urbe
1544 3354 1621 3399 erant

878 3442 1069 3504 convenerunt,
1082 3427 1239 3487 Palladium
1251 3449 1348 3509 nempe
1358 3429 1620 3511 helenopolitanum,

878 3521 1053 3581 Theotimum
1061 3542 1096 3581 cx
1103 3519 1228 3601 Scythia,
1241 3523 1399 3580 Ammonem
1414 3520 1576 3603 AEgyptinm
1585 3544 1621 3583 ex

878 3613 1004 3688 Thracia,
1011 3614 1222 3672 Arabianumex
1228 3611 1335 3673 Galatia
1347 3627 1372 3672 et
1383 3613 1461 3689 alios,
1469 3615 1516 3693 qui
1527 3636 1620 3676 omnes

876 3703 1041 3785 vigintiduo
1055 3718 1141 3776 erant,
1163 3704 1269 3789 quihus
1277 3721 1390 3786 praeerat
1400 3708 1516 3768 loannes
1530 3698 1619 3768 noster

876 3797 1187 3879 Constantinopolitanus
1196 3796 1350 3878 episeopus.
1365 3799 1403 3858 lis
1415 3821 1478 3859 vero
1489 3799 1517 3858 in
1527 3802 1619 3881 Syno-

876 3890 911 3950 do
925 3892 1093 3970 congregatis
1107 3888 1241 3949 Eusebius
1250 3891 1533 3973 Valentinopolitanus
1542 3893 1619 3953 libel·

875 3982 916 4042 los
923 3982 1047 4053 tradidit,
1060 3995 1151 4041 centra
1168 3983 1334 4042 Antoninum
1347 3984 1449 4064 Ephesi
1458 3985 1616 4067 episcopum

876 4089 977 4156 septem
987 4073 1074 4155 capita
1088 4073 1311 4154 complectentes:
1325 4075 1414 4154 primo
1428 4076 1502 4154 q'uod
1517 4077 1618 4137 contla·

877 4167 911 4226 tis
921 4166 1003 4225 sacris
1014 4165 1087 4225 rasis
1099 4180 1241 4244 argentum
1255 4164 1317 4225 inde
1329 4169 1488 4247 proveniens
1500 4159 1528 4227 in
1538 4190 1618 4229 usum

876 4258 928 4318 filii
941 4258 982 4318 sui
993 4257 1186 4318 convertisset:
1203 4257 1330 4332 secundo,
1344 4256 1416 4337 quod
1431 4259 1569 4320 sublatum
1583 4282 1619 4321 ex

874 4349 1273 4430 ingressubaptisteriimarmor
1285 4350 1311 4408 in
1318 4351 1443 4410 balneum
1451 4367 1619 4413 suumtrans·

876 4445 997 4503 tulisset:
1014 4442 1100 4514 tertio,
1109 4441 1185 4519 quod
1199 4442 1330 4502 Ecclesiae
1349 4443 1501 4518 coltrmnas,
1515 4467 1529 4503 a
1541 4447 1617 4505 mul-

876 4536 910 4594 tis
925 4534 1003 4592 annis
1014 4534 1144 4612 jacentes,
1155 4533 1224 4591 intra
1243 4532 1393 4593 triclinium
1411 4557 1490 4595 suum
1507 4539 1615 4617 posuis-

875 4640 935 4686 set:
952 4638 1064 4704 quarte,
1083 4622 1156 4702 quod
1180 4645 1249 4706 puer
1268 4624 1326 4705 ejus
1349 4626 1450 4687 caedem
1473 4643 1616 4710 patrasset,
1668 4666 1670 4671 ·

876 4738 954 4801 quem
969 4716 1060 4776 adhue
1080 4715 1126 4775 ille
1139 4716 1167 4776 in
1182 4716 1329 4776 ministerio
1350 4720 1490 4780 retineret:
1506 4724 1615 4801 quinto,

875 4811 947 4893 quod
971 4808 1072 4890 praedia
1088 4807 1213 4868 Ecclesiae
1226 4810 1349 4869 relictae
1371 4813 1488 4871 Basilina
1512 4816 1617 4878 Juliani

875 4901 1046 4984 imperatoris
1067 4915 1152 4960 matre
1166 4899 1349 4970 vendidisset,
1371 4907 1540 4982 pretiumque
1561 4909 1613 4968 sibi

876 4997 1048 5062 vindicasset:
1066 5008 1158 5067 sesto,
1171 4993 1244 5072 quod
1260 4993 1372 5052 dimissa
1386 5017 1470 5053 uxore
1483 5017 1541 5072 sua,
1553 5020 1615 5057 eum

877 5115 906 5152 ea
922 5109 1016 5148 rursus
1029 5107 1186 5168 congressus
1199 5101 1277 5162 esset,
1294 5085 1417 5163 liliosque
1432 5105 1615 5166 procreasset:

877 5187 1002 5267 septimo,
1018 5181 1091 5266 quod
1105 5179 1182 5259 quasi
1190 5179 1248 5258 lege
1259 5177 1310 5237 sihi
1322 5181 1497 5239 constitutum
1509 5197 1578 5243 esset
1587 5197 1618 5241 ut

879 5280 1063 5343 ordinationes
1085 5272 1271 5355 episcoporum
1280 5315 1290 5343 ,
1314 5269 1462 5408 secundurp
1480 5273 1618 5335 redituum

1466 5356 1472 5407 l
