3750 6052
669 540 782 607 ¹¹posto
808 539 941 589 resnou
967 539 1166 592 sponsans.
1642 523 1710 622 ¹39

165 676 234 741 libri
253 658 446 756 attingerem!
462 668 530 733 ordo
544 668 668 750 erigebat
678 709 687 740 ,
698 688 730 730 ac
751 666 911 727 doceremus
965 687 1025 745 qua
1036 667 1118 749 coepit
1125 665 1238 746 quidem
1249 665 1373 730 hmerno
1385 669 1434 731 dis
1444 669 1581 752 proponi,
1592 690 1647 734 non
1657 697 1710 758 po.

167 771 296 854 quidhoc
310 769 362 830 sibi
383 766 449 829 velit
467 789 477 825 r
502 765 637 826 Primum
661 762 780 843 quidem
800 778 912 820 some·
964 757 1018 818 tuit
1030 771 1120 818 sutem
1134 758 1233 818 solutio
1248 760 1404 846 questionis
1416 762 1528 833 afferri.
1543 778 1710 846 proptercu-

168 890 233 928 nem
250 869 381 946 serimus
396 863 434 924 de
447 864 581 922 omatibus
592 904 601 936 ,
613 881 632 919 o
652 857 910 938 Theophilc‚quoe
964 870 1027 909 rum
1036 848 1238 911 multitudinem
1248 852 1455 932 quaeluerantin
1465 853 1708 938 mediumprolata.

166 963 251 1040 φρει
273 961 361 1019 lesus
385 957 493 1040 jaare
515 973 552 1013 ac
572 953 687 1012 docere.
710 951 909 1012 Verumtamen
964 941 1040 1015 Quid
1059 942 1131 1002 illud
1148 965 1231 1025 porro
1241 946 1305 1006 ast?
1319 948 1360 1008 De
1374 949 1515 1013 nominum
1535 952 1711 1035 impositione

166 1071 219 1112 non
233 1051 298 1112 sinit
317 1049 417 1112 Paulus
433 1060 464 1108 ut
480 1045 552 1106 hauc
565 1045 662 1105 seriem
674 1041 779 1105 ordinis
789 1061 908 1119 sequar,
932 1054 935 1059 ’
963 1033 1150 1112 ᾳιεὸῑὶοοιιῑ,
1161 1057 1221 1115 quse
1231 1037 1305 1097 Deus
1316 1043 1416 1100 sanctis
1425 1040 1563 1122 imposuit.
1577 1045 1636 1104 sEt
1647 1048 1711 1125 qui·

166 1143 213 1204 scd
226 1143 261 1203 ad
275 1163 305 1203 se
315 1162 418 1220 suaque
429 1146 501 1199 tecte
520 1138 590 1198 lacta
604 1137 726 1218 lingnam
737 1148 857 1196 metram
866 1133 910 1192 in·
962 1126 1080 1187 busdam
1090 1127 1254 1210 interpositis
1269 1153 1277 1187 r
1292 1156 1306 1187 r
1318 1131 1398 1191 Pauli
1408 1133 1527 1194 facinora
1539 1157 1649 1198 narrare
1660 1159 1708 1198 cu-

166 1236 247 1298 ritat.
262 1235 350 1317 Cupio
369 1252 486 1311 namque
506 1229 600 1291 videre
620 1229 700 1289 illurn
723 1226 909 1288 introductum
963 1218 1118 1300 plebanus,
1134 1222 1245 1303 jamque
1265 1222 1386 1287 historin
1406 1227 1601 1307 attingeremus
1628 1251 1709 1295 exor-

166 1332 340 1400 Dameam,
354 1327 499 1387 nonlerrca
511 1337 616 1401 utens,
627 1322 675 1383 sed
688 1319 831 1382 Dominica
842 1340 909 1380 voce
962 1308 1083 1387 diusmo(
1093 1312 1137 1372 his
1148 1313 1239 1374 verbis
1250 1329 1409 1397 conceptum
1426 1321 1586 1382 narrationis
1598 1322 1710 1384 initium

165 1422 288 1482 vinctum
297 1443 313 1475 s
323 1418 377 1478 Hic
387 1416 466 1479 vides
476 1422 536 1497 [inst
552 1413 687 1475 homilias
698 1413 727 1473 in
737 1410 908 1492 Principium
967 1403 1134 1467 invenimus:
1147 1407 1255 1468 Saulus
1267 1421 1366 1469 autem
1375 1412 1473 1472 adbuc
1483 1417 1600 1490 spitans
1613 1420 1712 1478 minas

165 1516 296 1573 Actorum
310 1510 461 1571 institutam
475 1507 632 1568 concionem
647 1529 656 1571 ,ε
672 1505 750 1566 vides
771 1503 838 1565 item
849 1504 908 1584 ejus
966 1509 996 1558 rt
1009 1499 1117 1558 samm
1126 1503 1159 1559 in
1169 1501 1330 1581 discipulos
1343 1505 1476 1579 Donum·
1491 1507 1620 1568 continuo
1630 1509 1710 1570 turha

164 1617 364 1684 argumentum.
383 1599 511 1663 Habitum
528 1599 593 1660 item
609 1598 680 1658 hanc
693 1641 702 1671 ,
714 1596 749 1657 de
766 1617 820 1675 qua
835 1616 909 1655 nunc
966 1589 1065 1651 vitnos
1080 1592 1195 1653 mutatio
1212 1594 1328 1655 nominis
1338 1619 1354 1651 s
1364 1619 1371 1654 ε
1383 1610 1409 1657 et
1422 1598 1710 1663 caeteradenonsinum

164 1695 288 1778 agimus,
304 1707 447 1773 anoequam
460 1706 567 1774 tempus
579 1689 708 1751 Paschale
721 1682 886 1754 dilaceretur
897 1733 906 1764 ,
966 1683 1137 1762 mutatione,
1149 1706 1210 1764 quae
1222 1687 1348 1767 pluribus
1361 1688 1409 1750 ille
1423 1692 1596 1772 prosequitur
1610 1717 1617 1752 ι
1631 1694 1669 1754 ita
1680 1708 1711 1755 ut

164 1803 256 1870 aperte
267 1800 359 1849 narrat
372 1806 447 1846 num.
457 1784 498 1845 dr
513 1809 529 1842 s
540 1785 611 1845 Nam
624 1783 648 1843 si
660 1826 669 1859 ‚
680 1782 748 1843 dnm
760 1781 845 1847 solam
859 1801 910 1841 vo·
965 1773 1024 1836 haec
1038 1776 1132 1837 concio
1141 1778 1177 1838 sit
1186 1799 1235 1839 ocu
1249 1781 1474 1861 complementum
1484 1785 1671 1865 precedentis.

163 1879 207 1940 bis
221 1880 282 1956 (ait)
295 1878 496 1962 inscriptionem
511 1875 629 1957 legimus
642 1889 668 1935 et
684 1871 911 1950 enarramus&-
1007 1868 1083 1929 Hanc
1096 1869 1238 1931 homiliam
1260 1887 1392 1952 sequutus
1405 1889 1445 1937 est
1461 1880 1637 1958 sermo,qui
1650 1889 1863 1962 posttqpstq.

163 1971 281 2032 midium
292 1969 471 2032 solemnitatis
482 1967 699 2042 consumsimuss
713 1963 736 2027 si
747 1966 783 2026 nb
795 1964 908 2026 exordio
966 1960 1100 2022 Romilius
1112 1963 1141 2022 in
1159 1964 1286 2026 Genesim
1303 1986 1389 2027 nonus
1403 1983 1560 2031 numeratur
1568 2015 1579 2045 ,
1589 1970 1640 2032 ubi
1649 1972 1711 2034 dua

163 2063 243 2124 initio
254 2062 325 2124 lacto
338 2065 367 2123 in
378 2065 469 2143 ipsum
488 2059 555 2121 lihri
566 2060 687 2141 pelagus
696 2058 846 2119 orationem
855 2056 911 2116 irn-
966 2053 1023 2114 illa
1035 2052 1184 2134 dequibus
1202 2058 1284 2118 modo
1296 2059 1400 2139 egimus
1422 2060 1543 2123 homiliae
1558 2084 1713 2127 memoran-

163 2154 271 2215 mittere
289 2153 463 2235 cepissemus
474 2165 624 2231 ,quantum
637 2160 765 2229 ,quam
779 2146 907 2229 temporis
966 2160 1021 2220 tur,
1033 2159 1061 2207 et
1074 2145 1110 2208 de
1120 2148 1271 2210 Mutatione
1281 2151 1399 2217 nominis
1408 2151 1533 2228 Ahrahm
1542 2156 1630 2235 deque
1643 2158 1713 2218 alio·

162 2246 388 2328 impendissemus
399 2291 407 2320 ,
417 2258 448 2304 ut
464 2243 501 2305 ad
514 2243 577 2304 illas
588 2242 623 2303 de
641 2243 728 2304 Paulo
740 2241 908 2303 narrationes
965 2259 1027 2299 rum
1045 2239 1186 2300 nominum
1203 2241 1386 2323 propriorum,
1397 2266 1456 2326 quse
1467 2245 1597 2308 inVcteri
1617 2248 1713 2311 Testa·

164 2339 368 2420 perveniremus
381 2334 389 2396 l
401 2360 418 2392 a
432 2336 469 2396 Et
482 2348 574 2417 postea
589 2354 670 2407 sum.
686 2337 704 2398 5
719 2356 774 2397 non
794 2331 909 2396 obscure
966 2345 1057 2392 mento
1072 2346 1155 2408 sunt,
1168 2333 1364 2414 significatione
1379 2326 1517 2399 uertatur.
1535 2342 1568 2400 In
1586 2340 1638 2403 hoc
1650 2365 1710 2404 ser-

165 2432 301 2511 significat
316 2431 394 2490 illam
406 2428 548 2491 mattis·
556 2473 566 2507 ,
581 2438 642 2508 qua
657 2429 735 2489 nulla
749 2429 909 2490 intermedia
961 2436 1045 2484 'mone
1053 2468 1063 2502 ,
1078 2425 1192 2506 perinde
1201 2441 1283 2506 etque
1295 2429 1322 2489 in
1336 2430 1549 2513 precedentibus
1566 2433 1709 2515 homiliis,

164 2538 342 2605 precesserat,
351 2507 408 2584 es'se
415 2522 538 2602 quintam
545 2523 574 2582 in
588 2521 759 2604 Principium
769 2525 910 2599 Actorum,
929 2526 932 2531 ’
966 2519 1048 2598 longo
1060 2518 1191 2599 proemio
1205 2541 1270 2582 usus
1280 2534 1320 2582 est
1330 2522 1551 2606 (chrysostomus.
1565 2525 1635 2587 ilino
1642 2549 1714 2606 que·

163 2618 256 2695 inqua
269 2616 400 2696 queritrsr
412 2635 462 2675 cur
474 2617 540 2675 Acta
555 2614 750 2696 Apostolorum
763 2614 792 2674 in
808 2614 909 2677 Pente·
965 2610 1088 2674 simonie
1099 2611 1193 2694 populi
1206 2615 1364 2693 Antiochii
1375 2616 1431 2693 ,oh
1440 2617 1555 2681 nimiam
1565 2622 1714 2701 prooemio·

164 2723 238 2769 coste
255 2709 390 2789 legantur.
410 2707 462 2768 Hic
478 2727 594 2786 namque
613 2719 723 2768 sanctus
733 2704 829 2767 doctor
842 2706 907 2769 talis
966 2726 1029 2766 rum
1047 2707 1352 2790 prolixitatem.“Cujus
1363 2712 1537 2791 querimonise
1558 2715 1710 2794 occasione,

164 2802 237 2862 l'atur
251 2825 259 2860 r
273 2827 288 2860 ι
300 2802 435 2862 Nonnein
452 2800 545 2882 priore
565 2801 645 2862 vohis
659 2800 770 2890 collecta
783 2801 909 2862 dicebam
964 2800 1059 2881 paneis
1072 2801 1171 2889 qlapsis
1182 2801 1280 2863 diebus
1292 2802 1369 2863 illam
1379 2803 1414 2864 de
1426 2804 1543 2866 [mendis
1555 2807 1712 2888 Reprehen-

164 2916 196 2955 ea
211 2895 351 2971 miracala,
364 2915 426 2974 quar
439 2888 547 2955 crucem
557 2905 673 2973 scquma
683 2905 766 2967 sunt,
780 2893 815 2954 iis
824 2895 909 2975 rnajo·
965 2889 1088 2961 sinibus
1098 2892 1240 2955 homiliam
1251 2893 1365 2972 habuit,
1380 2916 1464 2974 quam
1478 2917 1527 2958 nos
1536 2898 1564 2959 in
1578 2899 1646 2960 serie
1656 2898 1712 2959 ho·

164 3009 216 3065 ra,
230 3006 290 3069 quse
304 2987 391 3069 ipsam
411 3000 599 3068 precesserant
610 2984 767 3049 exstitisse?
778 3005 868 3047 nonne
880 2983 911 3046 id
966 2983 1106 3047 miliarum
1127 2985 1163 3046 de
1180 2987 1331 3047 Nominum
1346 2988 1494 3049 mutatione
1505 2991 1614 3051 tertiam
1626 2991 1710 3072 poni-

164 3078 270 3140 ostendi
283 3080 362 3140 vohis
375 3092 402 3140 et
414 3099 449 3138 ex
468 3078 609 3139 ndracsrlis
622 3093 650 3137 et
661 3096 697 3138 ex
710 3076 910 3158 discipulorum
966 3096 1038 3148 mus,
1050 3076 1115 3156 quia
1135 3078 1193 3160 ipsa
1213 3079 1328 3141 lieet·in
1352 3080 1428 3160 prius
1450 3079 1532 3141 editis
1544 3079 1712 3144 distractast

163 3172 351 3234 benevolentis
368 3197 377 3250 3
392 3185 420 3232 et
433 3192 488 3250 quo
505 3184 583 3252 pasto
597 3182 675 3231 auca
693 3168 805 3249 quidem
825 3169 912 3231 Chri·
939 3201 945 3213 ·
966 3169 1063 3250 proml
1075 3169 1183 3232 shaliis
1192 3170 1299 3252 posita,
1315 3193 1372 3233 sese
1381 3172 1473 3255 prodit
1486 3173 1538 3233 hoc
1551 3172 1710 3258 ordine-po·

165 3277 222 3324 stus
234 3264 370 3344 imperans
381 3262 665 3338 mortnosssscitabat,
670 3275 763 3343 postes
775 3282 841 3325 vero
853 3282 912 3324 ser-
966 3262 1081 3324 rendam
1092 3286 1150 3325 esce
1163 3284 1238 3325 num.
1249 3270 1269 3329 δ
1281 3265 1326 3327 his
1339 3266 1430 3327 verbis
1446 3288 1454 3325 r
1472 3292 1487 3325 ι
1500 3268 1543 3326 De
1560 3268 1646 3328 Paulo
1660 3290 1713 3328 au·

164 3379 265 3420 rorum
275 3360 334 3440 ejus
340 3359 438 3418 umbra
446 3357 569 3441 idipsum
578 3357 725 3439 prestabat
733 3359 770 3417 si
778 3371 827 3418 etc.
842 3361 912 3433 Quae
967 3366 1021 3416 tem
1032 3377 1121 3417 sermo
1132 3357 1211 3418 nobis
1224 3371 1400 3439 supererat,
1414 3357 1526 3437 quando
1537 3359 1571 3420 de
1589 3361 1712 3421 nomini·

164 3450 257 3511 omnia
268 3448 368 3510 diserte
386 3463 529 3511 narrantur
542 3448 629 3513 inille
643 3448 740 3528 quinta
752 3449 865 3509 humilia
879 3450 913 3513 in
967 3446 1020 3507 hus
1031 3445 1243 3520 disserebamus,
1256 3450 1494 3528 querebamusque
1504 3471 1553 3510 cur
1566 3450 1712 3530 aliquando

165 3541 335 3624 Principium
348 3544 478 3605 Actorum
488 3542 605 3601 sumt.
617 3540 673 3613 Qui
685 3558 751 3604 rto
763 3540 914 3601 luerintilli
967 3539 1079 3612 Saulus,
1093 3554 1185 3622 postea
1198 3561 1262 3601 vero
1282 3542 1384 3601 Paulus
1407 3556 1520 3603 vocatus
1534 3543 1626 3607 luerit.
1646 3543 1713 3607 lnde
1808 3596 1812 3604 .

164 3633 299 3717 srpdclpsr,
307 3634 365 3695 sive
378 3631 518 3715 presides,
531 3631 578 3712 qni
592 3646 651 3693 tum
665 3633 693 3692 in
709 3631 805 3713 hujus,
815 3645 874 3692 tum
883 3631 913 3693 in
967 3644 1034 3694 veto
1042 3630 1159 3713 digressi
1172 3653 1266 3693 sumus
1279 3631 1443 3694 adverterem
1456 3634 1609 3715 historiam,
1620 3657 1714 3698 omnes

163 3727 298 3806 sequentis
309 3724 427 3812 homilias
438 3724 492 3785 line
504 3737 697 3802 memorantur,
705 3722 913 3803 hicdisqniren-
967 3723 1013 3805 qui
1024 3723 1197 3792 alianontinn
1211 3724 1363 3785 habuerant
1376 3725 1627 3788 meminerimus.»
1647 3729 1710 3789 Per·

163 3820 240 3881 dum.
256 3809 493 3899 Praeteriiqar
511 3806 911 3899 incestituram-etrusca
966 3817 1101 3898 gltetism
1114 3819 1144 3879 in
1157 3818 1356 3894 haeconcione,
1370 3818 1603 3900 acdisquiritcu
1626 3822 1713 3883 Paulo

165 3914 297 3990 aderant,
312 3935 364 3975 non
382 3913 450 3973 alios
470 3913 552 3973 luisse
566 3913 912 3994 puto,··‹psasnepisoopss
928 3944 942 3965 ι
968 3902 1208 3983 nomen-silatum
1215 3910 1416 3989 sit,stcurnon
1430 3912 1522 3973 statim
1532 3913 1569 3973 ab
1580 3914 1714 3994 ejusoon·
1760 3932 1764 3939 ·

120 4010 269 4074 assisinos
291 4008 382 4090 Syriae
399 4011 450 4069 'vel
471 4007 614 4069 Pheniciar
623 4053 633 4085 ,
646 4007 695 4088 qui
718 4006 785 4068 alibi
803 4026 913 4089 proque
967 4000 1091 4065 versione
1104 4003 1238 4066 :sednon
1250 4000 1359 4067 modico
1373 4005 1522 4086 postillam
1536 4018 1656 4087 tempore
1669 4027 1715 4067 ex·

166 4099 485 4181 Chrysostom'sonncioni
500 4096 869 4175 interfuissememoranturq
881 4109 912 4159 ut
968 4096 1039 4177 cepit
1053 4095 1167 4157 honilia
1178 4096 1208 4157 in
1222 4095 1304 4175 illud,
1321 4099 1436 4158 Paulas
1445 4110 1580 4168 uocatus,
1592 4099 1621 4159 in
1634 4101 1714 4180 cujus

165 4191 332 4253 videbimuss
342 4190 651 4252 Cummlnhnt‘nchia
664 4191 822 4272 metropolis
832 4192 928 4265 esses‘
934 4218 940 4231 ·
968 4186 1059 4250 medin
1080 4187 1154 4249 idem
1177 4188 1269 4272 ipsum
1289 4189 1377 4269 tangit
1398 4204 1646 4268 argumentum,rrt
1659 4204 1714 4252 tres

165 4282 361 4344 nihildubinm
375 4297 415 4343 est
431 4282 499 4362 quin
514 4283 703 4364 episcoporum
717 4283 797 4343 multi
810 4283 910 4345 'sicin
969 4281 1213 4363 priores-homilias
1226 4296 1418 4343 commemorat
1431 4281 1474 4342 his
1486 4282 1577 4343 verbis
1592 4306 1599 4345 :
1614 4307 1628 4338 r
1642 4283 1712 4342 Nam

164 4375 282 4456 regionis
292 4421 299 4448 ,
311 4375 371 4436 sire
389 4373 561 4454 negotiorum
578 4394 680 4446 carus,
693 4374 751 4434 sire
775 4373 909 4436 deiderio
967 4376 992 4437 si
1005 4374 1196 4449 reudsmini,
1210 4388 1263 4437 trcs
1272 4376 1393 4455 integros
1406 4373 1465 4435 dies
1475 4373 1510 4434 de
1523 4374 1580 4434 solo
1593 4374 1645 4434 hoc
1659 4394 1713 4434 no-

164 4465 293 4528 audiendi
307 4466 507 4549 Chry-sormi,
516 4454 759 4546 eujurrtoqaer'rtoe
773 4467 845 4527 ferna
859 4488 909 4529 vo·
967 4470 1045 4531 mine
1057 4456 1270 4541 disseruisseme
1282 4467 1358 4528 scitis
1369 4511 1380 4539 ,
1391 4488 1454 4528 cum
1467 4488 1560 4527 causas
1569 4467 1711 4541 afferrem,

164 4556 763 4642 samtinmerropottmrurnseroaterenc
787 4596 794 4609 ·
967 4563 1104 4640 obquas,
1120 4581 1183 4619 cunr
1208 4559 1309 4620 Saulus
1331 4572 1408 4619 antea
1430 4571 1593 4635 vocaretur,
1610 4559 1712 4631 Paulus

204 4653 256 4712 Die
267 4654 421 4732 insequente
427 4666 489 4735 post
500 4651 622 4711 habitam
633 4649 910 4726 oonsionsminillud,
966 4654 1064 4715 deinde
1075 4667 1187 4714 vocatus
1198 4666 1247 4724 est,
1259 4665 1285 4712 et
1298 4671 1379 4733 quam
1390 4651 1494 4711 obrem
1509 4672 1562 4712 non
1574 4652 1665 4712 statim
1675 4651 1711 4713 ad

165 4747 280 4806 Paulus
297 4760 396 4806 autem
419 4749 517 4807 adhuc
542 4748 656 4826 spiram
676 4748 907 4817 miserantur.
966 4744 1290 4809 fidemcouverssshane
1304 4744 1514 4826 appellationem
1529 4746 1650 4828 accepit,
1663 4745 1711 4807 scd

164 4837 406 4898 illam'concionem
417 4838 526 4915 habeb,
541 4856 601 4918 quse
615 4836 782 4912 inscribitur,
791 4839 836 4907 ,de
847 4839 907 4898 No·
965 4839 1005 4901 ad
1017 4838 1135 4900 mrlturn
1146 4852 1253 4919 tempus
1266 4832 1502 4918 nomen'rrsinuu,
1515 4840 1588 4920 quod
1601 4839 1643 4900 illi
1657 4861 1711 4920 pa·

164 4935 274 4990 minum
284 4916 456 5003 mumioni.
466 4930 551 5011 Quod
564 4945 755 5013 argumentum
769 4922 817 4991 ttte'
828 4931 857 4990 in
870 4929 908 4990 fi·
965 4948 1053 4996 rentes
1063 4933 1277 5014 impomerantrs
1285 4932 1394 5007 Quibus
1406 4947 1459 4992 tres
1471 4932 1551 4993 hasce
1565 4933 1668 5014 priores
1675 4932 1711 4992 de

163 5046 198 5086 ne
220 5023 394 5105 precedentis
412 5022 531 5084 homilia
543 5036 680 5106 cuperat,
696 5024 750 5084 hac
768 5025 907 5106 proposita
965 5026 1113 5090 Nominum
1125 5025 1274 5086 mutatione
1289 5025 1415 5085 homilias
1429 5026 1466 5085 ita
1477 5024 1575 5086 diserte
1588 5045 1709 5085 comme-

161 5118 317 5199 quaestione,
331 5137 380 5177 cur
392 5117 547 5193 Paulopeur
561 5118 652 5194 Petro,
666 5118 791 5180 curaliis
804 5117 906 5182 inVe·
965 5134 1073 5199 morat,
1087 5133 1118 5179 ut
1142 5118 1220 5178 nulls
1243 5117 1360 5200 supersit
1381 5116 1526 5178 adversm
1551 5116 1708 5199 suspicandi

163 5213 214 5273 teri
226 5213 400 5271 Testamento
415 5194 551 5270 minatum
570 5211 768 5299 nomenfuerit.
784 5209 818 5272 ld
832 5211 906 5272 enim
965 5202 1056 5275 catria.
1070 5213 1121 5272 Has
1132 5230 1215 5295 porro
1234 5225 1350 5290 quaeror
1363 5210 1521 5271 homiliaria
1536 5211 1613 5290 prius
1626 5209 1708 5271 editis

162 5307 222 5386 ipse
234 5318 326 5364 narrat
335 5303 590 5381 numm-«Neque
600 5302 672 5362 enim
678 5303 743 5379 psit
754 5301 903 5379 )deasbus
964 5303 1003 5365 ite
1016 5300 1161 5381 mumma,
1177 5315 1260 5375 statu
1272 5299 1417 5377 iudicum,
1430 5298 1567 5381 dissipata
1578 5312 1665 5377 erant,
1675 5313 1707 5361 ut

164 5397 320 5463 trivialibus
328 5397 503 5481 questionem
516 5395 649 5465 habmus
658 5393 758 5469 bodie,
771 5393 907 5459 seddssr
965 5391 1149 5457 nonnisimn
1163 5380 1380 5472 ingentifihore
1399 5401 1487 5470 posset
1510 5404 1602 5450 esrum
1623 5387 1708 5451 series
