3750 6052
689 533 779 587 nuuc
805 531 937 582 auruum
963 527 1165 607 snonusru.
1448 507 1450 512 ’
1625 504 1694 578 105

155 659 315 721 acloauucs
332 680 350 718 a
365 658 424 718 foro
437 656 649 723 etsaseffirrbus
669 657 776 740 penitus
795 655 898 717 abstra-
954 674 1037 734 porro
1048 653 1201 712 Maximum
1221 650 1300 710 illum
1315 662 1395 732 putat
1410 649 1495 722 fuisse
1509 649 1701 728 Hermautius,

156 761 226 822 ctus,
240 770 327 809 unum
339 749 473 810 Basilium
486 749 676 830 freqoeomret,
685 768 718 808 ac
729 769 791 809 cum
801 746 851 807 illo
864 745 900 806 de
953 747 1001 826 qui
1024 743 1211 826 Cbiysostomi
1229 743 1332 813 amicos
1349 755 1376 802 et
1394 742 1496 823 collega
1514 755 1587 816 erat,
1600 741 1735 822 quiqueu
1767 765 1770 771 ·

154 843 256 905 divinis
267 866 373 927 semper
383 859 409 905 et
419 843 454 905 de
467 845 524 906 vita
538 846 684 906 monastiea
695 843 777 906 verba
792 844 899 918 faceret,
953 836 1287 898 concionabaturalternis
1297 856 1364 894 ‘urm
1377 834 1427 894 illo
1439 834 1560 910 vicibus,
1570 834 1601 894 ut
1615 835 1701 895 fertum

156 937 274 996 Basilius
286 982 295 1010 ,
306 938 353 1016 qui
364 938 421 998 siue
434 940 538 1000 Joanne
549 958 602 998 non
616 936 729 1000 vitalem
747 934 801 996 sibi
814 935 899 996 vitam
945 933 1044 992 *Temo
1054 930 1133 991 tertio
1146 939 1175 1011 p'.
1189 928 1465 1004 saturauimus
1477 923 1700 1007 quoquememoss

155 1049 212 1087 esse
232 1029 346 1110 putabat
357 1074 367 1105 ,
377 1044 403 1090 et
414 1030 462 1109 qui
470 1034 570 1112 sapius
594 1030 630 1090 ab
642 1031 701 1111 ejus
723 1028 899 1089 contubernio
953 1041 996 1109 rat
1007 1028 1220 1108 Chrysostomus
1231 1026 1283 1087 sibi
1292 1024 1411 1099 amicum
1421 1024 1449 1085 in
1459 1025 1571 1105 epistola
1580 1023 1700 1103 quadam
1750 1023 1780 1069 Τ·
1790 1022 1815 1073 ³·
1826 1039 1851 1084 1²·

154 1120 237 1180 avelli
252 1122 407 1201 cogebatur,
425 1122 524 1185 loanni
547 1121 699 1204 proposuit,
711 1135 742 1181 ut
761 1120 899 1201 ambopa·
953 1119 991 1180 ad
1005 1118 1210 1202 Olympiadem.
1227 1117 1350 1179 Maximo
1368 1115 1450 1176 etiam
1466 1116 1621 1176 sibiamico
1642 1084 1799 1196 epi-⁵9²'⁸'

157 1209 239 1280 ternis
251 1210 352 1270 relictis
363 1209 477 1283 aedibus,
492 1211 521 1270 in
541 1211 671 1292 peculiari
685 1208 804 1289 quadarn
816 1207 899 1268 domo
954 1232 1036 1292 scopo
1051 1211 1160 1294 scripsit
1172 1211 1228 1295 ille.
1242 1215 1346 1268 Verum
1361 1229 1396 1267 an
1408 1209 1436 1266 in
1451 1207 1484 1267 iis
1495 1207 1563 1267 locis
1575 1220 1615 1268 ter
1627 1205 1700 1266 idem
1709 1208 1851 1270 manem.

156 1300 233 1362 sedes
246 1315 384 1382 ponerent,
397 1302 520 1362 et'simul
532 1304 618 1364 vitam
632 1302 759 1362 ducerent
770 1301 898 1361 monasti·
954 1317 1134 1379 memoretur,
1144 1323 1179 1363 an
1193 1300 1304 1377 vero,'si
1315 1301 1407 1380 plures
1418 1302 1472 1360 sint
1480 1345 1489 1372 ,
1497 1321 1591 1360 eorum
1601 1298 1701 1378 aliquis

155 1414 193 1453 cae
202 1394 328 1454 similem.
344 1394 496 1455 Consilium
510 1394 621 1455 tandem
634 1393 900 1475 probavissemus,
953 1398 1001 1458 ille
1014 1399 1049 1459 sit
1060 1400 1095 1460 de
1108 1420 1162 1479 quo
1171 1400 1230 1479 jam
1243 1396 1346 1476 agitur,
1359 1395 1466 1455 nonnisi
1481 1393 1630 1467 divinando
1643 1393 1699 1454 dici

155 1485 202 1545 sed
216 1502 391 1567 reeomperta
412 1486 523 1550 loannis
545 1502 641 1565 mater,
656 1508 718 1565 quar
738 1485 850 1546 unicum
860 1485 899 1544 li-
953 1504 1059 1572 potest:
1074 1491 1153 1551 multi
1167 1491 1269 1572 quippe
1282 1504 1346 1549 tunc
1357 1501 1434 1548 eraut
1447 1487 1555 1548 nomine
1565 1488 1696 1548 Maximi.

153 1576 222 1637 lium
233 1578 382 1639 admodum
402 1578 554 1659 diligebat,
566 1580 657 1660 ipsum
675 1579 792 1660 profusis
810 1579 900 1659 lacry-
996 1583 1157 1644 Theodorus
1177 1604 1263 1660 vero,
1279 1582 1325 1661 qui
1340 1582 1469 1641 suadente
1482 1582 1601 1653 Joanne,
1620 1556 1716 1663 abdi..
1735 1586 1822 1664 'from
1833 1599 1849 1662 ’r

154 1670 206 1729 mis
219 1671 318 1732 obnixe
336 1687 460 1753 precatur
470 1693 503 1732 ne
515 1693 545 1732 se
557 1673 660 1733 deserat
673 1716 683 1744 ,
697 1692 745 1732 nec
759 1692 787 1730 se
809 1670 899 1731 viduas
953 1676 1020 1737 eatis
1034 1675 1116 1736 rebus
1127 1674 1295 1748 forensibus,
1315 1673 1422 1754 pietatis
1434 1671 1570 1733 exercitiis
1585 1692 1643 1732 sese
1657 1685 1699 1733 to·
1708 1659 1775 1757 2:232
1783 1651 1853 1757 ἐφ’

153 1776 244 1822 ettam
255 1765 434 1826 beneaffectae
449 1767 544 1826 matris
557 1766 722 1825 consortium
734 1764 811 1825 alteri
823 1777 900 1845 post:
954 1781 1013 1828 tum
1026 1767 1176 1844 dediderit,
1191 1768 1218 1828 in
1230 1766 1368 1848 proposito
1381 1765 1492 1851 nondlu
1502 1763 1620 1847 perstitit
1628 1788 1638 1843 3
1652 1764 1853 1826 sedtuootorum

153 1871 246 1935 ponat,
259 1858 292 1917 iis
308 1880 356 1917 usa
374 1859 548 1937 serbis,quae
562 1846 769 1940 Cbrysostomus
782 1857 900 1938 ipscre·
952 1878 1062 1922 rursum
1073 1861 1107 1922 ad
1119 1863 1207 1944 prisea
1220 1883 1358 1935 resersus,
1372 1860 1511 1949 secularia
1524 1861 1630 1940 negotia
1644 1874 1701 1921 tra-
1709 1838 1805 1898 ''W''
1844 1918 1848 1929 ,

154 1949 229 2024 fert,
252 1972 366 2030 quaeque
382 1951 531 2033 potuissent
543 1951 672 2032 juvenem
685 1954 788 2014 Joanne
809 1949 900 2009 minus
953 1969 1025 2017 ctare
1037 1957 1118 2037 roepit
1128 2002 1139 2039 ,
1150 1954 1390 2036 voluptatibusque
1402 1951 1526 2029 deditus,
1541 1952 1701 2029 Hermiones

155 2039 222 2100 bene
232 2042 359 2102 affectum
371 2066 387 2103 a
401 2044 537 2125 proposito
548 2065 684 2104 revocare·
700 2043 798 2102 Matris
810 2042 901 2120 itaque
953 2049 1034 2110 etiam
1055 2049 1152 2131 puellae
1172 2047 1313 2127 cujusdam
1329 2061 1423 2106 'amore
1436 2045 1565 2125 flagrabat
1580 2069 1587 2102 ε
1601 2045 1702 2124 quibus

155 2133 227 2193 votis
248 2136 435 2216 obtemperans
459 2138 588 2213 Joannes,
604 2157 667 2196 cum
693 2134 740 2194 illa
757 2155 806 2215 pro
825 2155 900 2194 more
951 2141 1098 2222 compertis
1113 2141 1231 2201 Joannes
1245 2139 1341 2199 intimo
1354 2124 1456 2197 doloris
1470 2157 1550 2196 sensu
1569 2137 1703 2209 allectus,

155 2246 205 2284 suo
217 2227 327 2288 mansit.
550 2257 557 2272 ·
952 2232 1102 2294 orationem
1112 2231 1165 2313 ipsi
1176 2229 1362 2310 longissimam
1373 2228 1520 2307 misitque
1532 2228 1612 2287 illum
1624 2228 1702 2305 quasi

195 2319 227 2378 ln
258 2333 379 2380 materna
411 2321 501 2400 itaque
523 2321 641 2382 domoa
664 2320 778 2401 negotiis
802 2341 900 2381 vacans
951 2327 1009 2410 jam
1030 2323 1252 2397 vitiisdeditum
1267 2321 1432 2402 compellat,
1457 2320 1492 2379 ad
1515 2320 1702 2400 peonitentiam

154 2412 330 2473 secularibus
352 2414 496 2492 (Anthusa
518 2415 619 2495 quippe
649 2435 706 2473 rem
738 2413 899 2474 familiarem
953 2417 1110 2491 cohortans,
1125 2414 1317 2487 adsecessum,
1332 2412 1596 2495 adpristinumvitae
1608 2433 1701 2492 genus,

154 2524 262 2564 omnem
275 2504 412 2581 curabat),
427 2508 542 2568 loannes
553 2506 656 2567 divinae
668 2519 772 2566 mutum
783 2505 902 2586 pbiloso-
956 2511 1031 2590 quod
1053 2534 1081 2572 se
1095 2511 1232 2572 suadente'
1239 2523 1401 2591 susceperat.
1422 2507 1642 2588 Exemplumque
1658 2509 1702 2569 af·
1711 2512 1741 2560 T·
1755 2525 1775 2559 ¹·
1785 2509 1852 2572 1¹³8·

153 2594 225 2675 pbiae
242 2596 326 2655 dabat
351 2618 471 2676 operam,
487 2619 585 2680 corpus
607 2619 744 2658 macerans
763 2597 898 2678 jejuniis,
955 2607 1009 2666 fert
1019 2605 1129 2687 juvenis
1141 2603 1284 2686 cujusdam
1300 2602 1436 2665 Phoenicis
1447 2601 1553 2662 Urbani
1568 2601 1637 2676 lilii,
1657 2622 1704 2661 no-

152 2686 278 2767 vigiliis,
293 2689 370 2748 humi
383 2690 515 2751 recubans
528 2733 538 2765 ,
552 2712 652 2772 pravos
676 2691 790 2750 aflectus
807 2711 900 2751 omnes
955 2697 1062 2760 bilitate
1079 2712 1110 2758 et
1119 2697 1217 2778 opibus
1232 2696 1377 2778 pollentis,
1393 2695 1535 2774 quicum,
1555 2693 1601 2775 pio
1614 2708 1704 2754 motus

152 2780 305 2853 eliminans>
321 2803 397 2842 1111111
408 2784 503 2862 ὅ101ἰιῑ*
515 2785 623 2844 sumum
633 2783 771 2865 depellet&
781 2797 807 2845 el
821 2784 899 2845 disti·
954 2793 1063 2868 affectu,
1079 2791 1290 2870 ludimagistris,
1306 2788 1387 2849 fastui
1400 2787 1565 2866 terrenisque
1577 2786 1703 2847 omnibus

152 2897 230 2957 pans.
258 2878 370 2959 Linguae
390 2901 454 2941 uero
476 2902 509 2940 ne
535 2881 603 2960 quid
628 2895 720 2941 eontra
741 2881 900 2962 proximum
954 2885 1067 2965 longum
1080 2872 1269 2956 valedixisset,
1288 2887 1316 2942 in
1331 2895 1433 2941 montes
1446 2877 1611 2969 ascenderet,
1627 2893 1653 2938 et
1666 2878 1703 2939 ad

152 2968 216 3028 mali
229 2972 366 3051 proferret,
383 2973 506 3054 perpetui
519 2974 621 3034 silentii
633 2975 749 3034 claustra
759 2990 911 3055 posuerat,
955 2999 1093 3039 summurn
1107 2976 1219 3051 virtutis
1236 2976 1352 3055 gradum
1366 2973 1517 3055 pervenisse
1532 2972 1679 3033 videbatur
1690 2977 1703 3052 ς’

152 3065 290 3125 neminem
316 3068 417 3148 quippe
439 3067 636 3147 alloquebatur.
647 3071 717 3130 Hinc
741 3068 816 3150 apud
835 3092 901 3133 non·
955 3072 1004 3132 sed
1018 3086 1109 3154 postea
1123 3094 1138 3131 a
1157 3069 1279 3151 cognatis
1292 3066 1425 3128 abductus
1438 3080 1464 3126 et
1483 3065 1519 3126 ad
1532 3065 1644 3146 pristina
1659 3087 1701 3126 re·

152 3155 243 3215 nullos
254 3159 346 3238 opinio
360 3174 418 3218 erat
430 3182 556 3240 asperum
568 3162 646 3222 illum
659 3183 726 3239 esse,
743 3163 790 3241 qui
806 3162 900 3224 buma-
954 3179 1077 3241 vocatus,
1096 3162 1305 3225 amontibusin
1319 3159 1439 3222 medium
1459 3160 1547 3218 forum
1562 3173 1702 3218 secoutu-
1774 3237 1777 3242 j

150 3268 214 3307 nam
226 3251 374 3327 quamlibet
387 3252 542 3313 societatem
552 3255 658 3334 fugeret
666 3278 674 3312 s
683 3276 715 3315 ac
724 3255 899 3334 cumsimilis
954 3258 996 3332 lit,
1011 3260 1059 3321 ubi
1071 3279 1141 3339 equo
1150 3270 1254 3331 rectus,
1265 3271 1291 3315 et
1299 3254 1465 3313 famulorum
1477 3250 1703 3330 adulatorumque

152 3342 264 3419 quidam
286 3344 372 3402 multa
391 3346 540 3425 proferrent
550 3361 575 3405 et
586 3367 694 3408 rumore
706 3347 803 3409 nuntio
815 3347 900 3409 idille
956 3354 1037 3413 turbs
1047 3354 1168 3427 eiuetm,
1179 3348 1307 3412 omnibus
1320 3345 1472 3429 spectaculo
1485 3359 1542 3405 erat
1556 3369 1563 3402 ε
1575 3342 1701 3405 demum·

151 3454 205 3493 non
219 3435 373 3514 ignoraret,
390 3435 463 3496 baud
484 3437 599 3497 libenter
619 3439 701 3499 talem
721 3438 757 3499 de
769 3460 800 3500 se
812 3442 901 3522 simpi-
954 3444 1102 3526 queapiis
1111 3441 1275 3526 quibusdam
1288 3439 1444 3501 hominibus
1453 3437 1551 3497 sensim
1562 3435 1598 3495 ad
1608 3457 1702 3496 sanam

150 3527 255 3587 cionem
282 3528 377 3588 baberi
400 3531 550 3612 comperite
571 3531 669 3591 maluit
693 3545 783 3593 tamen
805 3531 901 3595 eadem
955 3552 1072 3598 mentem
1086 3536 1230 3607 reductus,
1249 3532 1398 3592 solitariam
1419 3530 1504 3589 vitam
1526 3529 1653 3608 repetiit,
1675 3543 1702 3587 et

150 3641 261 3701 pergere
272 3621 316 3682 via
335 3621 563 3702 solitudinemque
582 3646 631 3705 pro
645 3644 720 3685 more
736 3626 840 3685 colere:
851 3648 901 3686 ex·
955 3629 991 3690 ad
1002 3629 1113 3691 virtutis
1123 3627 1228 3708 apicem
1238 3624 1348 3684 demum
1360 3621 1493 3704 pervenit.
1504 3619 1589 3680 tlliud
1600 3621 1701 3702 profert

149 3727 242 3793 pertus
258 3714 369 3774 fortasse
378 3760 387 3792 ,
399 3715 467 3775 dum
477 3715 505 3774 in
514 3716 573 3775 foro
583 3731 746 3790 versaretur,
763 3717 812 3778 rix
822 3739 901 3798 posse
954 3722 1111 3804 exemplum
1125 3720 1192 3797 viri,
1207 3718 1256 3797 qui
1269 3738 1333 3778 cum
1347 3720 1394 3798 per
1409 3715 1509 3775 multos
1519 3734 1607 3801 annos
1617 3713 1702 3773 vitam

150 3804 293 3867 bominum
305 3808 439 3871 consortio
449 3808 647 3890 colloquiisque
660 3810 803 3886 fruentem,
814 3811 842 3870 in
852 3811 899 3873 illa
954 3816 1077 3878 duxisset
1092 3813 1259 3894 angelicam,
1277 3832 1309 3870 eo
1320 3809 1431 3871 demum
1446 3827 1602 3888 progressus
1616 3820 1656 3866 est
1671 3820 1702 3881 ut

149 3899 259 3960 virtutis
273 3900 434 3981 via,quam
450 3901 896 3986 ipseamplexuserat,sinelapsu
955 3907 982 3969 in
1005 3909 1122 3989 lupanar
1142 3926 1170 3964 se
1194 3903 1346 3978 conferret,
1369 3901 1418 3961 sed
1432 3913 1523 3981 postea
1548 3899 1700 3959 asoeioad

150 3993 287 4072 Progredi·
952 3990 1069 4082 priscum
1082 3997 1168 4059 vitam
1182 3997 1340 4069 revocatus,
1355 3993 1383 4052 in
1397 3992 1494 4052 cellula
1508 4012 1537 4052 se
1551 3991 1697 4069 conclusit,

189 4087 283 4164 Neque
296 4099 386 4146 tamen
403 4086 440 4146 ita
469 4102 650 4166 sequestratus
670 4101 728 4152 erat
746 4089 783 4149 ab
804 4088 896 4150 bomi-
952 4094 1001 4153 ubi
1015 4113 1085 4174 pane
1098 4090 1187 4150 solum
1197 4103 1223 4148 et
1237 4108 1307 4166 aqua
1322 4087 1408 4146 vitam
1419 4095 1588 4157 sustentans,
1611 4100 1698 4153 tantos

149 4197 215 4235 num
237 4178 375 4243 societate.
400 4191 431 4237 ut
446 4178 584 4240 sodalibus
604 4193 630 4240 et
652 4181 746 4241 amicis
768 4182 895 4244 omnibus
951 4186 1114 4269 punitentia
1125 4184 1231 4242 fruetus
1244 4181 1343 4256 emisit,
1357 4194 1387 4240 ut
1396 4179 1477 4239 etiam
1490 4178 1628 4239 miraculis
1642 4179 1697 4238 cla·

149 4269 339 4329 intercluderet
355 4270 471 4332 aditum.
483 4272 615 4333 Basiliam
627 4274 699 4334 enim
710 4318 719 4348 ,
729 4275 776 4353 qui
789 4297 841 4357 par
851 4276 895 4336 vi·
950 4279 1045 4340 ruerit.
1060 4276 1145 4338 Addit
1158 4276 1239 4335 etiam
1255 4272 1414 4346 Valerium,
1428 4271 1611 4345 Florentium,
1627 4271 1849 4342 Ροτ-Ιῠ111-Ρ·19·

149 4363 230 4424 vendi
256 4364 411 4425 institutum
423 4365 584 4441 sectabatur,
595 4367 630 4426 ad
641 4368 785 4446 colloquia,
800 4382 830 4430 ut
843 4370 894 4429 vi·
941 4371 1100 4453 ›pbyrium,
1122 4367 1243 4446 aliosque
1256 4367 1329 4428 riros
1341 4365 1476 4446 sapientes
1491 4362 1628 4423 Theodori
1645 4363 1694 4425 ri-

148 4459 250 4532 dimus,
263 4462 417 4540 frequenter
437 4459 606 4521 admittebat.
617 4464 709 4541 Neque
721 4485 831 4544 prorsus
847 4486 893 4525 ne-
949 4484 1007 4523 cem
1023 4461 1122 4522 dolere.

149 4553 268 4633 gligebat
281 4553 385 4614 sodales
399 4553 473 4629 illos,
486 4554 534 4633 qni
549 4553 647 4614 iisdem
660 4558 831 4618 secumolim
844 4557 893 4618 di·
982 4557 1113 4633 -Cumque
1135 4574 1188 4613 non
1204 4562 1290 4632 posset
1310 4548 1401 4608 statim
1419 4547 1595 4620 Theodorum
1611 4570 1626 4609 a
1644 4550 1693 4611 tali
1742 4563 1848 4622 Epirote

149 4644 271 4724 sciplinis
286 4646 381 4722 tincti,
393 4646 549 4706 secularem
567 4646 650 4706 sitam
661 4649 893 4729 amplectebantur
949 4648 1013 4708 rite
1036 4667 1132 4728 genere
1154 4664 1288 4716 avocare,
1311 4640 1373 4700 aliis
1391 4640 1511 4721 epistolis
1532 4655 1559 4724 et
1581 4642 1692 4722 quidem
1702 4625 1846 4734 'rgn'fhffidffi

114 4763 137 4815 ⁶,
150 4748 177 4795 et
195 4736 345 4797 forensibus
365 4738 463 4799 studiis
482 4739 584 4799 dabant
602 4759 722 4821 operam.
736 4742 893 4803 «Persuasit
949 4741 1055 4816 multis,
1071 4754 1101 4800 ut
1123 4759 1158 4798 ex
1171 4737 1255 4818 ipsius
1266 4733 1378 4799 ,loannis
1391 4748 1500 4794 narratu
1512 4736 1689 4819 percipitur,
1708 4769 1780 4814 prum.

150 4827 222 4887 enim
230 4872 239 4904 ,
251 4828 339 4907 inquit
349 4832 486 4909 Socratas,
495 4832 641 4893 Theodoro
654 4848 681 4894 et
692 4834 817 4895 Maximo
830 4857 892 4896 con-
948 4834 1027 4894 illum
1041 4831 1156 4893 sollicite
1167 4830 1235 4890 ursit
1249 4843 1279 4888 ut
1290 4826 1536 4915 prisca-repeteret.
1554 4827 1613 4888 Etsi
1627 4851 1692 4890 vero

149 4920 294 5002 discipulis
312 4923 380 4998 suis,
393 4926 442 5004 qui
459 4947 514 4986 una
531 4947 595 4987 cum
612 4928 672 5009 ipso
686 4928 831 4988 libanium
849 4951 891 4990 so·
948 4950 1001 4989 non
1015 4940 1107 5009 aperte
1118 4925 1200 5000 dicit,
1219 4920 1396 4984 Theodorum
1410 4921 1497 4981 literis
1512 4921 1568 4981 suis
1581 4943 1691 5004 respou-

149 5013 268 5096 pbistam
293 5014 445 5089 audierant,
467 5033 498 5078 ut
518 5020 612 5080 relicta
633 5021 810 5103 professione,
832 5045 892 5102 quae
947 5021 1037 5093 disse,
1059 5041 1094 5079 ex
1111 5019 1171 5099 ejus
1182 5015 1273 5081 verbis
1292 5014 1369 5093 1113111
1384 5034 1462 5094 posse
1479 5013 1586 5074 videtur
1599 5014 1691 5074 Theo·

148 5106 219 5166 nibil
231 5120 329 5189 practer
340 5123 474 5186 quaestum
486 5126 626 5192 spectaret,
638 5114 790 5195 simplicem
801 5117 892 5196 potius
947 5114 1045 5175 doram
1060 5111 1181 5194 epistolis
1196 5107 1383 5190 chrysostomi
1398 5106 1584 5185 frequentibus
1602 5108 1692 5168 couci

148 5221 181 5259 ac
196 5213 303 5260 tenuem
315 5200 401 5261 vitam
416 5203 672 5283 amplecterentur.»
687 5207 789 5268 Exbis
800 5208 889 5270 Theo·
948 5221 1046 5284 tatum,
1060 5194 1229 5286 respondisse
1240 5200 1280 5261 illi
1293 5221 1340 5259 :sc
1351 5199 1421 5258 nibil
1434 5213 1524 5259 oonua
1538 5200 1585 5280 jus
1598 5201 1692 5280 fasque

148 5293 232 5354 dorsis
244 5294 418 5376 Mopsuestia
433 5294 573 5357 incilicia
590 5300 763 5378 postmodum
783 5302 891 5383 episco-
914 5312 919 5323 ·
946 5303 1042 5373 facere,
1057 5297 1272 5374 Hermionenque
1285 5313 1391 5366 amare,
1405 5290 1470 5371 quia
1484 5291 1560 5352 illam
1578 5313 1692 5354 uxorem
1735 5325 1741 5336 ·

150 5387 891 5473 pusluit5ldarimusreroSelcuoiainhauriebam
939 5395 1046 5456 diruere
1066 5390 1211 5473 cogitabat.
1230 5386 1290 5450 Sub
1304 5386 1363 5446 bac
1375 5400 1466 5445 autem
1483 5384 1694 5467 chrysostomus
1764 5448 1766 5453 ,
