3714 5970
523 418 567 465 DE
594 417 674 464 vtTtt
703 416 733 463 S·
760 411 901 463 totunts
928 413 1176 466 cttntsos‘tout.

64 576 121 633 μενον
140 555 167 610 le
187 551 263 630 οίκία
281 553 439 612 κοινωνικὸν
453 552 589 624 Ἰωάννου,
600 560 612 586 ⁰
625 552 669 612 τὸν
684 542 754 611 οἷκον
774 550 825 621 δη-

62 646 175 723 μαίεσθαι.
194 644 276 705 Meet
291 644 338 704 τδν
351 645 508 721 Παλλάδιον
526 645 662 732 Ιῖερμανδς
674 642 825 723 πρισύύτε-

1581 397 1623 469 13

880 548 916 606 cti
930 551 1102 632 exemplum,
1117 551 1190 630 quod
1204 551 1243 610 sie
1257 550 1358 609 habet:
1378 553 1561 632 Quicumque
1573 574 1622 613 oc·
1646 588 1648 591 ·

880 641 1038 702 saltaverit
1055 647 1219 724 episcopum
1231 656 1283 702 out
1295 643 1513 714 clert‘cum,uut
1530 650 1623 704 omni·

62 763 89 815 μς
100 738 155 814 άμα
169 739 305 818 Κασιανῷ
318 738 435 818 διακόνῳ
448 741 501 796 τῶν
517 736 658 812 Ἰωάννου,
678 736 770 814 ἄνδρες
783 734 826 793 εδ-
843 742 863 787 D
880 753 917 790 uo
930 739 1075 815 exceperit
1082 739 1115 794 ἰνι
1122 735 1243 795 domum
1252 755 1336 796 suam
1346 735 1475 816 aliquem
1486 741 1537 816 qui
1546 757 1622 796 com·

60 828 150 898 ῖσδεῖς,
178 829 320 896 ἐπιδόντες
349 829 500 909 γράμματα
527 827 626 894 παντὸς
654 831 699 885 τοῦ
725 824 825 904 κλήρου

60 921 182 979 Ἰωάννου·
200 919 272 980 ὅπου
293 920 426 1001 γράφουσι
450 919 510 998 βίον
528 920 575 979 καί
594 919 735 998 τυραννίδα
757 921 825 975 ὑπο·

60 1012 225 1088 μεμενηκέναι
243 1017 337 1072 αὐτῶν
354 1011 601 1086 τψνἝκκλησίοιν,
619 1017 666 1070 τοῦ
680 1008 825 1070 ἐπισκόπου

59 1107 129 1163 αὐτῶν
142 1111 332 1184 στρατιωτικῇ
346 1105 455 1185 βοηθείᾳ
468 1103 649 1175 ἐκύληθάντος,
661 1102 708 1162 καί
723 1104 758 1168 είς
769 1100 796 1168 ἐξ
817 1135 822 1144 ·

59 1198 101 1275 ριίν
122 1196 294 1275 πεμφθέντος
314 1196 385 1256 κατά
405 1195 535 1268 συσκιυὴν
557 1194 679 1254 ’λκακίου
696 1192 823 1272 Βεροίας,

59 1287 89 1345 καί
101 1288 239 1367 Θεοφίλου
260 1288 473 1365 Ἀλεξανδρείας,
493 1287 540 1347 καὶ
563 1285 698 1367 Ἀντιόχου
720 1286 825 1344 Πτολε·

58 1379 153 1456 μαῖδος,
175 1380 225 1439 καὶ
239 1381 404 1458 Σευηριανοῦ
426 1382 449 1441 Γ
451 1379 574 1439 αύάλων·
594 1383 622 1438 ἕν
643 1368 681 1445 οἷς
697 1375 743 1435 καί
761 1374 822 1454 βρί-

58 1473 100 1530 tei
112 1472 279 1540 Ιἐπέδειξαν
291 1477 316 1532 ol
330 1472 534 1554 προειρημένοι,
556 1475 620 1530 ὅπου
645 1469 679 1529 th
697 1467 824 1544 κειμήλια

57 1563 241 1641 παραδιδόασιν
255 1561 309 1621 ὑπὸ
331 1562 448 1641 μάρτυσι
464 1567 517 1627 τοῖς
531 1562 677 1636 δικασταῖς,
697 1553 823 1616 Στουδίου

882 829 1011 887 muniret
1021 826 1136 906 Ιοαππὶ
1148 875 1157 904 ‚
1169 829 1273 886 domus
1286 830 1348 908 ejus
1368 829 1542 906 publicetur.
1557 833 1622 890 Post

880 915 1056 992 Palladium,
1083 918 1218 978 advenere
1234 919 1386 978 Germantu
1406 920 1547 1001 presbyter
1570 941 1623 979 una

879 1009 1623 1092 cumCassianodiacono,quierantepertihusJoannis,

882 1099 936 1157 viri
952 1101 1090 1181 religiosi,
1104 1102 1195 1162 literas
1206 1101 1289 1161 totius
1303 1101 1367 1161 cleri
1380 1103 1491 1163 loannis
1503 1103 1624 1164 redden-

881 1203 935 1250 tes:
949 1194 1049 1270 quibus
1063 1195 1185 1254 scribunt
1198 1193 1346 1253 Ecclesiam
1366 1194 1487 1275 ipsorum
1503 1197 1560 1256 vim
1578 1211 1624 1256 at·

878 1305 929 1361 que
944 1285 1114 1366 tyrannidem
1127 1307 1356 1367 perpessamesse,
1367 1289 1487 1367 ipsorum
1496 1288 1623 1370 episeopo

880 1376 991 1437 militari
1004 1399 1087 1438 manu
1103 1381 1199 1460 ejecto,
1220 1393 1303 1457 atque
1316 1378 1343 1438 in
1361 1379 1489 1439 exsilium
1502 1394 1561 1440 acto
1576 1402 1624 1461 prr

881 1467 1022 1528 factionem
1050 1471 1160 1540 Aeacii,
1185 1472 1285 1531 Beroeae
1307 1469 1445 1551 episcopi,
1475 1470 1624 1552 Theophili

881 1559 1069 1639 Alexandriae,
1085 1562 1210 1621 Antiochi
1226 1561 1427 1634 Ptolemaidos,
1443 1575 1469 1621 et
1481 1564 1619 1624 Senecioni

56 1656 162 1736 ἐπάρχου
176 1656 301 1729 πόλεως,
323 1654 369 1714 καὶ
391 1655 558 1733 Εὐτυχιανοῦ
572 1655 626 1710 τῶν
640 1647 824 1728 πραιτωρίων,
842 1655 861 1702 Ε
880 1653 1061 1715 Gabalorum.
1087 1656 1190 1714 Interea
1211 1654 1384 1714 breviculum
1403 1654 1524 1735 praedicti
1550 1657 1623 1716 Ger·

56 1749 91 1805 καὶ
101 1747 230 1806 Ἰωάννω
241 1740 363 1825 κόμητοςΙ
372 1747 522 1824 θησαυρῶν,
532 1743 577 1801 καί
590 1740 740 1802 Eteoclen
752 1738 825 1798 κοαί-

56 1863 155 1917 παρος,
176 1838 226 1898 καλ
236 1844 249 1870 ⁸
262 1837 454 1917 ταὸελλαρίου,
474 1836 501 1894 ἔν
513 1858 542 1894 τι
555 1837 646 1915 χρυσῷ
658 1831 705 1893 καλ
720 1830 825 1912 ἀργύρῳ

56 1932 93 1989 καὶ
112 1930 235 2010 ἀμφίοις,
250 1927 464 2009 ἂποτριψάμενοι
477 1933 523 1986 τοῦ
537 1925 682 1987 ἐπισκόπου
699 1922 824 1983 ’Ἰωάννου

55 2023 94 2095 τίν
110 2021 303 2099 συκοφαντίαν.
326 2019 403 2080 hierli
421 2019 526 2086 τούτους
540 2009 603 2090 ἦλθε
624 2015 778 2094 Δημήτριος
793 2018 824 2074 ἐκ

56 2118 175 2199 δευτέρω,
189 2121 206 2174 ὁ
219 2115 365 2182 ἐπίσκοπος
380 2112 573 2186 Πισινούντων,
587 2108 759 2191 περιδραμὼν
774 2109 822 2181 τὴν

56 2211 188 2280 άνατολήν,
204 2208 252 2267 καλ
268 2206 382 2288 κηρύξας
395 2205 445 2278 τὴν
458 2202 601 2281 Ῥωμαίων
622 2198 760 2261 κοινωνίαν
774 2199 822 2272 τὴν

56 2307 110 2379 πρὸς
124 2303 167 2361 τδν
186 2300 334 2363 ἐπίσκοπον
348 2297 473 2369 Ἰωάννην
496 2295 564 2374 μετὰ
585 2292 751 2374 γραμμάτων
776 2298 822 2351 τοῦ

55 2396 124 2453 κάτα
140 2391 327 2464 Ἰννοκεντίου,
345 2388 460 2468 ἐνεγκὼν
473 2387 518 2447 καί
536 2386 685 2466 γράμματα
702 2389 754 2444 τῶν
769 2384 823 2444 tet

10 2473 35 2525 Ἰ·
55 2486 147 2567 ίίαρίας
168 2483 337 2556 ἐπισκόπων,
358 2481 425 2542 ὅπου
443 2479 606 2548 ἀσπάζονται
626 2477 675 2550 τὴν
698 2476 822 2537 Ἰωάννου

55 2580 195 2652 κοινωνίαν,
215 2577 264 2637 καί
286 2579 339 2635 τῶν
361 2574 415 2634 ἀπὸ
439 2570 600 2652 Ἀντιοχείας
623 2569 820 2651 πρεσδυτίρων,

880 1766 975 1806 manus
1001 1762 1037 1806 ct.
1055 1747 1199 1806 Cassianus
1220 1745 1408 1822 ostenderunt,
1429 1768 1482 1825 quo
1506 1747 1622 1828 pretiosa

879 1858 942 1896 vasa
965 1837 1133 1898 tradiderant
1154 1860 1245 1897 coram
1262 1837 1420 1918 jndicibus,
1437 1838 1534 1898 Studio
1552 1860 1622 1920 prae·

878 1930 947 1990 fecto
967 1931 1070 2005 Urbis,
1084 1945 1110 1991 et
1135 1930 1310 2012 Eutychiano
1334 1931 1458 2011 prefecto
1480 1931 1620 2004 Praetorii,

878 2040 904 2085 et
931 2028 1033 2087 Joanue
1061 2025 1157 2097 comite
1188 2025 1396 2096 thesaurorum,
1426 2038 1452 2084 et
1479 2026 1622 2085 Eustathio

878 2130 1026 2195 questore,
1048 2137 1080 2174 ac
1108 2115 1266 2190 tabulariis,
1293 2114 1321 2172 in
1347 2135 1435 2189 auro,
1464 2130 1575 2194 argento
1596 2131 1623 2177 et

878 2208 1018 2284 vestibus,
1035 2207 1197 2267 calumniam
1217 2229 1233 2266 a
1253 2208 1357 2267 Joanne
1380 2206 1506 2288 episcopo
1529 2205 1623 2289 depel-
1669 2279 1673 2285 ,
1706 2281 1710 2292 ἱ

877 2295 969 2359 lentes.
990 2300 1054 2358 Post
1077 2299 1138 2358 illos
1154 2297 1244 2358 denuo
1263 2299 1337 2358 venit
1358 2299 1530 2377 Demetrius,
1554 2301 1621 2361 Pisi·

878 2391 969 2450 nentis
996 2392 1161 2472 episcopus,
1190 2390 1237 2468 qui
1261 2390 1400 2451 Orientem
1426 2406 1619 2470 percurrerat,

878 2484 1024 2565 praedicans
1039 2488 1221 2545 Romanorum
1233 2478 1449 2543 communionem
1460 2503 1522 2542 euru
1536 2486 1620 2545 Joan·

876 2597 910 2635 ne
920 2577 1064 2658 episcopo,
1079 2577 1191 2636 ostensis
1200 2597 1276 2657 papae
1291 2577 1437 2635 Innocentii
1461 2575 1567 2654 literis,
1582 2579 1621 2636 af-

54 2673 110 2732 teu
123 2675 294 2733 ἐπισπῶνται
316 2665 366 2739 vhe
388 2671 441 2725 τῶν
454 2663 597 2741 Ῥωμαίων
620 2661 740 2729 εὐταξίαν
747 2655 760 2735 ‚i
776 2660 822 2719 κοί
840 2674 857 2719 F
877 2671 962 2729 serens
984 2670 1111 2750 epistolas
1131 2670 1166 2729 ab
1189 2669 1321 2749 episcopis
1339 2668 1442 2740 Caria,
1464 2669 1564 2747 quibus
1577 2669 1620 2728 illi

55 2766 223 2846 ἀποδύρονται
246 2760 296 2830 τὴν
325 2755 478 2840 Πορρορίοο
497 2755 676 2836 χειροτονίαν,
700 2752 821 2830 ilicum<
876 2762 988 2823 loannis
999 2761 1215 2822 communionem
1226 2761 1452 2841 complectuntur,
1464 2761 1620 2840 atquealias

55 2859 93 2915 καὶ
108 2855 219 2920 ἀνοσίως
233 2852 424 2933 γεγενημένην·
442 2851 507 2907 Μεθ’
523 2845 567 2914 οὓς
580 2845 680 2912 πάντας
696 2844 821 2916 ἐλήλυθεν
876 2878 891 2915 a
907 2856 1071 2937 presbyteris
1086 2854 1253 2926 Antiochiae,
1268 2852 1366 2931 quibus
1381 2856 1564 2913 Romanorum
1578 2852 1621 2913 di-

55 2946 249 3028 δτρισδύτερος
259 2941 429 3021 Δομετιανὸς,
438 2939 575 3017 οἶκονόροι
586 2942 634 3009 τῆς
648 2937 822 3000 Κωνοοονοῑ·
877 2948 1019 3031 sciplinam
1034 2962 1196 3027 sequuntur,
1210 2960 1237 3005 et
1257 2944 1399 3026 deplorant
1413 2945 1559 3027 Porphyrii
1571 2967 1618 3005 or·

56 3027 821 3108 νωπυλιτῶνἘννλησίοι,νοί’οὖολλογᾶττνι,πρεο6ύ·
834 3074 858 3112 ,2
875 3040 1040 3100 diuationcm
1063 3042 1161 3120 saetam
1183 3053 1274 3098 contra
1290 3039 1335 3118 jus
1355 3053 1381 3097 ct
1401 3039 1451 3099 fas.
1466 3041 1530 3098 Post
1550 3061 1619 3118 quos

56 3157 119 3213 τερος
129 3130 266 3201 Ννοῖὅῑοοι
278 3124 450 3205 δοηγοῦμῑοοο
462 3129 515 3183 τῶν
528 3122 711 3200 emmelim
726 3123 778 3178 τῶν
794 3124 820 3180 ἓν
839 3131 858 3175 Λ
876 3155 967 3193 omncs
988 3134 1062 3193 venit
1086 3133 1227 3214 presbyter
1251 3132 1439 3206 Domitianus,
1466 3135 1619 3193 (economus

57 3222 245 3302 Μεσοποταμία
257 3221 303 3279 τὸν
316 3217 439 3298 δδυρμδν,
454 3215 585 3281 ἐπιδόντες
603 3214 648 3273 καί
662 3212 821 3291 ὑπομνήμα-

58 3316 228 3376 ταὈττάταυ
248 3312 319 3378 τινὸς
332 3310 467 3391 ἐπάρχου,
489 3306 554 3367 ύπου
568 3305 679 3382 κόσμιαι
698 3313 822 3383 γυκαῖκες

59 3411 178 3488 ἐκγίνους
196 3406 323 3477 ὑπάτων,
337 3405 447 3482 ἄγονται
466 3400 581 3479 δημοσίᾳ
592 3406 603 3431 ¹
615 3399 674 3478 ὄψει
689 3399 753 3478 πρὸς
774 3401 814 3457 αύ-

59 3501 103 3571 siu,
115 3501 233 3560 διῶιονοι
253 3501 303 3567 τῆς
315 3495 632 3556 Κωνσταντινουπολιτῶν
649 3489 822 3564 Ἐκκλησίοις,

59 3587 289 3672 ἀναγισζόμεναιῆ
302 3589 463 3657 κοινωνῆσαι
475 3582 644 3664 Ἀρσακίῳ,ἢ
658 3584 748 3640 δοῢναι
758 3581 822 3661 πρὸς

59 3686 181 3752 δινοιοσίας
204 3683 303 3764 λίτρας
323 3678 432 3760 χρυσίου
454 3682 511 3744 ταῖς
532 3683 692 3754 ταμειακαῖς
712 3674 820 3754 ψήφοις.

60 3779 114 3858 Περὶ
125 3778 155 3836 δὲ
166 3777 296 3847 ἀσκητῶν
310 3772 356 3832 καί
370 3769 507 3852 παρθένων
521 3768 548 3827 τί
559 3769 598 3827 δεῖ
613 3767 658 3827 καί
672 3766 773 3846 λέγεινι
788 3765 824 3825 οἵ·

59 3893 115 3938 τινες
127 3868 314 3929 ἐπεδείκνυντο
327 3863 422 3940 ξεσμδν
435 3865 555 3942 πλευρῶν
570 3861 614 3919 ἐπί
630 3858 706 3929 ξύλου
719 3859 765 3918 καί
779 3862 823 3918 αἰ-

877 3227 1002 3286 Ecelesiae
1024 3225 1345 3306 Constantinopolitanae,
1367 3237 1393 3283 et
1411 3224 1541 3304 Vallagas
1557 3226 1619 3304 qui-

876 3314 958 3391 dam,
972 3317 1113 3396 presbyter
1130 3315 1291 3385 Nisibenus,
1306 3335 1417 3373 narrans
1439 3314 1619 3373 monasterio-

877 3428 938 3466 rum
952 3430 1012 3485 quae
1024 3422 1087 3467 sunt
1106 3409 1132 3466 in
1147 3405 1341 3486 Mesopotamia
1356 3405 1529 3464 afflictionem
1547 3429 1553 3462 ε
1571 3407 1619 3484 qui

877 3501 961 3560 etiam
972 3501 1148 3560 reddiderunt
1159 3498 1251 3580 Optati
1262 3498 1403 3578 cujusdam
1418 3499 1535 3578 praefecti
1546 3513 1617 3570 acta,

878 3595 1018 3674 inquibus
1032 3595 1149 3655 honest-‘e
1165 3593 1291 3653 mulieres
1301 3614 1336 3651 ex
1350 3613 1445 3672 genere
1458 3594 1617 3659 consulum,

877 3686 1033 3748 diaconissae
1043 3687 1169 3747 Ecclesiae
1180 3684 1480 3766 Constantinopolitanae
1491 3729 1500 3760 ‚
1515 3685 1543 3744 in
1553 3707 1619 3745 ocu·

878 3781 912 3840 lis
926 3782 1019 3863 populi
1033 3780 1067 3840 ad
1080 3801 1141 3839 eum
1156 3778 1305 3852 ducuntur,
1318 3791 1415 3865 coactae
1430 3791 1478 3837 artt
1492 3798 1619 3865 commu-

878 3875 968 3934 nicare
978 3876 1096 3948 Arsacio,
1106 3886 1152 3933 aut
1164 3872 1228 3931 hsce
1239 3869 1305 3929 dare
1314 3870 1443 3929 ducentas
1453 3870 1513 3928 auri
1527 3870 1619 3929 libras.

59 3961 167 4039 ’‘wll''
185 3961 277 4018 ὄντων’
300 3960 337 4025 eh<
361 3957 457 4033 μηκέτι
476 3954 678 4036 καρτερήσαντα
699 3951 744 4011 τὸν
767 3952 819 4011 πά·
840 3965 858 4012 Β
879 3975 920 4032 De
935 3967 1029 4028 ascetis
1043 3981 1068 4025 et
1080 3965 1233 4045 virginibus
1247 3963 1314 4042 quid
1333 3952 1426 4040 attinet
1440 3962 1557 4022 dicere?
1572 3965 1621 4041 qni

59 4079 101 4113 ταν
114 4052 306 4122 Ἰννοκέντιον,
320 4050 477 4108 ἀποστεῖλαι
489 4069 554 4126 προς
571 4070 617 4105 τον
631 4043 726 4114 ευσεὸἥ
746 4046 822 4121 βασι-

58 4147 97 4205 λέα
108 4144 253 4226 Ὀνύιριον,
267 4140 435 4209 ὑποτάξαντα
450 4141 518 4198 κατὰ
533 4138 611 4219 μέρος
631 4142 684 4196 τῶν
696 4135 823 4217 γραμμά-

58 4263 100 4298 τιον
109 4240 157 4312 τήν
170 4239 296 4313 δύναμιν.
308 4237 356 4294 Ἐν
367 4225 406 4299 οἷς
417 4237 552 4305 κινηθεῖσα
563 4234 642 4291 αὐτοῦ
654 4237 671 4304 ἡ
689 4229 821 4297 εὐσέύεια,

60 4334 193 4410 reperisset
209 4328 318 4390 σύνοδον
332 4329 543 4406 συγκροτηδῆναι
562 4328 615 4382 τῶν
636 4323 764 4393 δυτικῶν,
779 4320 824 4380 καί

14 4408 40 4461 ²⁹·
61 4430 123 4503 κοινῇ
146 4422 212 4500 μίαν
235 4417 419 4498 ἐξενιγκάντας
439 4419 527 4496 ψῆφον
548 4418 695 4495 ἀνενεγκεῖν
713 4415 757 4474 ἐπὶ
775 4411 824 4486 τὴν

63 4519 127 4576 rhet
141 4514 288 4576 εύσεύείαν.
298 4511 405 4578 Οίτινες
419 4509 558 4570 ἐπίσκοποι
573 4512 619 4580 τῆς
632 4508 749 4574 Ἰταλίας
763 4531 825 4566 συν-

64 4619 182 4696 αγδίντες,
193 4616 383 4695 παρακαλοῦσι
397 4612 441 4671 τὸν
463 4610 575 4691 βασιλέα
589 4611 691 4692 γράψαι
709 4614 747 4690 τῷ
765 4612 824 4669 ίαν·

66 4725 101 4778 τοῖι
122 4722 225 4799 ἀδελφῷ
241 4715 289 4777 καί
304 4713 466 4794 συμάασιλεῖ
481 4710 621 4792 Ἀρκαδίην,
635 4709 783 4792 προστάξαι
797 4712 824 4769 ἐν

878 4061 1052 4125 ostendebant
1070 4059 1173 4118 sulcata
1194 4056 1277 4115 latera
1294 4056 1322 4116 in
1345 4056 1436 4114 eculeo
1450 4070 1476 4114 et
1497 4056 1524 4115 in
1546 4069 1621 4136 tergo

879 4157 1021 4219 verberum
1035 4153 1165 4212 notaslta
1178 4165 1207 4208 ut
1219 4166 1271 4208 n'on
1280 4151 1397 4229 amplius
1407 4149 1539 4208 sustineus
1551 4172 1622 4230 papa

878 4246 1064 4319 Innocentius,
1080 4244 1182 4303 miserit
1198 4242 1235 4301 ad
1256 4242 1332 4323 pium
1356 4244 1546 4322 Imperatorem
1567 4246 1621 4303 ilo·

879 4341 1001 4411 nerium,
1027 4334 1273 4417 singillatim-qnid
1298 4335 1397 4393 ferrent
1419 4334 1541 4414 epistolae
1567 4335 1621 4394 illae

880 4436 1053 4514 snbjungens.
1075 4428 1184 4503 Quibus
1208 4439 1326 4506 permota
1346 4427 1405 4506 ejus
1421 4426 1506 4507 pietas
1516 4471 1525 4500 ,
1543 4426 1622 4505 jnltet

881 4525 1088 4589 occidentalium
1102 4519 1245 4602 Synodum
1258 4519 1334 4598 cogi,
1350 4532 1377 4578 et
1396 4534 1524 4577 eumuna
1538 4518 1622 4578 simul

880 4619 1036 4677 sententiam
1047 4611 1184 4683 tulissent,
1196 4629 1254 4667 earu
1269 4606 1303 4666 ad
1315 4628 1391 4666 snam
1403 4607 1530 4687 pietatem
1541 4607 1623 4666 refer-

879 4726 917 4765 re.
933 4703 989 4779 Qui
1003 4699 1112 4780 quidem
1122 4697 1239 4779 episcopi
1255 4696 1340 4756 ltaliae
1354 4696 1526 4775 congregati,
1543 4707 1623 4754 orant

94 4971 102 4993 ν
117 4956 212 5020 [τούτου
224 4950 414 5015 inseritGeorg.
428 4957 506 4998 recte.
519 4948 550 4997 In
562 4947 678 5012 proxima
689 4946 813 4997 sententia
863 4952 982 5010 πτάμεναι,
993 4954 1083 5005 nempe
1096 4945 1126 4991 ret
1137 4936 1266 5003 sareptha-l

75 5033 157 5083 terbum
167 5030 267 5101 aliquod
280 5026 452 5095 supplendum
465 5025 573 5089 ridetur,
587 5025 656 5076 velut
667 5023 813 5094 ἐπέστησαν]

100 5112 112 5150 t
125 5112 247 5179 ίῖιιιναξαν
257 5111 355 5178 legerat
373 5107 467 5173 Georg.
480 5106 579 5155 rectius.
596 5103 669 5155 Idem
682 5120 742 5155 mox
754 5119 815 5158 ετα-

78 5193 113 5240 bu
126 5209 166 5254 pro
175 5186 298 5259 recedes-l

103 5281 112 5305 ‘
127 5265 225 5339 ίῧοοῐς.
239 5273 403 5339 ταόαυλκμίοιν
414 5276 487 5318 τινῶν.
501 5262 561 5314 Post
570 5269 662 5334 άμρίοις
671 5259 753 5316 intell.
767 5284 818 5316 συν-

896 5025 908 5062 f
925 5020 1063 5087 [Georgius
1074 5011 1239 5082 ούαλάγασοςψ

897 5116 909 5141 ¹
925 5098 1048 5165 Georgius
1058 5106 1106 5166 ter.
1124 5090 1219 5161 [Apud
1230 5089 1308 5143 Savil.
1324 5097 1346 5143 le
1361 5093 1446 5158 ίσπίρᾳ
1461 5089 1622 5156 patricidio!
1712 5079 1714 5082 ⁵

866 5178 933 5230 idem
945 5194 977 5247 τῷ
986 5177 1073 5240 ίττικῷ
1084 5191 1130 5240 pto
1140 5171 1281 5240 iprensem
1290 5166 1365 5234 paulo
1372 5178 1431 5234 post
1440 5167 1536 5217 omittit
1545 5164 1622 5238 πρὸς]

902 5259 914 5298 ²¹
932 5256 1004 5309 Idem
1015 5267 1097 5310 νοῖτοιν.
1112 5255 1119 5322 ψ
1128 5247 1231 5317 Recte]
