3750 6052
285 681 351 769 164

278 830 374 909 lupos,
392 825 440 905 qui
462 823 576 906 pneuma
596 821 774 904 episcopalem
788 821 879 883 sedern
896 819 1024 883 invadere

282 918 429 979 tentabant.

751 698 781 745 8.
809 698 951 746 toanltts
977 696 1208 745 cuotsostoatt
1234 696 1328 757 virt,

1076 820 1208 898 solvisse,
1220 820 1300 880 talem
1334 840 1391 881 esse
1405 816 1625 879 consuetudinem
1643 826 1800 899 putantes,
1811 826 1839 877 et

1074 934 1147 971 nrrne
1160 933 1252 985 orare,
1263 912 1286 971 si
1304 914 1344 971 las
1361 926 1449 973 umen
1468 924 1545 985 esset,
1558 911 1587 971 in
1601 908 1741 971 Ecclesia
1750 908 1840 968 mini·

183 1032 267 1077 tuno.
317 1015 433 1075 Joannes
446 1022 534 1070 noster
547 1022 611 1067 tunc
623 1006 699 1087 gravi
711 1020 768 1066 crat
777 1006 900 1089 corporis
909 1006 1025 1065 infirmi·
1076 1007 1157 1064 sterio
1168 1006 1287 1079 serrari3
1304 1005 1346 1064 sin
1366 1005 1465 1075 minias,
1482 1017 1513 1063 nt
1525 1022 1635 1079 aurum,
1650 1000 1734 1080 quod
1748 1002 1841 1061 solue-

126 1162 171 1195 llel'
183 1170 206 1196 tn

125 1216 255 1259 astamus-
279 1194 374 1255 itincre
389 1212 493 1272 arguam
510 1206 631 1250 avertere
650 1211 727 1270 posse
750 1190 913 1266 videbatur,
929 1210 1026 1249 rernm

127 1278 192 1333 cipit.

280 1300 355 1345 tanto
380 1284 426 1343 ille
447 1283 587 1361 religionis
606 1280 696 1341 studio
719 1282 872 1359 flagrabat,
887 1295 916 1341 ut
935 1282 1025 1341 omnia

279 1376 452 1458 posthaberet
466 1396 521 1454 quo
537 1387 576 1433 tot
592 1374 726 1451 tantisque
745 1375 825 1434 malis
843 1396 954 1433 maurim
971 1398 1029 1436 nro·

280 1468 372 1529 dicam
393 1469 490 1526 afferre
505 1479 628 1525 tentaret.
645 1469 739 1545 Neque
762 1468 833 1526 enim
848 1467 949 1548 Ephesi
967 1483 1029 1528 tan-

281 1573 359 1636 turn,
370 1559 417 1618 sed
438 1558 519 1617 etiarn
533 1558 560 1616 iu
575 1557 637 1617 aliis
650 1580 705 1617 non
720 1560 813 1639 paucis
828 1560 896 1618 Asiae
909 1560 1029 1621 civitati-

282 1651 396 1732 busipsi
407 1650 538 1731 episcopi,
547 1663 683 1728 pastorum
698 1651 806 1710 nomine
818 1652 886 1711 salso
898 1653 1030 1735 insigniti,

282 1742 439 1802 Christiano
452 1742 527 1821 gregi
545 1741 643 1802 minna
659 1742 807 1801 inserebant
820 1745 969 1804 innumera.
981 1744 1032 1805 llis

282 1856 410 1895 accensus
428 1834 457 1893 i'n
482 1833 575 1893 navim
599 1833 761 1913 ingreditur.
784 1838 888 1895 Verum
907 1837 1032 1897 seviente

285 1928 431 2007 aquilone,
446 1948 507 1985 cunr
521 1939 668 1985 metuerent
684 1940 772 1985 nauta
785 1948 819 1986 ne
840 1927 868 1986 in
881 1928 1033 1987 Proconne-

287 2043 348 2080 sum
360 2022 537 2101 ejicerentur,
548 2020 635 2100 posito
648 2020 722 2095 velo,
737 2021 859 2080 Tritonis
878 2036 1033 2102 promonto-

282 2113 357 2173 rium
370 2112 624 2195 praetervehuntur,
638 2124 666 2171 ct
679 2111 718 2171 ibi
726 2112 941 2193 jactisanchoris
951 2134 1034 2174 man-

284 2218 388 2281 serum,
394 2218 517 2265 austrum
532 2218 715 2285 exspectantes
729 2218 760 2263 ut
770 2208 918 2286 Apameam
938 2206 1034 2287 appel-

281 2296 375 2358 lerent.
390 2299 460 2357 Cum
475 2319 538 2379 ergo
553 2295 669 2356 biduum
687 2297 774 2377 jejuni
797 2299 992 2378 perstitissent,
1005 2299 1033 2357 in

281 2390 407 2450 navicula
418 2389 521 2469 agitati,
532 2390 609 2448 tertia
624 2387 669 2447 die
679 2392 826 2469 Apameam
837 2390 978 2469 appulere,
985 2389 1032 2448 nbi

281 2485 414 2545 Joannem
433 2495 555 2542 nostrum
573 2480 764 2562 exspectabant
783 2479 1033 2563 Paulos,Cyrinus

284 2590 311 2634 et
331 2574 478 2634 Palladios.
493 2574 549 2633 llos
572 2573 644 2633 enim
667 2573 719 2630 viae
744 2573 855 2633 comites
872 2588 1034 2634 assumserat

286 2666 510 2746 chrysostomus,
520 2662 688 2744 pedibusque
701 2666 821 2724 conlecto
832 2665 927 2724 itinere
940 2666 1033 2747 Ephe·

284 2778 346 2816 sum
369 2755 542 2836 perveniunt.
558 2756 594 2815 Et
618 2756 786 2835 congregatis
810 2756 925 2835 Lydiae,
943 2759 1033 2833 Asiae,

285 2862 366 2927 atque
378 2847 464 2907 Cariae
474 2848 607 2928 episcopis
620 2869 733 2907 nurnero
752 2853 931 2931 septuaginta,
942 2851 978 2911 dc
989 2872 1034 2911 ot·-

284 2936 472 2998 dinationibus
499 2939 629 2998 faciendis
651 2941 742 2999 statim
766 2956 855 3001 aetum
877 2958 926 3003 cst.
951 2943 1035 3004 blulti

286 3045 351 3090 trine
364 3030 546 3106 advenerant,
561 3031 734 3111 maximeque
748 3054 781 3092 ex
796 3034 968 3115 Phrygibus,
980 3056 1034 3095 uno

289 3123 419 3184 audiendi
434 3123 621 3205 chrysostomi
634 3124 725 3183 studio
738 3127 863 3205 permoti,
877 3141 934 3186 tum
945 3128 1034 3187 maxi·

286 3228 332 3275 tne
353 3218 412 3296 ejus
432 3217 562 3296 sapientia
584 3216 694 3275 fruituri
711 3260 720 3292 ,
737 3238 799 3276 cum
820 3218 928 3278 afflictis
954 3221 1035 3280 rebus

247 3309 253 3320 '
287 3308 415 3370 Asiaticis
426 3352 435 3382 ,
446 3321 471 3366 ct
490 3329 505 3366 a
524 3309 617 3368 maltis
635 3310 681 3387 qui
703 3309 802 3368 zizania
816 3310 984 3371 inseruerant
1006 3313 1034 3371 in

286 3398 446 3459 deteriorem
457 3412 558 3459 statum
573 3399 692 3459 ruluetis
707 3425 713 3458 :
729 3422 791 3459 narn
803 3403 980 3482 profluentem
995 3406 1034 3485 pii

286 3488 404 3551 doctoris
426 3490 606 3570 eloquentiam
627 3494 707 3553 tantis
728 3494 808 3555 malis
824 3496 950 3557 solatium
969 3499 1035 3558 elle-

288 3597 389 3644 rentem
400 3584 541 3664 excepturi
552 3599 640 3647 crant.

157 3696 241 3741 nattis.
252 3713 276 3756 p.
326 3677 430 3736 Interea
443 3677 553 3737 accessit
567 3676 702 3737 Eusebius
714 3679 761 3739 illc
770 3682 1035 3766 Valentinianopoli-

142 3758 195 3805 ¹³⁵·
211 3758 261 3807 ¹³⁶·
288 3778 368 3826 tanus
378 3766 533 3848 episcopus,
554 3766 654 3847 dequo
667 3770 786 3848 plurima
801 3772 924 3833 diximus
938 3796 1034 3855 supra,

290 3858 338 3936 qui
351 3879 400 3917 sex
416 3859 554 3938 episcopos
563 3859 632 3917 alios
645 3865 804 3937 accersebat,
815 3863 851 3921 ad
864 3867 1037 3927 Communio·

291 3969 352 4007 nem
365 3947 474 4006 admitti
493 3968 598 4025 rogans.
608 3951 707 4009 Contra
717 3972 781 4010 vcro
791 3954 904 4029 quidam
919 3956 1037 4039 episcopi

294 4059 348 4097 non
361 4037 560 4096 admittendum
571 4039 697 4099 dicebant
708 4084 716 4111 ‚
732 4055 824 4122 utpote
835 4045 1037 4125 sycophantam.

293 4130 388 4207 Pergit
405 4129 452 4187 ille
474 4129 653 4208 supplicans,
667 4132 730 4209 qnia
750 4133 808 4211 jam
831 4133 940 4196 hiennio
960 4160 1037 4201 eausa

294 4221 447 4280 examinata
459 4265 468 4290 ,
479 4233 506 4278 et
517 4241 570 4279 non
590 4219 796 4282 advenientibus
808 4226 920 4285 testibus
934 4228 1040 4310 longios

297 4324 418 4371 extracta
430 4313 537 4386 luerat,
551 4325 582 4370 ut
597 4325 676 4371 testes
687 4314 872 4394 producantur
887 4341 894 4374 t
910 4322 958 4379 etsi
969 4327 1039 4385 enim

297 4403 466 4474 Antoninus,
479 4402 528 4481 qui
542 4424 668 4462 nummos
681 4421 818 4484 acceperat
839 4422 871 4467 ut
888 4411 1038 4488 ordinaret,

295 4493 353 4572 jam
368 4509 491 4554 mortuus
507 4507 573 4568 erat,
583 4515 721 4575 superesse
734 4509 821 4557 umen
832 4521 888 4573 eos,
900 4503 946 4580 qui
960 4525 1038 4584 pecu.

300 4584 347 4642 nia
364 4585 426 4644 data
441 4584 558 4644 ordinati
574 4586 687 4644 lucrant.
700 4588 826 4667 Synodns
841 4612 906 4651 vero
917 4615 972 4654 mm
983 4619 1041 4677 per·

303 4675 464 4751 quirendam
485 4697 542 4735 esse
564 4677 677 4736 censuit.
696 4679 788 4739 Primo
811 4682 878 4742 lecta
892 4701 955 4747 sunt
968 4705 1040 4766 acta3

305 4764 418 4844 ingressi
432 4779 582 4825 sunt-testes
590 4794 598 4841 3
613 4788 714 4827 necnon
736 4792 783 4832 sex
799 4773 858 4847 illi,
870 4775 917 4854 qui
931 4783 1041 4858 pecunia

307 4854 493 4914 dataordinati
508 4856 621 4917 fuerant.
636 4859 674 4918 Et
686 4860 763 4922 initio
773 4865 882 4943 quidem
897 4872 1040 4950 negabant;

313 4943 472 5005 instantibus
485 4966 550 5006 vcro
570 4949 700 5025 testibus,
714 4975 828 5030 qnorum
848 4958 959 5037 quidam
981 4963 1042 5027 laici

311 5048 396 5105 erant,
408 5048 434 5093 et
452 5034 563 5115 quidam
584 5038 749 5119 presbytcri,
763 5045 862 5121 quibus
883 5070 940 5110 rem
959 5057 1045 5114 consr-

311 5125 402 5185 denter
422 5126 556 5207 aperuisse
569 5128 749 5210 videbantur,
766 5156 866 5197 necnon
887 5142 1044 5206 mulieribus

312 5214 458 5289 nonnullis,
472 5236 532 5293 quae
553 5230 578 5275 ct
601 5219 741 5298 pignorum
760 5246 806 5283 scu
829 5250 970 5292 munerum
984 5257 1045 5315 spe-

312 5304 391 5377 ciem,
406 5319 431 5363 et
449 5305 507 5363 loca
531 5318 694 5393 ct'ternpmra
713 5328 738 5371 et
760 5320 936 5392 quantitatem
946 5327 1047 5387 indica·

312 5394 386 5466 bant,
400 5396 561 5455 reclamante
571 5397 633 5456 itcm
645 5404 817 5479 conscicntia,
834 5411 921 5490 ultro,
932 5437 978 5476 nec
991 5441 1048 5479 ma·

309 5486 364 5566 jori
376 5487 532 5548 necessitate
544 5491 683 5569 compulsi,
695 5498 806 5557 confessi
820 5518 881 5562 sumt
891 5526 918 5565 se
935 5529 1043 5572 munera

126 1091 241 1165 .⁰¹¹¹l⁵⁰⁸¹·
282 1118 336 1164 tate
359 1100 621 1173 detentus,liiherna
637 1120 745 1177 quoque
765 1112 1026 1179 tempestasatautn
1078 1098 1212 1171 rant‚silri
1227 1096 1381 1157 redderetur
1395 1121 1402 1154 t
1415 1096 1526 1177 quidam
1540 1096 1613 1155 enirn
1628 1114 1668 1155 ex
1686 1093 1750 1154 illis
1765 1114 1842 1152 uxoo

1079 1211 1139 1250 rum
1156 1189 1348 1269 supellectilem
1359 1189 1500 1250 dederant.
1514 1191 1588 1249 Tum
1603 1189 1732 1250 ,loannes
1749 1184 1843 1265 Chry·

1079 1296 1212 1341 sostomns
1226 1304 1241 1341 e
1257 1304 1284 1341 re
1309 1284 1368 1341 sore
1385 1282 1437 1341 sibi
1461 1280 1547 1340 rideri
1568 1278 1644 1339 dixit
1658 1278 1711 1345 ,si
1732 1276 1844 1358 jubent

1079 1373 1211 1455 synodus
1220 1374 1298 1433 reddi
1314 1376 1368 1434 illis
1381 1396 1478 1434 aurum
1493 1374 1529 1433 ab
1542 1371 1718 1435 heredibus.
1736 1372 1844 1447 Praee-

1081 1472 1122 1547 pit
1143 1486 1209 1545 crgo
1234 1467 1382 1546 synodus,
1407 1482 1437 1527 nt
1461 1466 1502 1526 illi
1524 1478 1617 1525 contra
1648 1462 1729 1541 leges
1749 1483 1844 1523 saca-as

1081 1559 1197 1619 ordinati
1223 1581 1319 1618 ararum
1341 1581 1422 1619 sunm
1447 1558 1594 1639 reciperent
1620 1556 1658 1615 ab
1678 1553 1844 1615 haeredibus

1083 1650 1211 1711 Antonini
1225 1695 1233 1723 ,
1247 1668 1273 1711 ct
1288 1650 1515 1711 communicarent
1528 1651 1598 1707 intra
1617 1648 1712 1707 altare
1731 1672 1740 1703 ι
1755 1659 1845 1707 essent

1081 1744 1237 1823 autemjam
1253 1765 1305 1803 non
1318 1743 1466 1803 sacculotes
1482 1787 1491 1818 ,
1506 1740 1551 1801 sed
1569 1762 1605 1801 ex
1626 1740 1843 1799 sacerdotibus:

1082 1838 1124 1896 Ne
1137 1836 1158 1895 si
1171 1837 1220 1895 ista
1231 1836 1447 1901 ‹onudcremus
1459 1856 1518 1893 mos
1538 1834 1617 1893 lieret
1637 1832 1786 1896 Judaicus
1798 1844 1847 1891 eut

1083 1930 1242 2010 Aigyptius,
1259 1929 1391 1989 recidendi
1410 1943 1491 2007 atque
1510 1926 1618 1988 emendi
1638 1926 1845 1987 sacerdotium.

1084 2021 1232 2080 Dicebatur
1248 2022 1321 2081 enim
1337 2021 1497 2083 lndaeornm
1514 2018 1708 2101 patriarcham
1729 2018 1848 2101 singulis

1085 2114 1174 2184 annis,
1184 2127 1228 2172 aut
1242 2134 1313 2173 anno
1325 2113 1471 2193 interjecto,
1482 2134 1496 2171 a
1507 2132 1657 2195 synagoga
1666 2112 1848 2193 principibus

1085 2205 1193 2277 mutari,
1207 2205 1244 2264 ad
1256 2204 1450 2265 corradendam
1461 2206 1618 2287 pecuniam.

1128 2296 1233 2355 llorurn
1256 2299 1377 2356 omnium
1405 2298 1546 2357 exstabant
1569 2312 1633 2357 acta
1662 2312 1695 2357 et
1717 2298 1847 2379 judicum

1087 2388 1195 2445 nomina
1208 2409 1256 2448 :ac
1276 2388 1324 2467 qui
1337 2390 1442 2448 lucrant
1463 2390 1598 2470 depositi,
1611 2388 1732 2477 synodi
1743 2382 1864 2472 judieio¹

1087 2479 1287 2559 acquiererent,
1302 2502 1425 2557 uncisque
1437 2502 1472 2541 ex
1491 2481 1545 2540 illis
1560 2482 1653 2541 lactus
1666 2498 1715 2543 est
1729 2484 1848 2563 negotio·

1087 2594 1149 2631 rum
1161 2572 1331 2653 publicorum
1341 2572 1473 2632 defensor.
1490 2575 1522 2632 ln
1539 2571 1747 2655 depositorum
1759 2589 1848 2635 atatem

1088 2662 1177 2723 loeuur
1190 2665 1286 2725 delecti
1302 2680 1364 2726 saint
1378 2666 1426 2724 alii
1440 2687 1492 2725 nou
1506 2667 1649 2745 conjugati
1662 2712 1672 2743 ,
1690 2668 1755 2729 vita
1769 2667 1849 2729 etdo·

1087 2758 1174 2816 ctrina
1189 2758 1285 2817 ornati.
1297 2757 1465 2817 Heraclidem
1478 2778 1543 2817 sero
1556 2758 1583 2817 in
1598 2760 1748 2821 Antonini
1762 2762 1862 2825 loenmr

1087 2849 1219 2929 Synodus
1235 2851 1373 2910 constituit
1384 2896 1394 2925 ,
1405 2850 1495 2909 siriam
1516 2850 1670 2930 encyclicis
1692 2854 1849 2937 disciplinis

1087 2942 1188 3022 optimc
1205 2943 1358 3003 institutum
1370 2987 1379 3019 ,
1393 2958 1420 3003 et
1441 2944 1469 3001 in
1483 2941 1589 3002 divinis
1605 2945 1773 3027 scripturis¹
1785 2948 1870 3041 μή(

1087 3046 1157 3102 tram,
1169 3036 1215 3113 qui
1231 3035 1258 3093 in
1268 3036 1633 3095 cremomonasticnmvitam
1643 3052 1758 3117 egerat,
1768 3032 1869 3120 etqui.¹

1087 3146 1136 3206 per
1149 3140 1202 3185 tres
1225 3148 1308 3186 annos
1326 3128 1456 3187 diaconus
1476 3129 1574 3187 luerat.
1595 3130 1754 3192 Palladius
1773 3136 1872 3206 ηοξ·

1088 3219 1134 3297 qui
1156 3217 1220 3278 huic
1240 3220 1352 3300 Synodo
1370 3219 1536 3295 interfuerat,
1548 3219 1622 3281 dicit
1643 3224 1791 3285 loannem
1804 3244 1849 3285 sex

1088 3310 1267 3391 episcopusin
1283 3310 1333 3369 hac
1351 3311 1452 3371 seilicet
1465 3312 1609 3392 provincia
1627 3326 1747 3375 tantum
1765 3316 1849 3398 depo·

1088 3403 1182 3475 scrisse,
1191 3418 1341 3462 nouantem
1353 3401 1500 3477 sexdecim,
1512 3415 1542 3461 ut
1555 3406 1755 3467 mentiebatur
1762 3408 1850 3469 Thoo-

1088 3495 1190 3575 philus,
1204 3496 1390 3575 chrysostomi
1403 3509 1543 3555 aecusator
1555 3509 1583 3556 et
1600 3496 1757 3563 inimicus.

1129 3587 1292 3648 sozomenus
1304 3608 1369 3647 vero
1388 3587 1456 3647 dicit
1479 3589 1571 3669 ipsum
1592 3590 1739 3653 tredecim
1753 3594 1849 3677 episoo
1863 3595 1865 3624 ¹

1089 3700 1138 3759 pos
1148 3678 1303 3759 deposuisse
1314 3680 1411 3759 partim
1423 3679 1450 3738 in
1462 3680 1548 3761 Lycia
1557 3692 1585 3741 et
1596 3681 1746 3764 Phrygia,
1754 3684 1849 3767 partim

1090 3773 1118 3831 in
1142 3771 1222 3847 Asia;
1237 3771 1273 3831 ita
1297 3785 1328 3831 ut
1351 3794 1415 3832 cum
1440 3786 1506 3833 teste
1530 3772 1665 3835 Palladio
1690 3790 1763 3839 tunc
1787 3800 1849 3861 pra·

1089 3876 1163 3925 sente
1183 3885 1232 3923 sex
1250 3864 1277 3922 in
1298 3863 1362 3923 Asia
1383 3864 1559 3946 deposuerit,
1576 3880 1692 3947 septem
1717 3870 1848 3930 etiamiu

1090 3956 1176 4037 Lycia
1189 3969 1216 4015 ct
1237 3954 1358 4036 Phrygia
1377 3976 1412 4015 cx
1429 3955 1541 4015 sedibus
1561 3957 1704 4021 moverit.
1716 3960 1849 4022 lutea-hos

1090 4062 1181 4109 autem
1202 4048 1364 4107 Gerontium
1383 4047 1621 4111 Nicomediensem
1635 4052 1806 4137 episonpum
1818 4072 1848 4113 cx

1091 4140 1154 4201 sede
1169 4138 1286 4221 expulit.
1301 4140 1352 4199 llic
1367 4154 1456 4201 autern
1467 4161 1529 4200 urm
1543 4140 1711 4207 Mediolani
1723 4146 1850 4207 diaeonus

1091 4247 1168 4305 esset,
1179 4254 1195 4292 a
1206 4235 1238 4293 S.
1248 4232 1529 4313 Ambrosioepisoopo
1543 4247 1576 4294 ut
1594 4256 1681 4299 sacro
1698 4238 1849 4301 minium

1091 4324 1220 4405 indignus
1229 4328 1361 4407 expulsus
1372 4328 1470 4386 luerat.
1484 4326 1555 4387 lliec
1569 4348 1638 4389 eum
1649 4332 1850 4393 Constantino·

1092 4417 1168 4500 polin
1190 4420 1315 4495 venisset,
1329 4434 1359 4479 ut
1372 4434 1429 4479 crat
1442 4420 1516 4480 valer
1528 4432 1556 4479 et
1568 4434 1703 4498 astutus,
1714 4444 1848 4505 quornm·

1091 4511 1157 4573 dam
1174 4532 1225 4590 oqre
1241 4511 1470 4572 Nicomediensem
1481 4511 1672 4594 episcopalem
1685 4516 1851 4580 sedemsde·

1093 4617 1159 4685 ptus
1167 4616 1217 4661 cst.
1231 4605 1271 4661 Re
1281 4618 1415 4684 comperta
1427 4604 1590 4664 Ambrosius
1602 4608 1747 4672 Nectario
1756 4610 1853 4695 cpiam·

1093 4716 1131 4775 po
1139 4694 1433 4776 Constantinopolitano
1446 4698 1554 4776 scripsit
1564 4740 1573 4772 ,
1583 4711 1619 4758 ut
1637 4702 1851 4767 Gerontinncx

1096 4774 1560 4869 episcopatigeadodejioucuilit
1570 4796 1853 4875 nonagesimum

1095 4892 1128 4937 ut
1145 4878 1306 4937 Gerontinur
1315 4879 1473 4959 deponeret;
1485 4879 1533 4939 sed
1543 4881 1652 4944 frustra
1663 4908 1778 4951 msere
1787 4908 1853 4951 eona

1100 4985 1160 5030 tus:
1170 4970 1313 5029 Gerontius
1330 4973 1401 5031 enim
1416 4970 1682 5039 Nicomediensibus
1703 4984 1791 5045 valde
1801 5002 1854 5064 gn·

1098 5076 1144 5121 tus
1158 5063 1355 5138 crat,quoniam
1365 5066 1390 5122 in
1407 5064 1540 5124 medicina
1552 5068 1678 5147 peritus,
1686 5074 1771 5137 illam
1781 5090 1854 5136 arte

1097 5151 1255 5225 exercebat,
1269 5175 1301 5210 ac
1313 5154 1471 5215 dexteritate
1489 5170 1515 5216 ct
1528 5158 1698 5243 sedulitate,
1711 5168 1805 5245 inquit
1815 5168 1855 5227 So·

1098 5262 1239 5316 zorncnus,
1247 5265 1308 5323 erga
1319 5268 1409 5306 omncs
1418 5270 1454 5307 cx
1465 5270 1552 5327 aquo,
1560 5264 1624 5313 mm
1631 5278 1854 5342 parsperesqoan

1099 5332 1352 5396 divitcsutcbatur.
1368 5342 1482 5399 Joanncs
1495 5362 1562 5402 vero
1576 5344 1667 5409 illum
1681 5352 1856 5438 deposcito

1102 5426 1132 5482 in
1155 5423 1244 5482 locum
1266 5428 1323 5505 ejus
1347 5430 1529 5512 Pansophium
1552 5430 1720 5523 ouliiavic,
1740 5448 1810 5522 Qu:
1824 5464 1857 5505 re

1105 5514 1355 5577 Nicomediensibus
1372 5521 1520 5583 admodum
1537 5526 1698 5611 displicuit
1740 5560 1792 5601 nee
1806 5556 1855 5599 sot!
