3750 6052
312 649 380 725 156
796 672 825 722 s.
849 672 993 725 ioannis
1017 672 1251 725 crrrssosnost
1275 672 1371 741 trra,

301 802 438 862 motinus·
458 797 496 859 sd
519 818 604 877 usque
622 798 786 878 martyrium
804 798 856 859 boc
874 800 1046 873 serebantur,
1100 798 1302 881 lleliquiecuss
1309 788 1863 883 tantoapparatspsodetooetotraas·

303 891 383 953 llnrii
402 892 472 971 ignei
495 890 641 969 imaginem
664 888 821 949 uidentibus
850 890 1044 953 exhibebant.»
1099 890 1175 953 tert
1605 964 1609 971 Ι

304 982 431 1043 Eudoxio
450 1004 514 1043 uero
533 1004 597 1041 curn
615 981 718 1041 bonore
736 1002 846 1063 magno,
862 982 952 1043 studio
967 998 1048 1063 atque
1140 978 1300 1059 loseqtuente
1314 978 1362 1041 die
1376 976 1450 1041 renit
1463 979 1614 1061 lmpesator
1634 1000 1704 1041 eum
1727 980 1860 1041 satellitio

302 1077 401 1157 pietate
415 1090 548 1158 martyres
566 1075 693 1135 comitata
709 1089 760 1147 est,
780 1075 854 1157 plebi
874 1076 1047 1149 intermixta,
1099 1090 1149 1131 suo
1167 1084 1311 1153 stlmagna
1331 1070 1453 1133 militum
1472 1090 1573 1148 manu,
1586 1092 1679 1151 quasa
1698 1072 1873 1151 exercitum¹

300 1190 364 1229 cum
387 1170 545 1229 satellitium
564 1188 644 1227 omne
660 1169 817 1244 amovisset,
831 1182 858 1228 et
871 1169 926 1227 sere
938 1190 1045 1228 omnem
1098 1172 1181 1221 votat
1196 1160 1409 1247 thsocunm
1423 1184 1433 1223 a
1447 1162 1639 1244 ingressusque
1658 1162 1691 1223 iss
1709 1158 1874 1225 eeclesism'

301 1261 365 1321 vite
380 1276 406 1321 et
418 1260 582 1321 conditionis
595 1260 805 1339 inaequalitatem
817 1260 966 1341 abjecisset.
978 1262 1047 1342 Ejus
1097 1254 1129 1317 S.
1148 1256 1263 1327 Thous
1286 1256 1414 1339 apostoli,
1432 1258 1523 1339 posito
1544 1252 1708 1319 diademate
1727 1254 1857 1319 &itum

299 1353 487 1413 assiduitatem
504 1353 677 1412 mirabantur
695 1366 722 1411 et
742 1351 843 1412 divites
859 1366 884 1411 et
902 1374 1044 1434 pauperes,
1099 1348 1240 1409 cultumct
1249 1346 1377 1411 honorem
1390 1362 1541 1431 martynum
1552 1348 1693 1429 deliquiis
1707 1350 1857 1431 prestitit:
1872 1352 1875 1360 '

300 1445 424 1505 uidentes
438 1447 515 1505 illam
530 1446 586 1505 sinc
601 1444 799 1507 intermissione
812 1467 859 1526 per
873 1458 978 1505 tantum
992 1447 1046 1505 uie
1097 1442 1277 1525 similiterque
1294 1442 1425 1505 satellites
1442 1444 1502 1524 ejus
1522 1464 1556 1503 ac
1575 1442 1695 1519 milites,
1720 1442 1856 1525 dqsositis

178 1570 184 1583 ·
299 1538 421 1618 spatium
443 1539 550 1609 ossibus
575 1535 769 1607 inhaerentem,
786 1558 835 1597 uec
858 1557 988 1616 umquam
1000 1537 1047 1596 de·
1098 1532 1204 1617 clypeis
1218 1546 1245 1595 et
1259 1534 1360 1595 lanceis
1373 1532 1408 1593 ad
1422 1550 1574 1617 martyram
1586 1532 1700 1595 mmsis
1713 1538 1856 1617 precaturi

301 1631 400 1690 lessam
415 1631 459 1690 uel
477 1630 650 1707 resilientem,
664 1628 711 1689 sed
730 1650 799 1688 arcae
819 1650 925 1709 semper
938 1627 1048 1689 adstan-
1097 1640 1275 1689 accesserunt.
1287 1627 1436 1707 Posteaque
1446 1624 1571 1688 discessit
1582 1646 1648 1687 eum
1658 1628 1856 1691 eomhstusne

302 1737 367 1783 tem.
1100 1718 1234 1781 Arcadius
1246 1720 1406 1801 Imperator,
1422 1740 1470 1781 nee
1487 1718 1610 1780 muciani
1624 1742 1697 1783 mcx
1719 1718 1856 1783 habende

342 1816 441 1897 Populi
463 1836 528 1875 vcro
547 1836 694 1875 concursus
714 1828 804 1875 tantus
819 1815 871 1874 luit
890 1836 996 1895 semper
1009 1816 1046 1875 ab
1098 1808 1220 1873 interfuit
1232 1830 1242 1872 r
1256 1810 1468 1893 chrysostomus
1481 1833 1544 1873 vero
1555 1812 1707 1875 homiliam
1718 1833 1802 1875 suam
1810 1814 1855 1875 di-

303 1909 372 1968 urbe
389 1908 425 1968 ad
441 1909 573 1990 Drypiam
589 1930 674 1987 usque
683 1953 692 1983 ,
708 1922 738 1967 ut
753 1929 815 1967 cum
829 1908 951 1967 llnminis
964 1908 1046 1967 tundis
1097 1902 1150 1965 xit.
1163 1906 1307 1985 Postquam
1325 1902 1434 1963 Arcadii
1455 1918 1486 1965 et
1497 1902 1620 1965 satellitii
1641 1906 1709 1987 ejus
1730 1904 1856 1989 pietatem

301 1999 409 2059 assidue
428 2001 600 2059 manantibus
620 1999 710 2080 ipsum
729 2014 867 2080 corapauct
882 2000 1047 2080 Clrrysosto-
1097 2008 1127 2057 at
1149 1994 1319 2079 martyribus
1346 1996 1497 2078 prestitum
1519 1994 1626 2057 tultum
1647 1996 1857 2082 desoeipserat,

302 2112 373 2151 murs.
386 2094 444 2152 Etsi
456 2106 546 2151 autem
561 2092 648 2150 media
665 2090 886 2169 noctelleliquiae
900 2112 961 2149 cum
975 2102 1046 2151 coets
1099 2108 1216 2169 pressas
1236 2086 1368 2149 seculum
1388 2108 1452 2149 cum
1475 2088 1569 2149 tuturo
1590 2090 1788 2171 comparavit,
1808 2090 1856 2152 hec

303 2198 358 2244 toto
371 2185 623 2266 prolectaeluccaut,
638 2183 744 2244 nonnisi
763 2183 932 2243 illucescente
948 2182 995 2244 dic
1010 2182 1046 2243 ad
1099 2176 1228 2240 brevest
1246 2180 1412 2243 laboriosum
1427 2198 1486 2241 essa
1502 2178 1609 2257 diceus,
1625 2180 1706 2243 illud
1726 2204 1816 2246 suase
1831 2200 1857 2245 et

236 2322 243 2329 .
302 2277 439 2358 Drypiarn
448 2290 609 2358 perventum
621 2291 676 2353 cst,
691 2293 749 2337 tum
761 2276 825 2355 quia
836 2276 942 2335 nonnisi
952 2275 1047 2337 lentis·
1099 2270 1249 2345 lofinlttffl,
1264 2272 1292 2332 ln
1306 2292 1362 2353 {¹¹0
1375 2272 1575 2335 immortalibus
1587 2272 1724 2337 fouemus·
1736 2278 1854 2340 coronis.

300 2368 370 2429 simo
383 2370 470 2449 gradu
483 2390 594 2450 pergere
611 2383 734 2451 poterant
746 2369 795 2447 qui
809 2368 914 2427 thecam
932 2382 959 2426 et
970 2368 1048 2427 llcli-
1102 2362 1227 2424 llominis
1238 2365 1265 2425 in
1275 2378 1347 2425 sucu
1359 2365 1432 2425 innoc
1438 2364 1518 2425 entiae
1527 2364 1698 2447 dignitatem
1711 2392 1856 2453 repressus

299 2462 378 2540 qnias
392 2464 543 2541 gestabant,
557 2475 615 2520 tum
631 2461 696 2540 quia
710 2460 859 2520 identidem
872 2458 989 2540 gradum
1003 2461 1046 2520 si·
1101 2468 1154 2532 tac
1165 2456 1212 2517 scd
1227 2456 1323 2539 probat
1335 2478 1384 2517 uos
1398 2468 1460 2541 pou
1473 2470 1613 2539 peccatum
1626 2458 1739 2523 ddami
1749 2462 1789 2525 sd
1798 2484 1856 2525 ns-

300 2567 371 2615 stcrc
383 2570 508 2614 oneratos
523 2575 555 2612 ac
570 2557 706 2631 quiescere
718 2574 788 2633 opus
799 2567 866 2611 crat.
1097 2546 1160 2627 jora
1179 2560 1288 2609 vocatos
1305 2548 1400 2608 liuisse.
1416 2549 1653 2625 humectiorem
1676 2552 1809 2617 futuram
1831 2556 1856 2617 in

342 2647 407 2706 Post
429 2647 577 2706 adrentum
598 2667 629 2704 ac
648 2645 844 2726 dqmsitioncm
858 2642 1046 2723 Reliquiarunr
1101 2640 1184 2701 veteri
1196 2642 1254 2723 lege
1262 2642 1377 2703 obscure
1387 2640 1534 2703 indicatam
1547 2634 1736 2727 hrisudhs'tg
1745 2648 1794 2713 ul
1803 2650 1856 2731 jan

301 2741 330 2801 in
348 2738 458 2799 ecclesia
480 2738 566 2797 sancii
580 2737 695 2799 Thomas
713 2736 743 2797 in
758 2735 875 2815 Dcypia,
892 2735 1046 2796 concionem
1100 2734 1191 2795 omnia
1205 2734 1284 2816 plana
1297 2748 1324 2795 ct
1337 2735 1481 2819 perspicus
1491 2754 1569 2811 asse,
1580 2734 1743 2821 mulfiqne
1757 2744 1856 2807 adisis

300 2830 511 2912 extemporalem
529 2830 625 2888 habuit
643 2830 857 2910 Chrysostomus
871 2826 971 2907 gaudio
985 2850 1046 2909 per·
1101 2828 1183 2889 linem
1197 2826 1374 2889 concionandi
1385 2826 1460 2889 tecit.

300 2924 377 2983 susus
391 2937 417 2982 et
429 2944 463 2982 ex
475 2921 631 3003 hujusmodi
646 2923 800 3001 spectaculo
811 2922 951 2980 attonitus.
966 2924 1045 2993 Quo·
1141 2920 1297 2983 Verisimile
1320 2934 1360 2981 est
1383 2920 1453 2981 inter
1474 2920 1525 2983 bss
1546 2920 1681 2983 homilias
1709 2920 1855 2989 duodecin

302 3015 376 3075 niam
388 3038 450 3075 uero
463 3015 510 3074 bic
524 3014 699 3074 concionandi
711 3014 809 3073 modus
821 3014 901 3093 longe
911 3015 1046 3097 discrepet
1100 3034 1161 3092 que
1172 3013 1209 3075 ab
1219 3034 1292 3074 seno
1304 3026 1426 3075 vertente
1439 3014 1501 3076 ow
1513 3012 1584 3076 ultra
1595 3014 1787 3085 rorum.
1796 3024 1855 3085 nri

301 3128 317 3165 a
330 3108 424 3167 ceteris
437 3107 576 3181 omuibus,
591 3128 659 3185 quos
672 3106 802 3167 hactenus
815 3107 952 3182 uidimus,
961 3104 1046 3191 hujus
1100 3106 1160 3167 599
1172 3105 1273 3167 habite
1284 3107 1409 3183 sumunt,
1419 3107 1489 3169 alias
1500 3128 1550 3169 nee
1564 3126 1671 3189 pstaoas
1684 3110 1855 3177 intumis-

300 3196 443 3255 exordium
457 3195 503 3254 bic
520 3216 655 3275 apponere
667 3194 756 3255 uisum
765 3209 805 3255 est
819 3220 826 3255 :
840 3194 938 3270 «Quid
951 3194 1044 3259 tlioem
1098 3216 1138 3269 se,
1152 3218 1214 3275 qum
1227 3196 1271 3257 sel
1285 3196 1400 3279 periere,
1416 3196 1461 3258 vel
1474 3197 1545 3259 intes
1557 3196 1649 3261 editas
1671 3204 1778 3285 posita
1795 3208 1854 3269 anui

301 3302 327 3348 et
348 3288 416 3367 quid
430 3288 543 3368 loquar?
556 3287 663 3346 exsulto
681 3300 707 3345 et
728 3286 842 3364 insonis,
858 3286 907 3347 sed
927 3288 1043 3360 insania,
1099 3302 1191 3349 notam
1204 3288 1310 3349 nudam
1322 3310 1377 3371 pre
1387 3308 1418 3349 ss
1428 3288 1527 3349 imunt.
1541 3290 1612 3365 Quas
1623 3292 1759 3373 sequitur
1769 3312 1854 3361 sutem

300 3403 360 3461 quae
380 3381 437 3462 ipsa
451 3378 582 3461 sapientia
596 3380 752 3438 meliorest.
766 3378 870 3441 Volans
887 3396 914 3439 et
932 3380 1044 3441 choreas
1097 3380 1126 3443 in
1138 3380 1271 3444 Vaticano
1284 3380 1386 3443 Codice
1397 3396 1494 3462 quarta
1506 3404 1638 3459 manere,
1649 3402 1721 3467 post
1735 3390 1854 3475 sepum

299 3492 381 3552 agens
395 3472 522 3531 sublimis
535 3472 607 3531 seror
619 3493 626 3527 :
638 3469 729 3529 ebrius
746 3468 854 3530 tandem
868 3492 929 3531 sum
942 3492 978 3532 cx
991 3470 1044 3533 hae
1097 3474 1174 3537 brcrs
1186 3496 1317 3550 mensem,
1331 3489 1363 3537 ut
1376 3482 1521 3555 pommus,
1533 3476 1597 3536 anni
1612 3476 1679 3541 598
1695 3480 1855 3547 habitaturi

298 3565 437 3646 voluptate
449 3563 594 3646 spirituali.
608 3562 684 3635 Quid
696 3562 786 3622 dicam
799 3577 828 3623 et
840 3562 907 3643 quid
921 3564 1042 3644 loquar?
1095 3568 1125 3631 in
1139 3566 1241 3649 templo
1254 3566 1283 3629 ἃ
1298 3566 1463 3641 Amstasiar,
1485 3581 1517 3627 ut
1537 3566 1567 3629 ia
1581 3568 1676 3637 ¹titulo
1694 3572 1799 3639 lenus
1815 3578 1854 3639 lh·

296 3672 483 3739 martyromne
502 3656 649 3717 virtutem?
662 3678 699 3716 an
712 3656 833 3716 caritatis
853 3658 1042 3719 alacritatem?
1095 3674 1239 3743 postquam
1250 3657 1286 3720 tle
1296 3658 1434 3741 paucitate
1445 3656 1602 3721 auditorum
1612 3670 1853 3747 communesne·

296 3773 331 3811 au
356 3752 537 3833 lrnpcratricis
560 3750 668 3810 uelum?
689 3772 723 3810 an
748 3749 907 3829 Principum
930 3772 1042 3811 coneur-
1095 3767 1153 3825 rat,
1163 3753 1199 3813 de
1211 3750 1341 3835 pauentia
1351 3750 1416 3816 lobi
1424 3752 1535 3833 bugam
1546 3752 1748 3837 etelegantesn
1760 3762 1853 3827 lubuit

296 3847 376 3903 sum?
388 3867 421 3903 au
433 3844 535 3903 diaboli
548 3844 678 3902 insaniam
688 3844 701 3900 i
711 3863 745 3903 an
757 3841 912 3903 demonum
923 3844 1041 3918 cladem,
1096 3844 1256 3904 orationem.

298 3935 425 3994 Ecclesiae
447 3935 627 4003 nobilitatem,
644 3934 732 3992 crucis
748 3933 889 4010 virtutem,
907 3934 1044 3995 Crucilisi
1136 3934 1256 4001 llomilis
1275 3938 1369 4017 quinta
1381 3938 1526 4015 Vaticana,
1543 3950 1575 3999 st
1593 3938 1689 4005 lutor
1707 3946 1743 4011 ln
1759 3950 1852 4027 titulo,

297 4025 439 4099 miracula,
456 4025 543 4084 Patris
562 4024 694 4103 gloriam,
712 4025 830 4105 Spiritus
851 4024 979 4105 gratiam.
996 4048 1043 4109 pu·
1095 4026 1127 4089 in
1141 4026 1242 4110 templo
1254 4045 1355 4091 sancte
1363 4032 1453 4093 lienes
1464 4028 1537 4091 dicta
1551 4030 1614 4093 tuit.
1628 4034 1663 4096 lo
1678 4058 1717 4099 ea
1729 4042 1850 4127 Chrysi-
1871 4059 1875 4066 ·

296 4117 356 4197 puli
373 4117 454 4175 totius
471 4117 649 4197 uoluptatem,
664 4116 785 4177 civitatis
803 4118 1042 4181 exsultationem
1095 4134 1199 4183 stemus
1207 4118 1246 4187 ,de
1257 4120 1414 4183 almntibus
1426 4122 1600 4203 conqueritur
1612 4138 1642 4187 st
1652 4124 1695 4191 tle
1706 4136 1850 4217 ptumo·

297 4224 347 4269 etc.
369 4208 461 4288 Pergit
480 4212 580 4279 aulcru,
597 4208 632 4267 de
649 4208 833 4288 ltcliqrriarum
856 4212 1042 4293 expectatione
1093 4212 1147 4275 bus
1155 4212 1321 4295 gratulatus:
1330 4212 1365 4275 de
1376 4214 1545 4275 Psalmorum
1558 4230 1643 4279 canta
1656 4224 1736 4305 spis,
1747 4228 1852 4311 pm.

298 4301 382 4360 multu
396 4320 523 4373 ruarraus,
535 4298 689 4359 Eudoxiarn
701 4301 902 4381 lmperatriccm
914 4302 1042 4369 laudibus
1093 4326 1148 4389 pre
1156 4308 1318 4371 muliebrem
1333 4330 1430 4371 mum
1440 4308 1672 4393 impedimentum
1682 4340 1747 4385 m
1755 4324 1852 4389 „d

295 4394 333 4455 ad
347 4393 442 4454 calum
459 4393 574 4466 tollens,
586 4414 668 4481 quatu
681 4394 760 4452 etiarn
775 4394 913 4457 interdum
926 4416 1041 4479 presen-
1093 4384 1208 4465 virtutis
1217 4402 1389 4463 exercitium.

297 4502 350 4548 tem
369 4487 525 4566 alloquitur.
542 4485 652 4546 Claudii
666 4485 776 4547 dernurm
795 4503 939 4571 postquam
958 4490 1039 4553 dixs-
1133 4494 1218 4555 Sesta
1230 4506 1321 4553 atutcm
1335 4494 1427 4555 concio
1440 4494 1535 4557 habita
1547 4510 1589 4557 est
1601 4498 1632 4561 in
1645 4504 1849 4573 sedubu-

296 4595 349 4657 rat,
372 4582 564 4662 Imperatorem
589 4578 738 4659 insequenti
763 4578 807 4641 die
830 4604 892 4642 cum
918 4584 1038 4647 exercitu
1092 4598 1199 4647 storum
1213 4584 1418 4665 Apostolorum,
1438 4586 1466 4648 in
1488 4586 1534 4651 die
1552 4586 1716 4657 Theodosii
1734 4602 1850 4685 lmpes.

296 4696 364 4745 suo,
379 4674 418 4732 sic
435 4674 492 4747 illc,
509 4688 652 4733 venturum
667 4695 733 4751 csse,
748 4688 778 4734 ut
800 4696 891 4756 parem
905 4676 1041 4759 Reliquiis
1092 4676 1216 4755 toris,ut
1238 4676 1342 4741 ibidem
1359 4678 1458 4741 lectur.
1475 4683 1625 4763 Postquam
1647 4682 1714 4751 dno
1736 4692 1788 4755 ,lii
1800 4694 1850 4777 qi.

297 4765 426 4825 1¹⁰n⁰t0¹11
438 4780 584 4845 prestaret.
774 4804 779 4811 ·
1091 4772 1167 4853 scopi
1177 4816 1188 4845 ‚
1213 4792 1263 4855 pro
1276 4792 1351 4833 more
1362 4773 1437 4833 illius
1449 4775 1523 4849 evi,
1539 4778 1701 4843 concionati
1725 4786 1848 4867 finnt,

332 4858 406 4918 lnlra
425 4857 578 4917 ridebimus
598 4858 686 4938 hujus
698 4860 888 4941 extemporalis
902 4860 1039 4927 concionis
1091 4864 1301 4949 Chryscstomus
1320 4864 1392 4927 banc
1410 4880 1502 4927 eontra
1523 4866 1658 4933 catharos
1682 4876 1752 4941 sies
1770 4884 1848 4945 pum

295 4947 454 5019 exordium,
470 4948 799 5026 Quidrlicami'ersulto
813 4965 840 5012 et
853 4954 1041 5031 insauio,in·
1091 4956 1235 5019 homiliam
1254 4957 1327 5019 dixit
1348 4978 1358 5022 s
1380 4958 1492 5021 cathari
1513 4974 1607 5029 sutem
1628 4962 1676 5027 llll
1704 4972 1847 5037 Noratisni

296 5058 337 5104 ter
355 5040 556 5103 criminationes
574 5040 602 5100 in
618 5042 729 5122 Synodo
743 5042 780 5105 ad
792 5045 931 5116 Quercum
944 5060 1040 5107 matrs
1091 5062 1178 5111 mant.
1202 5045 1295 5119 Primo
1314 5050 1408 5111 ambos
1425 5052 1565 5135 episcopos
1580 5050 1687 5119 tendat
1694 5084 1722 5149 3
1737 5086 1847 5147 quorun

170 5210 173 5215 .
296 5137 520 5220 Chrysostomum
537 5134 653 5210 oblatas,
667 5150 771 5195 sextam
791 5136 940 5219 numerari,
954 5139 1041 5201 inso-
1090 5142 1161 5205 alter
1166 5142 1270 5225 junior,
1281 5142 1380 5223 inquit,
1392 5145 1462 5203 senis
1474 5145 1655 5225 grauitatem
1671 5152 1753 5219 alter
1762 5180 1846 5229 secer,

296 5234 386 5294 cundo
404 5231 622 5292 criminationum
637 5231 775 5294 laterculo.
1088 5239 1206 5321 junioris
1215 5238 1521 5320 roburpreselerebat.
1538 5240 1845 5317 lleiode'l'heodcsiusr

336 5327 401 5386 llaec
411 5327 469 5406 jaun
481 5339 602 5386 vertente
612 5346 682 5384 anno
695 5328 755 5387 598
767 5339 839 5407 gesta
852 5340 878 5387 et
888 5326 961 5389 diets
973 5326 1041 5391 luis·
1091 5330 1224 5411 lllagnum
1236 5328 1364 5390 laudibus
1377 5332 1463 5403 ellert,
1480 5332 1557 5412 cujus
1568 5330 1628 5395 dies
1642 5350 1718 5403 tunc
1731 5345 1844 5409 ωιώῃ.

297 5439 329 5479 se
340 5432 443 5477 certum
456 5419 577 5495 uidetur,
590 5433 616 5479 et
630 5417 740 5497 quidem
760 5438 851 5479 meuse
864 5420 972 5481 circiter
985 5422 1039 5483 Se·
1091 5420 1187 5497 balium
1199 5442 1313 5503 nempe,
1331 5436 1363 5483 ut
1377 5423 1522 5484 uerisimile
1534 5432 1703 5503 est,mortis
1719 5439 1792 5521 ψῃ
1804 5436 1844 5519 qui

299 5510 753 5593 ptcmbri,cumadhnecommods
763 5526 871 5593 possent
885 5528 1036 5596 martyrum
1091 5516 1214 5581 lanssrii
1233 5514 1465 5597 decimoseptimo
1483 5516 1529 5577 die
1546 5520 1678 5605 contigit.
1705 5530 1843 5595 unde...
