3714 5970
685 494 776 542 nunc
802 495 934 544 astrion
960 496 1160 545 sponsari.
1613 474 1673 547 151

159 631 232 696 terat,
246 631 277 679 ut
294 617 455 680 sibihrum
469 618 573 679 animos
593 618 764 690 conciliaret,
779 633 884 699 gratam
937 641 1000 681 nam
1021 623 1187 685 continenter
1204 623 1414 706 chrysostomus
1434 622 1469 684 ad
1496 622 1578 684 finem
1594 645 1682 703 usque
1772 652 1776 663 ·

161 713 275 778 moenis
284 711 569 779 admflmurationem
583 713 747 794 plaususque
757 713 885 792 frequen·
937 713 1055 795 epistolae
1066 735 1161 776 versus
1171 737 1263 777 omnes
1272 717 1408 799 explanat.
1417 716 1533 781 Moralia
1547 706 1679 778 nonnum·

163 807 268 884 tes,utin
281 807 436 866 orationum
447 805 564 866 decursu
578 805 683 866 videas.
699 805 743 865 Ad
763 805 822 866 haee
838 827 883 864 ve-
937 827 1031 885 quam,
1042 807 1129 868 sicubi
1142 811 1248 869 occasio
1260 811 1389 883 offertur,
1401 810 1548 885 admiscet,
1561 812 1608 871 sed
1625 833 1678 872 non

165 922 187 961 rc
202 901 224 959 io
242 898 367 960 llomiliis
388 898 426 959 ad
448 898 566 980 primam
590 898 741 979 Epistulam
765 898 884 979 plurima
939 911 970 956 nt
982 919 1032 979 pro
1051 921 1126 960 more
1137 901 1218 960 solito
1239 903 1393 962 concionem
1407 901 1525 963 claudat.
1542 902 1679 984 Populum

166 1008 298 1062 mmmtntt
311 1013 410 1073 pugnas
422 1012 521 1074 nempe
538 1006 564 1052 et
576 991 745 1052 velitationes
758 992 886 1071 frequen·
937 1006 1027 1053 autem
1045 1016 1098 1055 non
1111 1016 1172 1054 raro
1191 995 1354 1075 alloquitur.
1364 996 1535 1077 Quapropter
1551 994 1679 1055 credide·

167 1098 278 1147 ttscootra
289 1084 468 1167 philosophos
477 1097 584 1144 exteros
593 1097 620 1144 et
629 1085 759 1144 falsorum
771 1082 884 1144 deorum
938 1084 991 1144 rim
1004 1085 1062 1146 hec
1075 1088 1153 1148 illum
1167 1089 1205 1149 ita
1221 1089 1438 1159 concinnanter,
1453 1089 1497 1148 vel
1511 1101 1541 1146 ut
1554 1089 1678 1169 prasenti

168 1181 274 1251 aluus,
286 1192 421 1239 etcontra
441 1178 582 1239 haereticos
603 1178 764 1252 nonnullos;
778 1199 810 1237 ac
829 1178 884 1237 sin·
938 1179 1039 1259 populo
1058 1182 1097 1239 sic
1116 1181 1214 1261 legeret
1238 1196 1285 1241 aut
1307 1183 1446 1252 recitaret,
1467 1181 1512 1240 vel
1537 1195 1566 1241 ut
1586 1181 1678 1240 diviso

168 1267 377 1350 golariaquaedam
387 1265 424 1327 ad
435 1266 569 1328 istusaevi
585 1288 686 1327 morem
697 1280 723 1327 et
735 1288 814 1326 usum
824 1288 884 1348 per·
937 1268 1032 1329 multis
1047 1271 1076 1331 in
1095 1273 1218 1353 partibus
1239 1273 1439 1332 Commentario
1456 1273 1572 1352 singulis
1588 1287 1679 1354 postea

169 1360 269 1434 festia,
281 1360 390 1440 aliaque
410 1360 446 1421 de
470 1360 571 1440 quihus
592 1358 620 1419 in
642 1360 746 1420 ltlonito
769 1359 885 1440 carptim
936 1361 1060 1441 partibus
1073 1364 1194 1425 ethicum
1205 1365 1342 1446 epilogum
1356 1365 1497 1444 adJiceret,
1511 1378 1540 1423 ut
1553 1386 1604 1446 pro
1615 1386 1678 1425 con·

170 1452 248 1532 agitem
267 1474 365 1534 nempe
386 1452 459 1512 circa
484 1451 662 1532 philosophos
679 1465 796 1528 exteros,
812 1452 883 1511 circa
937 1466 1014 1513 sueto
1031 1476 1106 1515 more
1122 1456 1149 1516 in
1165 1455 1290 1517 homilias
1303 1457 1480 1516 distributum
1494 1477 1563 1536 opus
1577 1458 1679 1539 populo

170 1545 293 1623 ὶααὶοω,
315 1546 483 1607 blanichasos
504 1558 532 1606 et
554 1545 761 1623 ltfarcionistas,
791 1560 883 1606 contra
938 1548 1132 1626 pronuntiaret.
1146 1552 1216 1610 Utro
1235 1565 1323 1609 autem
1345 1549 1426 1609 modo
1449 1549 1552 1629 egerit,
1571 1550 1679 1610 nonnisi
1743 1608 1745 1613 .

171 1637 353 1699 &summm
364 1637 596 1699 Antiochenorum
606 1659 703 1699 mores.
936 1633 1085 1696 divinando
1094 1637 1199 1716 assequi
1210 1659 1363 1719 possumus.
1518 1716 1521 1721 .

125 1754 172 1805 ap·
194 1728 309 1791 llomilias
333 1731 362 1790 in
376 1730 525 1791 secundam
544 1729 579 1791 ad
598 1729 754 1791 Corinthios
775 1730 884 1812 Episto·
976 1729 1008 1788 ln
1022 1728 1073 1789 hoc
1090 1744 1161 1791 certe
1175 1731 1374 1797 Commentario
1390 1732 1601 1812 chrysostomus
1619 1732 1678 1792 lon·

171 1820 261 1883 hanon
277 1823 338 1903 pari
355 1822 488 1902 elegantia
506 1837 587 1901 atque
601 1823 715 1904 priores,
731 1823 767 1884 de
783 1824 883 1903 quibus
936 1844 970 1903 ge
981 1826 1134 1885 accuratius
1147 1827 1261 1907 apostoli
1272 1827 1345 1886 dieta
1361 1827 1484 1907 explorat
1497 1841 1523 1889 et
1539 1814 1673 1909 explicat,

168 1914 292 1993 jmaetom
303 1927 355 1989 est,
368 1915 484 1996 scriptas
502 1915 584 1975 fuisse
598 1915 710 1994 quidam
722 1915 881 1997 opinantur.
939 1936 1023 1994 quam
1045 1917 1073 1978 in
1094 1920 1186 1980 multis
1206 1920 1267 1980 aliis
1285 1919 1408 1980 homiliis
1426 1934 1453 1979 et
1465 1920 1675 1980 commentariis.

125 2034 134 2069 s
170 2001 371 2086 larioreutique
381 2007 453 2089 stylo
464 2007 507 2067 hae
521 2008 680 2089 posteriores
691 2009 882 2088 explanantur.
937 2014 1080 2072 Anomoeos
1093 2034 1146 2072 non
1155 2012 1239 2073 semel
1249 2013 1356 2093 egregie
1366 2011 1472 2085 refellit,
1487 2032 1589 2071 necnon
1600 2015 1678 2073 blar-

168 2094 248 2177 htqoia
258 2099 470 2181 chrysostomus
479 2101 509 2159 in
526 2100 616 2181 priore
628 2100 751 2181 Epistola
766 2101 882 2161 Paulum
935 2101 1061 2162 cionistas
1073 2118 1101 2164 et
1110 2104 1274 2164 lllaaichaeos
1287 2127 1294 2161 ε
1308 2117 1400 2163 eontra
1412 2103 1592 2162 Antiochenos
1606 2102 1677 2162 mul·

167 2189 286 2268 apostolum
305 2192 508 2270 sequutus-qui
522 2191 691 2253 Christianos
706 2190 778 2259 illos,
790 2192 817 2251 in
843 2213 884 2252 ec·
935 2204 979 2255 toa
999 2193 1148 2268 declamat,
1167 2196 1216 2275 qui
1239 2195 1367 2258 ludaicos
1392 2194 1460 2254 ritus
1490 2195 1674 2277 sectabantur.

165 2280 221 2340 etas·
237 2283 368 2343 tumultus
382 2297 409 2343 et
427 2275 544 2344 dissidia
562 2295 720 2354 moventes,
731 2285 882 2345 schemen·
936 2284 1011 2345 Alios
1021 2287 1100 2346 ctiam
1116 2288 1245 2367 exagitat,
1256 2288 1302 2367 qui
1314 2287 1366 2347 sibi
1377 2286 1469 2347 virilia
1483 2286 1672 2367 amputabant,

163 2371 200 2433 tius
216 2374 407 2452 insectabatur,
420 2397 483 2437 cum
506 2375 655 2436 acrimonia
676 2377 780 2455 majore
800 2377 881 2436 etiam
935 2398 1016 2455 quem
1032 2399 1134 2439 momm
1154 2380 1264 2439 innuere
1277 2377 1412 2439 ridetura
1425 2377 1584 2438 Maniehaeis
1597 2377 1677 2439 iove-

160 2464 349 2549 ipteloquitur5
376 2470 403 2528 in
423 2468 542 2531 secunda
565 2482 655 2529 autem
676 2490 738 2528 cum
760 2471 882 2550 apostolo
935 2472 1112 2531 ctumfuisse.

158 2561 256 2641 pentius
267 2563 338 2642 agit,
350 2584 400 2623 nec
415 2563 501 2644 tropis
512 2575 566 2622 tam
578 2561 764 2640 frequentibus
776 2563 879 2622 utitur':
976 2560 1048 2618 lnter
1068 2559 1205 2619 selectiora
1229 2558 1348 2620 doctoris
1373 2559 1458 2618 nostri
1478 2559 1677 2619 Com-entaria
1689 2576 1718 2623 T.
1735 2590 1770 2630 ιι.

157 2672 193 2713 aee
207 2676 290 2735 parem
306 2670 378 2716 certe
390 2677 501 2737 operam
522 2657 550 2715 in
570 2654 703 2713 ambabus
724 2652 883 2714 adhibuisse
933 2653 1036 2714 censeri
1055 2653 1153 2715 dehent
1176 2654 1302 2714 llomilias
1320 2654 1348 2713 in
1368 2653 1518 2734 Epistulam
1535 2654 1572 2715 ad
1584 2653 1677 2735 Ephe·

157 2744 256 2807 ridetur.
934 2746 1003 2820 sios,
1017 2761 1076 2807 tum
1095 2748 1160 2828 quia
1178 2747 1206 2806 in
1220 2747 1263 2807 his
1277 2768 1320 2806 res
1330 2746 1441 2806 uberius
1453 2744 1600 2827 expendit,
1615 2760 1674 2807 tum

185 2839 218 2899 Ut
228 2840 256 2900 in
271 2840 412 2923 prioribus
428 2839 567 2915 homiliis,
576 2838 604 2898 in
618 2838 692 2899 hisce
705 2838 786 2898 etiam
804 2842 882 2899 llfar-
934 2838 998 2917 quia
1012 2840 1097 2899 multa
1106 2852 1132 2899 et
1141 2838 1289 2920 singularia
1304 2837 1402 2918 passim
1414 2835 1527 2913 indicat,
1542 2859 1602 2917 quae
1614 2859 1677 2919 pos·

152 2930 259 2993 desistas
275 2933 406 3014 exagitat,
418 2933 468 3014 qui
489 2931 616 2992 dicebaut
626 2951 629 2955 ’
640 2952 732 2991 rerum
754 2931 881 3013 opificem
933 2928 987 2991 sint
997 2947 1043 2991 aut
1053 2931 1090 2991 ad
1100 2932 1206 2991 beatam
1216 2930 1306 2990 autad
1320 2929 1445 2988 miseram
1461 2929 1544 2989 vitam
1558 2950 1610 2991 non
1625 2952 1678 3012 pa·

148 3023 235 3105 Ῑιππω
253 3047 327 3104 asse,
343 3025 391 3087 sed
407 3047 460 3087 aon
485 3026 607 3097 bouum3
624 3024 791 3084 hfanichaeos
814 3025 879 3085 item
933 3046 996 3084 rum
1016 3026 1113 3085 afferre
1132 3024 1270 3084 momenti.
1287 3022 1436 3082 Antiochia
1454 3037 1545 3083 autem
1569 3023 1677 3083 habitas

149 3105 288 3191 imatus,
303 3116 353 3194 qui
372 3136 419 3175 ore
434 3115 520 3196 impio
541 3115 615 3175 hunc
639 3136 729 3174 rerum
755 3115 880 3196 opificem
932 3117 1014 3178 fuisse
1026 3119 1054 3178 in
1071 3117 1384 3198 Praefutioneproba'tum
1396 3129 1445 3176 est.

147 3196 273 3263 diabolum
289 3226 347 3265 esse
356 3207 580 3288 pronuntiabant.
592 3205 737 3267 llaeretioos
751 3207 814 3267 illos
825 3207 880 3267 ali·
974 3211 1091 3271 Orditur
1104 3223 1195 3270 autem
1208 3210 1244 3269 ab
1258 3209 1366 3290 Epheso
1377 3209 1455 3280 urbe,
1467 3216 1550 3286 quam
1561 3223 1592 3268 ut
1605 3210 1676 3268 Asia·

147 3310 202 3375 quot
216 3298 244 3357 in
261 3299 329 3360 locis
341 3301 438 3383 carpit,
451 3310 551 3362 necnon
569 3316 595 3362 et
610 3303 678 3362 alios
692 3303 739 3382 qui
754 3302 879 3364 dicebant
932 3301 1094 3382 metropolin
1109 3301 1237 3361 celebrat.
1255 3299 1483 3358 Antiochenorum
1499 3320 1598 3379 pravos
1614 3321 1676 3360 mo·

144 3390 266 3454 umidum
284 3396 376 3477 ipsum
389 3417 447 3456 asse
459 3397 553 3472 deum,
565 3399 613 3475 qui
629 3418 706 3457 error
721 3397 803 3455 etiam
821 3419 879 3458 aruo
931 3415 974 3454 res
988 3394 1147 3469 insectatur,
1161 3415 1206 3453 eos
1218 3413 1282 3452 vero
1296 3392 1431 3466 maxime,
1445 3391 1493 3469 qui
1506 3392 1543 3451 ab
1561 3392 1676 3452 ethnicis

143 3498 224 3546 utro
242 3503 386 3550 renovatus
399 3489 461 3551 fuit.
475 3489 538 3548 Alia
554 3511 661 3569 quoque
674 3490 821 3549 observatu
834 3488 879 3549 di·
931 3501 958 3547 et
969 3486 1118 3546 idololatris
1128 3497 1328 3567 promanarant‚
1339 3497 1369 3543 ut
1378 3496 1463 3543 sortes
1471 3497 1497 3542 et
1511 3483 1674 3544 incantatio-

142 3596 188 3657 μ
198 3580 227 3641 in
241 3580 285 3640 his
305 3582 502 3662 posterioribus
518 3582 642 3643 homiliis
655 3597 810 3642 occurrunt.
824 3583 877 3642 ts·
932 3600 993 3656 nes,
1011 3580 1097 3638 fatum
1117 3579 1199 3639 etiam
1212 3590 1239 3636 et
1251 3573 1515 3657 metempsychosim
1529 3574 1673 3636 dicebaut-

141 3670 223 3734 hat
244 3676 275 3737 S,
291 3675 388 3737 doctor
408 3677 594 3737 Alexandrum
608 3680 737 3738 asenam
754 3671 877 3737 Romano
930 3692 983 3751 que
1004 3670 1045 3730 illi
1067 3670 1157 3730 omnia
1177 3668 1252 3728 nulla
1270 3668 1328 3748 geri
1343 3665 1529 3748 providentia;
1540 3666 1588 3726 alii
1602 3688 1668 3729 vero
1758 3705 1764 3714 ·

140 3767 239 3828 utinm
264 3769 400 3831 decimum
425 3771 509 3831 deum
529 3771 696 3831 declaratum
724 3770 824 3841 fuisse,
846 3770 876 3829 id
930 3761 1012 3823 deum
1026 3784 1082 3823 csse
1102 3782 1200 3842 corpus
1215 3757 1555 3841 impuncasserebant.De
1570 3758 1670 3818 omini-

138 3860 206 3939 μ]
218 3864 343 3944 ῃωρῂω
356 3864 467 3925 memini
489 3886 532 3924 me
547 3864 646 3944 tegere,
660 3864 770 3923 Tertius
784 3878 876 3923 aurem
929 3855 981 3915 bus
995 3869 1084 3914 autem
1096 3867 1121 3913 ct
1135 3852 1272 3934 praesagiis
1284 3850 1371 3913 multa
1381 3850 1484 3933 profert
1492 3851 1603 3911 omuino
1616 3851 1673 3912 sin·

140 3946 250 4015 decimu,
266 3954 334 4017 deus
351 3953 442 4016 dictus
461 3957 513 4016 suit
523 4002 532 4030 ‚
552 3956 616 4034 qnia
639 3953 785 4015 duodecim
809 3954 875 4013 deos
929 3947 1043 4026 gularia.
1058 3948 1138 4007 Hom.
1152 3944 1257 4005 decima
1276 3942 1344 4003 dicit
1356 3942 1517 4024 ἀγάλματα,
1536 3964 1582 4004 seu
1596 3945 1671 4024 figu-

142 4043 225 4108 Greci
237 4049 356 4129 itmnque
368 4049 486 4111 Romani
500 4048 688 4119 admittebant,
708 4047 750 4107 his
766 4046 876 4107 duobus
928 4061 972 4099 ras
995 4040 1038 4100 vel
1061 4039 1208 4119 imagines,
1224 4037 1251 4096 in
1267 4036 1378 4096 ecclesia
1391 4056 1464 4111 esse,
1480 4057 1566 4114 neque
1587 4036 1666 4118 plura

142 4140 253 4202 teribus
263 4142 489 4224 comprehensosr
928 4132 1022 4213 adjicit
1034 4133 1061 4190 in
1076 4154 1113 4206 re,
1121 4151 1204 4210 qnam
1215 4129 1301 4208 magis
1311 4148 1457 4207 expensam
1470 4127 1552 4187 fuisse
1560 4128 1667 4191 vellem.

346 4293 352 4304 ,
929 4226 1074 4286 llarcticos
1084 4224 1184 4306 passim
1193 4220 1512 4301 exagitat,hlarcionem,
1524 4222 1669 4295 Manetem,

143 4290 208 4356 lano,
219 4293 305 4357 festa,
316 4295 446 4357 hiraerra,
459 4294 549 4357 Ceres,
562 4294 660 4358 Diona,
673 4290 756 4341 Venus
766 4329 772 4350 ,
782 4290 863 4351 biars,

144 4368 265 4425 hm,
291 4372 363 4426 jovi,
391 4375 524 4440 neptunu,
551 4371 692 4435 Vulcanus,
706 4369 795 4436 Apono
928 4319 1122 4389 Valentinum,
1138 4311 1667 4388 CatharosseuNovatianos,At·inmin

271 4413 279 4434 ¹
369 4413 377 4438 ἲ
532 4415 538 4436 ι
798 4406 805 4421 ι

926 4411 1053 4472 omnibus
1067 4430 1136 4491 pene
1149 4405 1330 4478 concionibus,
1346 4404 1468 4482 aliosque
1482 4404 1564 4464 etiam
1580 4405 1669 4466 haere·

125 4524 142 4573 t·
176 4510 395 4572 fommmtarium
411 4512 477 4572 item
493 4511 521 4571 in
537 4510 688 4592 Epistulam
701 4507 738 4568 ad
758 4507 871 4569 Galatas
925 4504 1001 4564 ticos.

147 4604 276 4665 ladochiae
295 4603 394 4679 edidit,
417 4618 448 4664 ut
463 4604 490 4665 itt
506 4604 611 4666 ldonito
629 4603 730 4662 ibidem
745 4600 873 4681 probari·
965 4595 1098 4657 llomilias
1119 4613 1226 4672 quoque
1241 4591 1268 4651 in
1284 4590 1419 4672 Epistulas
1432 4589 1502 4651 duas
1521 4591 1558 4652 ad
1571 4591 1669 4653 Timo·
1712 4622 1740 4668 rs¹
1755 4636 1791 4670 „-

145 4714 195 4757 nas
204 4724 211 4756 :
221 4699 264 4759 cui
276 4698 435 4759 adornando
449 4718 503 4758 non
523 4697 630 4757 solitam
649 4717 757 4776 operam
780 4694 871 4775 posuit
925 4691 1019 4750 theom
1031 4702 1157 4769 putamus
1168 4706 1232 4756 nos,
1243 4682 1319 4744 haud
1332 4683 1439 4742 levibus
1452 4684 1567 4764 permoti
1581 4685 1666 4745 ratio·
1680 4688 1736 4746 ⁵t6·
1802 4761 1804 4765 Ι

144 4788 342 4871 stayrostcmus.
356 4793 389 4851 ln
404 4790 466 4852 aliis
477 4789 580 4871 quippe
602 4789 630 4848 in
650 4791 761 4848 Novum
775 4787 872 4845 Testa·
925 4783 1021 4856 nibus,
1042 4777 1191 4840 Antiochia
1213 4775 1337 4849 habitas,
1349 4787 1379 4832 ut
1392 4773 1486 4835 uideas
1506 4776 1533 4836 iu
1549 4776 1666 4837 lllonito.

141 4898 248 4944 matum
264 4884 502 4967 explanationibus
515 4883 606 4943 omnia
622 4882 650 4941 in
664 4881 805 4940 conciones
823 4901 871 4938 seu
925 4881 956 4938 ln
971 4876 1091 4935 hisvero
1105 4870 1291 4946 concionibus,
1301 4868 1363 4927 licet
1374 4867 1479 4946 aliquot
1494 4868 1522 4928 in
1542 4867 1608 4929 locis
1622 4889 1669 4929 tte·

139 4972 251 5037 humilias
264 4977 356 5038 divise
372 4991 400 5037 et
419 4975 565 5037 distributa
585 4989 666 5051 sunt,
681 4975 717 5034 ita
733 4989 763 5033 ut
778 4973 872 5033 concio
924 4969 1070 5052 gligcntius
1083 4987 1161 5047 agric
1171 4979 1197 5024 et
1208 4982 1411 5041 nonnumquam
1422 4961 1487 5021 vilia
1503 4982 1551 5021 nec
1564 4982 1667 5023 metuo·

135 5068 253 5147 quelibet
265 5069 355 5129 ethica
374 5068 561 5130 adhortatione
586 5067 748 5142 claudatur,
763 5081 789 5125 et
807 5086 870 5124 mo·
924 5078 985 5124 ratu
999 5061 1080 5141 digna
1097 5072 1211 5117 tractare
1223 5055 1365 5126 videatur,
1380 5053 1482 5134 passim
1497 5065 1586 5113 minen
1603 5077 1668 5116 sve·

134 5158 297 5223 nliaistbae'c
310 5162 457 5245 posteriora
474 5175 610 5244 praecepta
626 5181 753 5241 magnam
764 5173 794 5218 ut
805 5159 871 5240 plu·
925 5177 981 5232 ros,
995 5167 1022 5214 et
1034 5149 1137 5230 eosqui
1151 5147 1287 5209 facultatis
1303 5140 1434 5225 augenda
1452 5144 1544 5205 studio
1557 5160 1668 5234 cetero·

128 5252 228 5315 riatam
236 5255 356 5316 homilias
367 5269 471 5336 partem
482 5255 704 5335 complectantur.
715 5255 745 5314 ln
759 5252 811 5313 hoc
821 5273 871 5311 au·
924 5269 986 5308 rum
1007 5245 1078 5306 bona
1091 5242 1210 5324 diripere
1231 5238 1388 5319 satagebant
1397 5237 1525 5340 ,egregie
1537 5242 1627 5321 carpit
1641 5254 1682 5303 ets

128 5360 179 5409 tem
200 5347 401 5411 Commentario
419 5346 510 5409 munia
530 5367 607 5409 secus
627 5345 756 5407 adornata
781 5358 865 5404 sttnts
924 5341 1078 5414 insectatur,
1090 5353 1225 5414 nosquam
1237 5330 1318 5391 finem
1331 5330 1396 5389 facit
1406 5329 1552 5411 impetendi
1564 5355 1571 5390 :
1583 5353 1668 5413 neque
