3714 5970
145 467 203 514 xlv
824 455 1009 506 ostentm.

147 593 200 657 διας
214 588 246 650 τὸ
260 588 351 665 ὄνομα.
365 577 450 652 Οὗτος
463 586 567 665 πρῶτον
583 579 630 660 μίν
644 580 691 654 rip
704 578 801 660 ίρημον
817 580 926 652 οἰκήσας
940 578 984 639 ἐπὶ
995 576 1074 638 insul
1090 575 1152 649 ἔτη,
1166 573 1317 648 κατηξιώθη
1329 578 1377 648 τῆς
1390 577 1537 649 ἐπισκοπῆς
1547 578 1575 636 ἰν
1589 578 1708 660 Βιθυνία,

145 683 238 756 qnod*
244 680 421 762 ονγγράριται
432 678 477 737 καί
489 676 583 757 ἀρετάς
592 677 697 737 πολλῶν
704 674 837 757 πατέρων.
848 674 901 741 Ὃς
914 675 959 733 καί
970 672 1046 739 αὐτὸς
1056 671 1205 737 κοινωνικὸς
1216 669 1349 744 Ἰωάννου,
1357 669 1659 752 κατάκλειστοςζγάγσνεν
1668 678 1710 735 ἰν-

148 781 336 855 δεκαμηνιαῐον
349 773 443 856 χρόνον
457 775 484 830 ἐν
494 769 605 852 οἰκίσκῳ
615 771 727 849 ζοφεροῖο.
743 769 868 828 Disscrit
881 767 917 827 de
926 768 1046 827 loannc
1058 778 1086 825 ct
1099 766 1136 823 de
1150 766 1284 823 omnibus
1296 782 1364 844 ροισι
1376 766 1433 843 ipsi
1444 765 1617 826 acutilcrttnt
1624 811 1635 838 ,
1646 789 1711 828 mam

152 870 313 938 Theodoro,
324 886 437 946 mngnoe
450 867 530 923 urbis
538 865 637 922 Roman
650 863 785 937 diacono,
797 866 845 919 uir
855 861 977 941 quidam
991 857 1190 927 venerandus,
1203 854 1362 914 Palladius
1373 859 1499 916 munna.
1514 857 1574 915 Ille
1584 861 1712 936 μήπω»

149 961 256 1020 multos
269 975 363 1016 annos
372 974 502 1015 eremum
513 952 649 1025 incoluit,
660 951 768 1010 deinde
776 951 819 1010 ad
830 957 1029 1030 episcopatum
1038 952 1070 1006 in
1080 948 1229 1023 Bithynia
1238 948 1470 1029 promotussuit,
1484 961 1515 1008 et
1526 953 1647 1031 scripsit
1656 957 1713 1012 uir·

150 1069 224 1116 tutes
239 1054 398 1113 multorum
410 1053 552 1111 Patrum.
572 1050 656 1106 idem
669 1053 732 1124 ipse
743 1048 967 1107 communicavit
981 1065 1047 1104 cum
1062 1045 1190 1121 torum,
1202 1056 1231 1103 et
1244 1045 1278 1102 in
1289 1044 1414 1102 obscuro
1424 1043 1607 1104 domuncula
1620 1048 1712 1106 unde·

148 1154 205 1210 eim
216 1169 328 1209 menses
336 1148 434 1209 latuit.
444 1145 491 1205 Ex
500 1142 545 1202 bis
554 1141 680 1222 colligere
688 1141 753 1201 licet
761 1141 928 1222 episcopum,
938 1153 1074 1200 auctorem
1082 1134 1460 1218 hujusdialogi,nominatum
1468 1137 1551 1198 luisse
1557 1138 1713 1201 Palladium

149 1263 165 1300 a
179 1239 298 1320 Georgia
312 1234 497 1298 Alexandrino
514 1246 595 1314 atque
615 1233 751 1294 anotio.
767 1232 852 1293 Addit
869 1231 1042 1310 Theodorus,
1061 1231 1256 1291 Trimitbuntis
1273 1230 1433 1311 episcopus,
1452 1251 1514 1291 eurn
1532 1231 1561 1291 in
1582 1232 1713 1314 Bithynia

148 1334 280 1394 donatum
296 1333 460 1414 episcopatu.
475 1329 556 1391 Solus
575 1328 672 1388 titulus
685 1327 795 1390 Codicis
807 1328 897 1388 Graeci
910 1326 1029 1407 dialogi,
1045 1339 1072 1386 et
1083 1323 1220 1385 indiculus
1234 1325 1281 1403 qui
1292 1337 1378 1384 exstat
1391 1323 1465 1405 apud
1477 1324 1631 1402 Savilium,
1641 1326 1714 1387 bunc

149 1429 305 1510 episcopum
320 1427 403 1487 fuisse
423 1423 688 1504 Helenopolitanum,
708 1436 849 1483 testantur.
872 1422 930 1482 Hoc
949 1443 1029 1503 porro
1042 1419 1312 1482 animadvertendum
1327 1433 1382 1496 est,
1397 1420 1425 1479 in
1442 1419 1544 1480 Codice
1559 1420 1714 1482 Florentino

151 1529 301 1596 (estautem
315 1519 502 1582 sexcentorum
510 1539 642 1578 annorum
651 1524 661 1593 )
671 1518 838 1599 adscriptum
850 1517 944 1577 baberi
959 1518 987 1575 in
1002 1517 1133 1597 margine,
1147 1520 1173 1577 ἐν
1185 1516 1276 1585 ἄλλοις
1286 1516 1417 1596 γράφεται
1428 1515 1572 1591 Ἀαπάνων,
1581 1537 1598 1575 e
1608 1517 1715 1596 regione

150 1617 225 1675 vocis
243 1615 454 1682 Ἑλενοοπάλεως
472 1623 554 1693 :quae
569 1613 670 1673 notatio
687 1612 791 1672 indicat
809 1613 882 1671 hune
896 1612 986 1692 ipsum
998 1611 1168 1683 Palladium,
1187 1611 1235 1688 qui
1248 1609 1350 1669 dieitur
1361 1609 1615 1690 Helenopolitanus,
1634 1611 1715 1670 etiam

151 1710 256 1771 dictum
277 1710 360 1770 luisse
378 1710 414 1770 ab
427 1708 488 1768 aliis
505 1708 661 1790 episcopum
678 1711 870 1789 Asponensem.
885 1706 935 1765 His
952 1705 1112 1788 adstipulari
1130 1704 1242 1765 ridetur
1263 1706 1401 1780 Socrates,
1422 1704 1470 1784 qui
1491 1704 1565 1764 libro
1585 1705 1712 1786 septimo,

150 1825 210 1885 cap.
227 1806 278 1881 26,
295 1803 419 1864 Historiae
437 1801 645 1877 Ecclesiasticae,
661 1800 689 1860 in
709 1800 838 1880 Catalogo
853 1800 1067 1881 Episcoporum,
1080 1798 1127 1879 qui
1148 1799 1183 1859 ab
1202 1820 1256 1859 uno
1268 1801 1424 1879 episcopatu
1442 1797 1478 1858 ad
1493 1798 1577 1858 alium
1592 1798 1716 1858 translati

150 1899 269 1975 luerunt,
283 1897 342 1957 ait:
358 1896 511 1964 Παλλάδιος
524 1895 578 1956 dub
590 1895 802 1963 Ἕλενοοπάλεως
823 1895 971 1976 μετηνέχθη
992 1896 1037 1963 εἰς·
1058 1894 1174 1955 'Acrem
1188 1893 1355 1973 Ἀλέξανδρος
1371 1892 1425 1952 άπδ
1437 1891 1651 1963 Ἕλενουπολεως
1665 1917 1716 1972 με·

151 1991 267 2073 ιηνίχδη
276 1994 312 2058 εἰς
322 1991 480 2073 Ἂδριανοάς.
491 1991 652 2051 Palladius
661 1993 699 2049 ab
710 1990 889 2069 Helenopoli
897 1991 1051 2068 Asponnm
1062 1990 1224 2048 translatus
1232 2001 1295 2047 cst:
1308 1987 1482 2046 Alexander
1491 1991 1530 2046 ab
1541 1988 1717 2068 Helenopoli

151 2084 306 2144 Adrianus
320 2088 448 2143 transiit.
465 2081 636 2164 Helenopolis
647 2094 686 2140 est
700 2082 727 2140 in
742 2081 880 2163 Bithynia,
895 2085 1000 2161 Aspona
1012 2101 1076 2141 vero
1090 2080 1119 2140 in
1131 2080 1239 2140 Galatia
1254 2080 1352 2160 prima,
1367 2078 1418 2139 sub
1436 2083 1545 2160 Ancyra
1563 2080 1715 2161 metropoli.

152 2177 224 2237 ttihi
236 2191 327 2239 autem
343 2176 490 2237 admodum
511 2175 652 2258 probabile
665 2174 786 2247 videtur,
805 2189 942 2235 auctorem
956 2174 1039 2254 hujus
1052 2174 1155 2254 dialogi
1170 2195 1265 2234 nornen
1280 2195 1359 2234 suum
1369 2173 1460 2233 dedita
1471 2193 1553 2255 opera
1564 2174 1714 2245 reticuisse,

152 2291 239 2349 noque
256 2269 433 2351 adscripsisse
444 2269 528 2328 leonti
539 2270 644 2348 operis,
655 2280 702 2326 aut
718 2267 879 2327 narrationis
894 2266 1000 2346 corpori
1017 2266 1178 2327 inseruisset
1191 2266 1243 2326 boc
1256 2267 1343 2326 solum
1358 2265 1393 2326 dc
1407 2286 1436 2326 se
1448 2266 1510 2326 seiri
1525 2267 1631 2347 voluit,
1643 2271 1716 2349 quod

152 2363 293 2443 episcopus
314 2363 394 2421 luerit
407 2380 512 2441 magnae
523 2360 661 2433 civitatis,
681 2374 707 2419 ct
720 2359 792 2438 quod
806 2359 880 2419 lauta
899 2373 981 2438 atque
1000 2361 1111 2441 opipara
1130 2360 1255 2421 roririria
1267 2359 1415 2438 aliquando
1430 2361 1603 2440 instruxerit,
1617 2376 1649 2422 nt
1660 2364 1718 2443 ipse

152 2454 252 2514 fatetur
261 2455 290 2513 in
301 2453 443 2534 Apologia,
453 2473 536 2531 quam
546 2451 664 2531 scripsit,
677 2473 726 2511 cur
736 2455 852 2513 loannes
862 2464 950 2511 noster
961 2452 1035 2512 solus
1045 2451 1206 2512 comederet.
1218 2453 1370 2512 Diaconum
1382 2451 1527 2511 contrahis
1539 2466 1615 2513 terre
1627 2453 1716 2534 ipsum

154 2543 331 2605 Theodorum
342 2544 488 2620 vocitarit3
505 2542 620 2603 Palladii
632 2564 729 2604 nomeu
739 2541 864 2603 additum
874 2542 974 2603 deinde
987 2543 1056 2620 luit,
1067 2564 1099 2602 ac
1111 2542 1220 2602 tandem
1229 2541 1368 2602 Palladius
1379 2541 1414 2600 ab
1422 2542 1561 2622 aliquibus
1573 2545 1717 2626 episcopus

153 2638 408 2719 Helenopolitanus,
421 2636 457 2696 ab
469 2636 530 2696 aliis
543 2637 685 2718 episcopus
699 2637 861 2719 Asponensis
874 2637 1028 2696 nominatus
1040 2681 1048 2708 ,
1061 2636 1096 2695 ab
1109 2637 1170 2696 aliis
1186 2650 1276 2696 autern
1288 2635 1408 2695 creditus
1421 2650 1461 2695 est
1477 2638 1657 2718 episcopusin
1669 2640 1718 2699 Bi-

155 2731 266 2812 tbyuia‚
280 2745 307 2790 et
315 2728 387 2790 idem
396 2743 488 2790 auctor
505 2729 631 2790 Historia
644 2730 799 2791 Eremiticae
810 2729 846 2790 ad
859 2731 978 2790 Lausum
988 2776 998 2804 ,
1015 2751 1074 2809 quae
1086 2732 1169 2811 vulgo
1186 2733 1334 2790 Lauriana
1345 2729 1455 2789 dicitur.
1469 2731 1529 2803 Qua
1546 2732 1574 2791 in
1587 2735 1718 2792 sententia

153 2829 237 2888 luisse
250 2826 442 2902 Theodorum,
454 2827 702 2888 Trimitbuntinum
716 2827 890 2909 episcopum,
902 2842 974 2889 certo
983 2827 1132 2886 affirmabit
1146 2828 1192 2906 qui
1203 2826 1386 2887 observaverit
1397 2825 1490 2886 eadem
1502 2826 1538 2886 de
1546 2829 1719 2889 auctorebu·

151 2925 199 3007 jus
208 2921 313 3002 dialogi
322 2921 456 2996 wibert,
468 2942 529 3000 qun
544 2921 579 2982 de
588 2943 616 2981 se
630 2921 724 2982 scribit
737 2936 831 2982 auctor
844 2922 967 2981 Historiae
980 2922 1117 2982 lausiaca
1131 2928 1175 3003 (p.
1190 2924 1260 2994 964,
1276 2921 1300 2980 E
1311 2928 1321 2995 )
1332 2942 1339 2979 ε
1352 2921 1405 2981 άπὸ
1415 2924 1463 2994 τῆς
1472 2922 1655 2997 Παλαιστίνης
1666 2925 1720 2984 πά·

155 3021 198 3079 λιν
210 3015 357 3079 κατίλαὸον
370 3015 419 3090 alr
433 3017 573 3106 Βιθυνίαν,
586 3018 632 3077 καί
644 3020 671 3077 ἐν
685 3016 786 3098 ταύτῃ,
801 3019 850 3077 οὐκ
869 3008 927 3077 οἰδα
947 3020 1004 3086 πῶς
1018 3017 1099 3091 είπω,
1114 3019 1167 3079 εἴτε
1186 3017 1214 3086 ἐξ
1234 3016 1399 3098 ἀνθρωπίνης
1420 3017 1546 3093 σπουδῆς,
1562 3019 1616 3077 εἶτε
1635 3018 1720 3089 aelli

26 3105 41 3118 ”
158 3110 278 3179 εὐδοκίας
286 3117 334 3171 τοῦ
342 3111 499 3192 κρείττονος,
513 3111 591 3189 μόνος
604 3116 619 3171 δ
634 3111 701 3179 Θεδς
715 3110 746 3170 ἂν
761 3111 852 3186 εἰδείη,
866 3110 1031 3185 κατηξιώθην
1047 3116 1095 3183 τῆς
1113 3111 1181 3189 ὑπὲρ
1194 3110 1242 3190 ἐμὲ
1255 3109 1433 3192 χειροτονίας,
1444 3110 1608 3183 κοινωνήσας
1622 3117 1721 3193 τῇπε-

159 3205 323 3287 ριοτάοειτῇ
337 3205 407 3266 κοιτδ
422 3206 467 3266 τδν
483 3207 613 3285 μακάρων
624 3205 768 3280 Ἰωάννην,
787 3204 832 3266 καί
846 3204 939 3265 ἕνδεκα
954 3209 1039 3283 μῆνας
1053 3208 1079 3265 ἐν
1092 3208 1193 3286 ζορερῷ
1206 3204 1305 3287 κελλίῳ
1320 3205 1507 3286 κρυπτόμενος.
1520 3206 1637 3266 Relicta
1656 3209 1722 3268 Pn-

158 3301 286 3371 loestinu,
308 3299 409 3377 repetii
422 3300 613 3380 Bithyniam,
625 3311 653 3359 et
672 3300 703 3357 in
716 3320 763 3372 ea,
781 3320 841 3357 non
853 3319 973 3378 possum
984 3299 1080 3358 dicere
1095 3299 1240 3378 quomodo
1254 3299 1287 3357 id
1295 3301 1411 3380 sactum
1424 3303 1479 3373 sit,
1489 3303 1552 3360 sire
1568 3302 1722 3363 bominum

157 3394 275 3464 studiis,
284 3396 344 3452 sice
355 3393 413 3452 Dei
433 3394 583 3473 beneficio,
602 3392 683 3453 solus
696 3394 728 3451 id
740 3396 818 3452 novit
833 3393 925 3470 Deus,
946 3389 1051 3470 dignus
1063 3393 1180 3450 babitus
1194 3411 1259 3450 sum
1270 3391 1457 3451 ordinatione
1467 3411 1533 3472 quae
1547 3396 1626 3451 uires
1642 3411 1723 3452 ancus

158 3500 286 3568 superat,
299 3501 328 3548 ct
334 3491 482 3568 particeps
487 3490 536 3568 sui
547 3491 754 3568 persecutionis
765 3491 843 3547 beati
852 3489 990 3569 Jounrris,
1003 3499 1093 3567 atque
1102 3488 1238 3546 undecim
1251 3507 1364 3546 menses
1373 3489 1405 3544 in
1415 3488 1625 3546 obscurucella
1636 3487 1722 3546 latui.

158 3582 289 3660 Agnoscis
304 3580 469 3653 Palladium,
482 3581 733 3660 Helenopolitanum
745 3581 918 3661 episcopum,
931 3581 977 3658 qui
992 3594 1051 3660 post
1066 3577 1210 3660 Eulysium
1222 3593 1248 3639 et
1258 3579 1437 3652 Demetrium,
1447 3579 1597 3660 episcopos,
1608 3583 1724 3641 Romam

160 3679 259 3736 missus
271 3676 323 3734 suit
336 3675 371 3734 ad
385 3675 570 3735 Innocentium
588 3678 706 3755 Papam3
720 3675 821 3753 quique
836 3688 925 3755 postea
940 3675 1067 3734 remissus
1081 3694 1144 3733 cum
1158 3675 1264 3734 Latinis
1280 3672 1414 3754 episcopis
1429 3673 1519 3734 literas
1535 3675 1648 3735 Honorii
1663 3679 1724 3738 lm·

160 3769 291 3848 peratoris
306 3769 343 3828 nd
354 3768 504 3830 Arcadium
520 3767 717 3839 deserentibus,
730 3770 758 3828 ia
770 3790 903 3828 carcerem
917 3770 1054 3850 conjectus
1069 3783 1119 3841 est,
1141 3783 1170 3828 ut
1189 3768 1346 3850 perhibetur
1360 3769 1387 3827 in
1399 3769 1517 3850 dialogo.
1533 3771 1563 3831 si
1582 3771 1619 3830 ita
1637 3792 1668 3831 se
1679 3793 1722 3832 res

160 3859 270 3920 haberet
279 3905 287 3931 ,
297 3858 443 3919 dicendum
453 3873 533 3931 esset,
551 3859 675 3919 eumdem
687 3880 744 3918 esse
754 3859 920 3937 Palladium,
937 3875 1073 3921 auctorem
1087 3861 1169 3942 hujus
1182 3861 1299 3940 dialogi,
1310 3883 1341 3922 ac
1355 3862 1508 3922 Palladium
1519 3862 1568 3942 qui
1580 3866 1698 3924 Romam
1708 3887 1724 3924 a

161 3957 265 4015 loanne
285 3955 581 4037 anstantinopolitano
597 3956 695 4015 missus
714 3956 781 4030 luit,
794 3957 879 4034 etqui
891 3956 1038 4017 Historiam
1051 3957 1225 4018 Eremiticam
1239 3956 1274 4016 ad
1286 3959 1405 4018 Lausum
1417 3958 1542 4040 scripsit:
1553 3958 1628 4038 quod
1641 3959 1726 4019 simul

160 4064 232 4111 stare
241 4051 351 4111 omnino
361 4071 413 4110 non
429 4064 524 4130 potest.
537 4053 606 4110 llam
619 4065 714 4110 auctor
728 4052 809 4131 hujus
820 4051 937 4133 dialogi,
956 4053 1268 4135 cujuscumquetandem
1279 4053 1400 4113 civitatis
1412 4054 1553 4136 episeopus
1563 4054 1660 4130 luerit,
1672 4056 1726 4115 ali-

161 4158 262 4224 quanto
276 4159 336 4226 post
352 4160 470 4226 tempore
483 4166 512 4203 se
528 4145 648 4226 primum
664 4148 778 4205 Romam
799 4147 902 4207 venisse
913 4148 963 4226 ait,
982 4170 1063 4228 qoam
1078 4162 1187 4208 venerat
1200 4147 1356 4221 Palladius,
1371 4147 1514 4228 episcopus
1527 4148 1727 4230 Helenopolim·

161 4258 227 4314 nus;
240 4260 319 4318 quem
328 4254 449 4319 tempore
459 4239 608 4300 lunocentii
623 4240 736 4298 Romam
752 4240 866 4312 venisse,
883 4241 941 4322 ipse
950 4241 1058 4313 scribit,
1074 4256 1217 4324 antequam
1228 4242 1371 4300 baberetur
1383 4241 1428 4299 hic
1442 4239 1578 4319 dialogus.
1592 4244 1725 4302 Praeterea

161 4354 223 4393 eum
242 4333 332 4394 adbuc
345 4332 420 4415 apud
430 4335 586 4416 Blemmyas
597 4333 712 4394 detineri
728 4336 823 4395 scribit
835 4357 867 4396 eo
879 4337 938 4418 ipso
952 4351 1086 4417 tempore,
1098 4359 1152 4416 quo
1165 4336 1236 4396 bane
1248 4337 1363 4405 διάλεξιν
1382 4334 1540 4395 instituebat
1553 4355 1616 4394 cum
1628 4335 1725 4397 Theo-

161 4429 230 4488 doro
242 4451 249 4486 :
261 4450 320 4508 qua
332 4428 401 4488 inter
412 4449 441 4488 se
459 4429 598 4489 conciliari
610 4430 685 4490 nullo
703 4429 784 4490 modo
797 4446 918 4513 possunt.
934 4434 1050 4492 Domum
1063 4432 1181 4492 Historia
1198 4432 1329 4491 lausiaca
1342 4430 1412 4490 mibi
1421 4430 1531 4491 videtur
1541 4431 1641 4510 scripta
1653 4431 1726 4491 eirca

161 4541 263 4580 annttm
273 4523 327 4581 491
348 4542 421 4600 :quo
431 4544 501 4582 anno
514 4537 611 4583 atrctor
628 4523 711 4603 hujus
725 4524 843 4583 historia
856 4539 950 4584 natum
962 4546 991 4585 se
1003 4546 1060 4585 esse
1070 4547 1153 4586 anuos
1164 4525 1360 4606 quinquaginta
1378 4538 1447 4600 tres,
1461 4538 1486 4583 et
1502 4545 1517 4582 a
1533 4521 1632 4603 viginti
1647 4524 1726 4583 annis

160 4614 189 4673 in
205 4613 331 4694 Bithynia
346 4613 501 4694 episcopum
517 4636 572 4674 esse
582 4629 705 4676 testatur.
720 4619 781 4677 lam
795 4617 818 4676 si
832 4616 957 4679 detrahas
971 4640 1006 4679 ex
1015 4619 1092 4679 annis
1105 4620 1159 4679 lli
1177 4639 1261 4679 annos
1274 4617 1491 4697 quatuordecim,
1504 4637 1574 4676 anno
1583 4619 1655 4689 lOl,
1671 4637 1726 4696 quo

162 4721 285 4767 mortuus
297 4718 336 4766 est
350 4706 577 4787 chrysostomus,
590 4729 690 4768 annum
703 4723 768 4770 tune
787 4711 882 4791 agebat
896 4712 1034 4772 Palladius
1048 4712 1219 4792 trigesimum
1239 4733 1350 4772 nonum.
1369 4712 1454 4793 lgitur
1472 4710 1619 4770 verisimile
1636 4725 1726 4772 estex

162 4803 286 4883 superius
299 4800 402 4875 allatis,
423 4799 562 4880 dialogum
576 4800 701 4861 habitum
714 4805 796 4864 luisse
811 4805 893 4885 paulo
911 4817 972 4885 post
986 4820 1101 4866 mortem
1114 4806 1227 4867 loannis
1238 4805 1439 4886 Chrysostomi,
1453 4805 1726 4878 circaannun1l08,

162 4917 216 4976 quo
227 4915 297 4955 anno
309 4893 456 4970 Palladius,
466 4909 560 4955 auctor
574 4894 700 4956 Historia
716 4899 866 4973 Lausiacae,
883 4913 960 4960 natus
969 4914 1027 4959 erat
1041 4921 1125 4960 annos
1137 4899 1333 4979 quadraginta:
1347 4896 1421 4978 quod
1434 4898 1544 4957 omnino
1553 4896 1728 4959 animadver-

161 4992 235 5051 sione
248 4989 362 5071 dignum
377 5003 455 5070 puto,
467 4990 532 5070 quia
543 4990 705 5050 Theodorus
715 5013 787 5074 saepe
799 4994 944 5074 compellat
951 4995 1107 5077 episcopum
1122 5008 1258 5054 auctorem
1267 4993 1381 5073 dialogi,
1392 4992 1478 5052 veluti
1489 5013 1596 5067 mtrem,
1609 5013 1728 5070 eumque

161 5107 209 5167 per
220 5106 299 5145 canos
312 5087 370 5166 ejus
384 5084 504 5164 adjurat,
515 5100 544 5144 ut
559 5106 654 5145 verum
665 5086 718 5168 ipsi
731 5103 820 5149 narret
833 5113 841 5149 a
853 5110 914 5168 quae
928 5091 1099 5172 compellatio
1112 5088 1208 5150 cadere
1222 5090 1270 5150 vit
1280 5102 1367 5170 potest
1378 5088 1508 5150 invirum
1519 5107 1729 5166 annorumqua-

160 5182 296 5266 draginta.
317 5181 347 5240 Si
358 5180 515 5240 sententiam
530 5181 582 5240 bac
591 5179 626 5240 de
639 5202 668 5241 re
684 5203 770 5242 meam
787 5184 955 5264 interponere
970 5186 1017 5246 liic
1028 5186 1134 5261 liceret,
1146 5186 1216 5247 illud
1228 5199 1331 5246 tantum
1345 5184 1381 5245 de
1393 5197 1503 5244 auctore
1514 5180 1728 5262 hujusdialogi‚

160 5266 233 5357 quod
250 5277 307 5357 ipsc
321 5276 355 5335 de
369 5297 397 5336 se
410 5275 499 5343 dixit,
516 5277 752 5358 pronuntiandum
760 5299 911 5341 censerem:
929 5280 1018 5362 ipsum
1037 5281 1137 5356 scilieet
1152 5302 1256 5362 magnae
1269 5281 1389 5346 civitatis
1402 5279 1557 5360 episcopum
1572 5279 1672 5350 luisse,
1689 5278 1729 5336 sic
