3714 5970
759 538 932 589 nourruu.
1559 523 1630 613 κλμ,

53 656 89 718 Τι’
101 661 195 737 μεῖζον
210 659 350 739 βσσιλκῖσς
364 661 495 743 ολρσκῶν,
507 661 552 722 κολ
566 659 594 721 ri
605 659 762 742 μικρότιρον
778 662 869 744 κόκκῳ
882 660 1082 737 σινᾶτοωςςΗίσ
1094 680 1183 723 sermo
1192 661 1438 745 comparationibus
1447 661 1485 723 ad
1497 683 1626 725 nauseam

55 772 140 830 usque
152 753 270 834 plenus,
283 776 300 814 a
312 756 383 836 stylo
395 754 582 838 chrysostomi
596 754 706 816 ridetur
720 755 787 816 mihi
800 756 881 838 louge
890 756 1009 827 alienus,
1025 776 1073 816 neo
1085 755 1155 816 iuter
1165 757 1262 836 γνήσιοι
1274 757 1340 817 tanti
1354 756 1473 817 doctoris
1484 776 1564 839 opera
1576 779 1625 820 ac·

54 845 207 907 censendus
215 861 266 908 est.
282 848 406 928 [Partim
417 849 446 908 in
457 849 573 930 Ecloqas
586 862 708 930 receptus
720 863 760 910 est
773 852 842 911 letus
856 849 1017 932 ineptissimi
1029 848 1180 927 Graeculi]

780 1084 892 1148 lelI.

92 1251 222 1313 Oetam
243 1272 388 1336 sermo,p.
401 1255 478 1333 sto,
492 1254 521 1315 io
543 1249 675 1334 illud,Si
683 1276 745 1340 qua
766 1258 800 1317 in
822 1255 938 1319 Christo
958 1276 1037 1318 nova
1054 1269 1206 1332 ereamra,
1219 1262 1323 1317 omma
1344 1257 1524 1320 numerant
1536 1282 1547 1319 e
1560 1278 1627 1322 ecoe

54 1368 135 1408 aava
148 1349 221 1429 fact
232 1361 323 1410 sunta
341 1353 440 1410 omnia
446 1375 458 1422 ,-
468 1350 657 1431 longissimus,
670 1353 718 1431 qui
738 1351 867 1412 tredecim
878 1351 991 1434 paginas
1003 1364 1135 1433 occupat,
1146 1364 1186 1412 est
1195 1350 1250 1411 viri
1263 1349 1375 1430 quidem
1388 1350 1480 1428 docti,
1492 1373 1540 1413 neo
1552 1351 1625 1414 inla-

54 1442 156 1518 cundi;
169 1443 223 1504 sed
233 1444 282 1524 qui
297 1445 382 1526 tropis
400 1467 432 1506 ac
447 1445 545 1526 figuris
559 1445 594 1506 ad
613 1467 739 1508 nauseam
758 1469 843 1528 usque
854 1446 998 1508 redundat.
1009 1447 1120 1508 Initium
1137 1446 1268 1506 sermonis
1278 1460 1318 1506 est
1330 1469 1337 1504 e
1347 1444 1441 1519 Πολλὴ
1457 1446 1504 1526 μὲν
1517 1444 1626 1529 γηπόνῴ

54 1537 192 1617 προθυμία
203 1538 383 1598 κσταὸαλλκιν
396 1539 431 1600 τὰ
442 1539 597 1620 σπέρματα.
606 1539 698 1620 Pergit
710 1538 825 1616 deiude,
836 1553 862 1600 et
872 1561 922 1621 per
934 1539 1054 1620 quinque
1064 1540 1177 1622 paginas
1186 1538 1272 1599 multa
1282 1539 1382 1620 profert
1392 1539 1427 1600 de
1437 1554 1528 1600 sancto
1539 1542 1626 1603 Paulo

56 1651 114 1709 qna
127 1631 165 1690 ad
176 1631 350 1711 propositum
363 1646 554 1711 argumentum
566 1654 620 1693 non
637 1632 785 1714 pertinent,
798 1646 824 1693 et
838 1631 987 1712 aliquando
1000 1631 1117 1693 ridicula
1132 1645 1209 1710 sunt;
1225 1645 1256 1692 ut
1274 1654 1338 1692 cum
1357 1632 1392 1692 de
1404 1633 1560 1695 auditorum
1580 1646 1626 1692 at-

57 1724 174 1783 tentione
188 1723 304 1803 loquens
321 1723 402 1800 dicit,
411 1725 458 1786 καλ
471 1724 506 1785 rh
521 1725 643 1807 βλέφαρα
654 1729 691 1794 ὥς
704 1725 805 1807 sulpura
819 1724 951 1798 ἑστηκότα
963 1730 1032 1806 δρῶ,
1046 1738 1075 1785 et
1087 1725 1245 1806 palpebras
1259 1739 1375 1785 vestras
1395 1739 1547 1807 tamquam
1563 1747 1627 1788 cor·

58 1840 115 1878 uua
125 1832 243 1879 erectas
254 1820 354 1879 video.
366 1821 483 1881 Domum
496 1819 532 1879 ad
544 1820 692 1901 Scripturae
703 1842 784 1880 sacrae
804 1821 893 1881 locum
911 1821 1005 1896 illum,
1019 1820 1050 1880 Si
1061 1840 1122 1902 qua
1137 1824 1170 1879 ia
1184 1821 1301 1880 Christo
1314 1841 1390 1880 aava
1406 1834 1559 1897 creatura,
1571 1835 1624 1883 etc.

59 1914 187 1990 aduenit,
201 1929 229 1974 et
246 1914 324 1994 quasi
338 1936 435 1975 noram
453 1915 595 1975 homiliam
609 1915 715 1998 incipit.
730 1917 786 1976 Nec
796 1916 903 1998 stylus,
914 1937 963 1976 nee
975 1914 1115 1994 ordiendi,
1127 1935 1175 1975 nec
1189 1914 1383 1988 concionandi,
1395 1917 1482 1976 necin
1494 1916 1628 1998 fineper-

60 2008 153 2069 cnudi
168 2007 271 2069 modus
281 2009 470 2091 chrysostomi
483 2030 541 2070 esse
556 2009 675 2083 ridetur,
688 2010 736 2089 qui
748 2010 811 2092 plus
824 2011 905 2071 hahet
917 2010 1015 2071 nativas
1029 2009 1185 2090 elegantiae,
1199 2030 1283 2088 quam
1297 2010 1449 2071 artificiosae
1459 2010 1607 2092 diligentiae
1615 2055 1626 2089 ,

61 2104 181 2164 etsieuhi
196 2117 257 2164 arte
268 2104 365 2182 utitur,
378 2105 416 2164 ita
434 2126 492 2165 rem
513 2119 664 2187 temperat,
679 2120 710 2166 ut
725 2127 831 2188 semper
844 2108 926 2167 lateat
943 2104 1101 2166 artificium.
1116 2104 1183 2164 Hac
1201 2118 1290 2165 nutem
1309 2105 1403 2166 concio
1414 2105 1451 2166 ad
1466 2105 1585 2188 stylum,
1596 2118 1628 2166 ut
1711 2185 1714 2191 .

63 2197 197 2260 iudicem
207 2199 345 2276 ‚ferreum
359 2200 472 2282 propius
486 2200 598 2262 umedit.

818 2357 873 2418 lX.

103 2541 193 2601 Nonus
205 2561 314 2619 sermo,
326 2563 390 2623 pag.
405 2543 481 2614 232,
497 2541 526 2602 in
540 2540 614 2602 illud
622 2586 632 2619 ,
650 2544 708 2601 Hic
722 2555 766 2602 est
779 2542 877 2602 Filius
898 2559 978 2599 meus
995 2537 1137 2611 dilectus,
1151 2542 1184 2597 r‘a
1196 2557 1255 2618 quo
1268 2539 1340 2597 milti
1351 2538 1517 2618 complacui
1525 2561 1538 2608 ;
1551 2538 1629 2635 cujpr

74 2637 187 2708 initium,
197 2636 234 2699 ‘0
251 2638 300 2717 pls
315 2638 485 2720 φιλόστοργος
497 2628 571 2706 οὗτος
587 2637 678 2719 πατὴρ
692 2637 737 2699 διὰ
750 2637 798 2711 τὴν
815 2637 877 2719 περὶ
890 2643 962 2714 ἡμᾶς
976 2634 1089 2716 στοργήν
1110 2633 1188 2693 initio
1206 2632 1316 2694 videtur
1331 2630 1366 2693 de
1384 2647 1461 2714 patre
1483 2646 1509 2693 et
1533 2654 1583 2693 suo
1602 2647 1628 2694 et

78 2731 217 2794 eruditorum
237 2754 350 2794 suorum
368 2734 442 2814 loqui
452 2758 461 2811 ;
475 2735 544 2795 sicut
564 2747 591 2795 ct
609 2735 726 2797 loannes
744 2733 971 2815 Chrysostomus,
984 2751 1046 2791 eum
1068 2729 1208 2812 presbyter
1220 2741 1289 2789 esset
1307 2727 1506 2804 Antiochenus,
1519 2726 1554 2788 de
1567 2729 1629 2790 Fla·

10 2818 15 2897 ᾗ
80 2828 144 2888 siano
155 2829 305 2889 Antiochia
318 2829 527 2912 Archiepiseopo
547 2850 600 2890 non
623 2851 684 2889 raro
704 2828 866 2908 loquebatur
876 2827 954 2888 initio
964 2823 1141 2886 homiliarum
1160 2844 1278 2884 suarum.
1291 2822 1370 2882 Hunc
1388 2842 1490 2882 morem
1506 2822 1630 2885 consulto

10 2910 23 3005 '-
83 2940 191 3002 sqnntm
203 2923 313 2985 videtur
323 2924 370 3004 qui
384 2924 457 2985 hunc
472 2945 622 2986 oermonem
634 2924 820 3006 Chrysostomi
833 2923 942 2984 nomine
952 2920 1056 2997 texui13
1071 2939 1134 2979 nam
1147 2917 1334 2999 chrysostomi
1346 2937 1399 2977 non
1419 2937 1476 2976 esse
1492 2930 1552 2977 tum
1569 2930 1628 2999 sty-

20 3078 24 3083 .
86 3016 131 3093 hs,
141 3035 195 3081 tum
205 3020 330 3081 ordiendi
345 3020 441 3081 modus
454 3036 480 3082 et
494 3019 669 3082 concionandi
684 3021 754 3081 ratio
764 3019 878 3080 suadent
888 3042 895 3076 ε
907 3017 979 3097 quod
992 3037 1070 3098 spero
1084 3014 1239 3074 fatebuntur
1250 3014 1269 3072 ii
1283 3013 1330 3092 qui
1341 3011 1408 3071 tanti
1418 3011 1537 3072 doctoris
1548 3032 1629 3094 opera

88 3113 171 3174 assidue
196 3115 328 3195 legerunt.
339 3115 470 3177 Vidimus
492 3137 592 3197 supra,
607 3116 687 3176 Tom.
697 3113 739 3176 Vl
750 3158 758 3186 ,
771 3133 834 3193 pag.
859 3112 938 3188 255,
960 3109 1183 3191 Chrysostomum
1205 3104 1405 3186 presbyterum
1417 3102 1550 3163 Flaviano
1568 3103 1631 3185 epi·

91 3222 147 3284 stopo
171 3206 313 3265 inductum
336 3221 367 3266 ut
385 3207 427 3266 sui
450 3207 508 3267 loco
527 3206 730 3267 concionaretur
745 3230 752 3262 ε
769 3204 817 3265 sed
842 3202 961 3264 vidimus
975 3201 1059 3260 alium
1078 3220 1186 3279 quoque
1198 3200 1233 3259 Τ.
1247 3199 1346 3280 v1‚p.
1358 3196 1496 3277 linqui
1509 3196 1630 3277 Chryso·

93 3301 146 3359 sumi
158 3322 265 3377 mmor,
278 3315 308 3361 ut
321 3315 465 3384 putamus,
478 3303 645 3376 ementitur),
657 3301 814 3383 episcopum
828 3320 924 3374 suum,
939 3317 1035 3377 nempe
1051 3294 1213 3356 Flavianum
1237 3304 1439 3352 memorantem.
1461 3291 1515 3369 [ln
1538 3290 1630 3372 priore
1670 3332 1680 3347 .

94 3409 192 3481 quoue,
202 3395 439 3477 Constantinopoli
451 3394 564 3473 habito,
580 3416 633 3455 non
656 3394 833 3470 Flauianum,
849 3392 896 3453 sed
917 3390 1002 3450 alium
1027 3386 1183 3468 episcopum
1209 3385 1359 3458 incertum,
1370 3403 1457 3464 pauca
1473 3383 1628 3463 praelatum,

95 3483 167 3550 uttan
182 3489 294 3572 Chrys.
309 3490 359 3552 clr.
372 3489 446 3553 dicta
457 3489 493 3552 ad
508 3488 643 3551 Romilius
652 3489 744 3553 Vntic.
758 3501 778 3549 t.
794 3492 844 3565 tt,
855 3509 883 3568 p.
894 3486 954 3548 tst
967 3481 1034 3544 edit.
1047 3481 1148 3558 norm]

832 3707 870 3771 X.

119 3897 232 3959 Decimus
242 3917 349 3974 sermo,
361 3915 423 3978 pag.
434 3896 505 3972 257,
521 3895 550 3955 in
564 3892 707 3973 Evangelii
721 3891 842 3960 dictum,
853 3902 880 3949 et
897 3887 933 3949 de
945 3885 1126 3968 Virginitate5
1138 3882 1216 3965 cujus
1227 3881 1337 3942 initium
1352 3893 1411 3957 cst,
1430 3878 1516 3940 Οὐδλν
1532 3882 1628 3948 thetae

90 3988 144 4069 lique
161 3991 302 4066 ἀσκόπως,
319 3991 379 4052 addi
399 3990 479 4061 ξένον.
499 3989 578 4049 Hunc
598 4008 749 4049 sermonem
767 3984 931 4064 oblongum,
945 3977 1299 4063 tropis,declamationibus
1311 3989 1337 4036 et
1349 3974 1444 4056 liguris
1454 3973 1491 4035 ad
1501 3994 1629 4035 nauseam

89 4100 153 4163 tque
164 4087 307 4159 refertum
319 4106 373 4146 non
387 4106 443 4146 esse
459 4083 646 4166 Chrysostomi
660 4097 743 4165 puto,
756 4080 804 4141 sed
823 4077 965 4160 cujusdam
979 4075 1069 4138 Greci
1079 4071 1266 4136 declamatoris
1278 4070 1327 4150 qui
1345 4068 1431 4130 sancti
1445 4067 1565 4129 doctoris
1577 4088 1629 4129 no·

89 4194 135 4237 nen
145 4181 284 4241 ementitus
296 4192 346 4242 est.

817 4306 875 4369 XI.

118 4485 269 4547 Undecimus
280 4507 368 4548 sermo
380 4486 573 4561 brevissimus,
587 4504 650 4567 pag.
660 4483 738 4561 tts,
755 4482 792 4547 de
806 4479 966 4561 cognitione
978 4475 1047 4551 Dei,
1061 4489 1088 4536 et
1109 4475 1137 4534 in
1158 4485 1250 4534 sauma
1262 4468 1457 4551 Theophanis,
1472 4481 1535 4546 etc,
1547 4467 1627 4548 cnjus

92 4577 191 4655 initium,
204 4583 311 4667 'llurep
325 4587 349 4644 ul
369 4585 418 4653 τὰς
436 4585 508 4666 ὄψεις
530 4585 583 4642 τῶν
597 4581 729 4660 σωμάτων
750 4577 938 4661 βεὸλσμμένας
953 4574 1074 4656 ἔχοντες,
1089 4571 1116 4632 in
1135 4590 1204 4650 quo,
1215 4568 1278 4628 licet
1291 4564 1468 4640 brevissimo,
1482 4561 1627 4624 exordium

93 4677 184 4737 mione
204 4691 256 4738 tota
275 4677 398 4757 sequenti
417 4676 527 4758 longius
550 4688 604 4754 est5
624 4675 717 4757 sieque
740 4672 830 4735 omniu
855 4681 1056 4750 temperantur,
1069 4678 1101 4725 ut
1118 4683 1197 4725 nemo
1212 4681 1265 4722 non
1280 4659 1384 4742 judicet
1396 4659 1450 4719 hoe
1464 4657 1626 4740 opusculum

96 4765 251 4850 ὓλψωιοωί
266 4793 321 4833 non
334 4791 401 4832 esse.

807 4908 883 4973 Xll.

128 5101 288 5165 Duodecimus
297 5122 400 5179 sermo,
409 5125 439 5185 p.
454 5103 524 5177 Μ,
534 5099 562 5160 in
573 5097 771 5160 Assumtionem
783 5094 907 5170 Domini,
918 5092 996 5174 cujus
1009 5089 1118 5151 initium
1133 5101 1184 5163 est,
1193 5083 1306 5160 Ἐπειδὴ
1315 5083 1407 5167 χάριτι
1416 5085 1487 5144 Θεοῦ
1496 5080 1540 5141 τὸν
1551 5079 1628 5187 ileos

107 5192 135 5250 iu
144 5200 191 5278 supi
200 5206 244 5261 τῶ
265 5199 375 5267 κάλως.
389 5198 467 5258 lianc
480 5180 669 5258 brevissimam
681 5191 825 5253 homiliam
840 5189 981 5271 indignam
995 5187 1189 5268 Chrysostomo
1203 5204 1260 5244 esse
1274 5182 1440 5255 fatebuntur,
1455 5190 1587 5256 quotquot
1601 5196 1629 5235 m

109 5285 581 5376 iumntegendisaobaerrandis
593 5299 829 5372 apuamuurent.
1434 5374 1475 5437 16

230 5418 303 5461 roas.
325 5417 402 5459 xm.
