3714 5970
103 505 125 584 lq
719 523 873 573 rttstnott
901 525 1067 575 ntttoctts

101 656 287 733 apostolorum
302 681 308 712 :
325 661 415 738 Apage
429 658 499 733 sis‚·o
510 659 600 734 borno,
614 659 699 737 gratia
716 657 766 716 Dei
777 677 840 715 ven·

101 746 131 805 ‹li
145 767 174 806 sc
187 768 240 807 non
254 749 326 808 sinit.
341 750 450 808 Etcum
464 752 533 810 iores
544 750 587 810 his
600 748 769 809 sermonibus
778 747 840 829 pul-

102 860 162 897 sare
172 854 302 921 pergeret,
317 841 406 901 denuo
418 841 565 902 dixerunt:
582 840 658 913 Quid
671 841 753 912 emis,
768 839 842 918 quod

102 931 186 1008 gratis
200 933 340 1006 invenies,
354 933 377 992 si
390 932 473 1013 digne
483 933 609 993 vixeris?
625 934 663 993 Ut
677 944 766 991 autem
779 931 842 990 vitae

103 1025 207 1086 labores
221 1041 246 1086 et
261 1031 357 1088 mentis
379 1051 434 1088 sue
457 1030 596 1109 segnitiem
611 1043 691 1107 atque
710 1028 842 1087 incertum

104 1118 142 1176 rei
164 1132 289 1179 eventum
309 1121 507 1194 consideravit,
523 1142 630 1181 rursum
644 1142 658 1179 e
672 1119 779 1179 sacculo
792 1142 843 1179 au-

102 1230 163 1268 rum
180 1213 295 1291 protulit
306 1259 315 1287 ‚
325 1213 375 1272 huc
389 1213 517 1273 illecebra
531 1213 684 1273 Servatoris
696 1212 844 1294 discipulos

899 659 944 718 καί
957 659 1000 718 τὸν
1011 661 1086 719 ὄκνον
1096 662 1143 730 τῆς
1156 662 1248 718 ἑαυτοῦ
1261 655 1439 729 διανοίας,καί
1449 655 1479 715 τὸ
1490 662 1535 716 τοῦ
1545 655 1672 734 πράγμα-

900 773 942 818 τος
954 752 1065 824 ἄδηλον,
1075 750 1156 810 πόλιν
1170 750 1282 828 ἐγύμνου
1295 749 1325 808 τδ
1335 747 1443 828 χρυσίον
1458 755 1504 807 τοῦ
1517 746 1671 826 βαλαντίου,

901 841 1031 909 δελεάζειν
1044 838 1161 918 οἰόμενος
1183 843 1210 898 ἐν
1226 840 1316 920 ἀπότη
1330 839 1391 907 τοὺς
1414 838 1534 917 μαθητάς
1551 843 1598 896 τοῦ
1614 839 1674 896 Σω-

899 939 989 1013 τῆρος.
1003 934 1197 1013 Ἀγανακτόσας
1208 933 1274 1015 πρὸς
1284 931 1382 999 τούτοις
1395 935 1410 991 ὁ
1424 931 1602 1011 δρασσόμενος
1613 929 1674 996 τοὺς

901 1025 994 1106 σοροὺς
1008 1029 1035 1085 ἐν
1060 1030 1093 1105 τῇ
1117 1024 1263 1107 πανουργία
1285 1027 1385 1098 αὐτῶν,
1399 1022 1542 1103 ἐφθέγξατο
1563 1021 1608 1082 διά
1628 1028 1674 1082 τοῦ
1701 1009 1713 1058 l

900 1117 1004 1199 Πέτρου
1013 1118 1112 1198 λόγων·
1127 1118 1168 1178 Τὸ
1182 1114 1303 1197 ἀργύριόν
1315 1138 1362 1175 σου
1376 1115 1422 1176 σίιν
1437 1116 1479 1175 eol
1493 1114 1533 1187 εἴη
1548 1117 1585 1182 είς
1599 1112 1674 1172 ἀπόι-

900 1212 989 1294 λειαν,
1004 1209 1044 1282 ότι
1059 1210 1108 1284 τὴν
1127 1209 1226 1290 δωρεάν
1239 1213 1285 1266 τοῦ
1308 1211 1379 1269 Θεοῦ
1400 1206 1525 1285 ἐνόμισας
1544 1205 1589 1266 διίι
1605 1228 1674 1286 χρη·

102 1301 284 1363 inescaturnnn
293 1326 322 1363 se
330 1320 437 1385 putans.
449 1304 492 1364 Ad
503 1307 563 1365 baec
574 1304 730 1384 indignatus
742 1304 788 1365 illc
797 1306 843 1384 qui
864 1307 883 1354 Β
901 1301 993 1380 μάτων
1006 1308 1129 1363 κτᾶσθαι.
1147 1291 1185 1386 'il
1198 1301 1339 1382 περιέθηκε
1352 1304 1399 1371 τῆς
1414 1298 1553 1377 μετανοίας
1565 1298 1596 1358 nb
1609 1298 1675 1378 ράρ·

102 1396 306 1476 comprebendit
318 1398 449 1478 sapientes
463 1397 490 1456 in
503 1397 740 1477 astutiaipsorum,
754 1419 803 1478 per
814 1419 845 1458 os

23 1471 89 1522 ⁸¹²⁰·
102 1488 175 1547 Petri
189 1487 318 1566 loquutus
330 1502 369 1548 est
381 1487 489 1551 dicens:
500 1492 633 1548 Pecunia
642 1505 692 1548 tun
700 1501 794 1550 tecum
805 1495 843 1550 sit

100 1583 133 1636 in
140 1582 341 1658 perditionem,
355 1584 494 1660 ραοιιίαιιι
506 1582 616 1639 donum
626 1583 681 1640 Dei
692 1584 844 1641 existima-

100 1675 139 1730 sti
151 1675 276 1748 pecunia
285 1674 444 1752 possidere.
466 1673 518 1732 Cui
533 1672 662 1753 imposuit
679 1674 842 1754 penitentie

4 1772 40 1800 ·ν·
50 1767 91 1803 ²²·
102 1763 270 1838 remedium,
286 1785 440 1845 praepnrans
453 1784 515 1823 eum
537 1764 565 1823 in
586 1764 735 1845 patientia:
751 1768 840 1846 Age,

0 1842 19 1861 ’
100 1855 416 1936 inquit-penitentiam,
430 1859 456 1915 si
464 1861 518 1915 titi
531 1857 698 1917 dimittatur
706 1862 843 1938 cogitatio

101 1952 197 2009 cordis
209 1953 262 2008 tui.
283 1950 404 2030 inselle
416 1952 494 2007 enim
505 1953 713 2011 amaritudinis
724 1966 752 2010 et
775 1955 841 2010 oin-

7 2032 31 2076 ν·
53 2031 89 2078 ¹⁸·
100 2043 168 2102 culo
181 2044 346 2121 iniqnitatis
354 2043 443 2100 video
454 2062 515 2101 esse
525 2043 628 2102 seiton
636 2043 715 2102 -enim
730 2044 788 2103 vult
799 2044 842 2103 in-

99 2133 209 2192 teritum
227 2131 372 2213 peccatoris
388 2147 493 2192 ornator
510 2133 664 2194 animarum
679 2137 763 2195 Deus.
786 2138 843 2196 De

99 2225 254 2286 monstratis
263 2246 313 2306 pro
325 2225 400 2286 virili
412 2224 446 2285 iis
458 2225 584 2306 omnibus
597 2248 657 2305 quai
671 2227 812 2304 dixeram,
824 2251 842 2290 o

902 1418 1002 1472 μακον,
1017 1394 1131 1474 ἀλείφων
1149 1393 1226 1454 αὐτὸν
1241 1398 1267 1454 ἐν
1288 1391 1470 1473 μακροθυμία,
1490 1391 1673 1464 Μετανόησον,

900 1485 1001 1566 λόγων,
1018 1488 1040 1545 εἰ
1056 1487 1108 1565 ἀρα
1121 1485 1282 1566 ἀφεθήσεταί
1296 1510 1337 1545 σοι
1350 1490 1368 1557 ἡ
1383 1482 1487 1543 ἐπίνοια
1500 1487 1548 1554 τῆς
1561 1483 1673 1561 καρδίας

901 1603 957 1640 σου.
974 1581 1022 1647 Ele
1036 1579 1087 1659 γάρ
1110 1577 1193 1658 χολὴν
1211 1577 1319 1656 πικρίας
1338 1576 1384 1635 καί
1404 1575 1546 1653 σύνδεσμον
1566 1574 1672 1641 ἀδικίας

900 1674 953 1752 ὁρῶ
972 1694 1002 1731 σε
1019 1672 1092 1731 ὄντα.
1111 1672 1152 1730 Ού
1170 1670 1222 1749 γὰρ
1239 1668 1360 1748 βούλεται
1374 1670 1426 1725 τῶν
1441 1666 1672 1745 πλημμελούντων

899 1763 949 1836 τὴν
968 1764 1102 1824 ἀπώλειαν
1116 1763 1259 1843 φιλόψογος
1275 1760 1311 1819 ὢν
1326 1763 1366 1818 *b
1380 1759 1458 1826 Θεός.
1472 1758 1673 1840 Ἀποδεδειγμέ-

900 1880 951 1914 νων
964 1847 1008 1916 οόν
1031 1855 1100 1916 κατὰ
1118 1854 1227 1930 δύναμιν
1244 1857 1295 1925 τῶν
1316 1851 1533 1933 προειρημένων,
1547 1849 1673 1929 Θεόδωρε

900 1947 1085 2029 μεγαλώνυμε,
1098 1946 1144 2007 καὶ
1166 1946 1315 2026 μυστηρίων
1337 1949 1384 2017 τῆς
1400 1941 1525 2020 ἀληθείας
1551 1945 1672 2020 διάκονε,

898 2039 982 2100 πίθου
996 2044 1060 2120 παρ’
1076 2044 1153 2118 ἡμῶν
1166 2038 1227 2120 περὶ
1240 2028 1276 2096 ὧν
1293 2037 1415 2119 προείλου
1430 2044 1534 2113 μαθεῖν.
1549 2035 1585 2097 Ὁ
1600 2037 1671 2095 διάκ.

899 2132 985 2193 Πόθεν
1000 2156 1031 2192 σε
1046 2138 1089 2191 νῦν
1110 2129 1321 2210 παραγενόμενον
1336 2129 1431 2209 ἔχομεν
1442 2129 1522 2200 τίωςς
1534 2128 1569 2188 ‘0
1580 2128 1671 2189 ἐπίσκ.

899 2223 963 2285 Ἀπδ
976 2231 1025 2298 τῆς
1037 2225 1165 2296 ἀνατολῆς
1181 2221 1319 2294 δηλονότι·
1330 2224 1358 2280 ἐν
1369 2220 1485 2300 πρώτοις
1497 2220 1549 2301 γάρ
1560 2225 1607 2280 νῦν
1621 2221 1671 2292 τὴν

98 2318 191 2397 magni
206 2317 321 2377 nominis
336 2315 488 2392 Theodorc‚
500 2331 527 2376 et
540 2319 731 2398 mysteriorum
745 2321 842 2381 verita·
862 2332 879 2378 F
897 2316 1007 2393 Ῥώμην
1021 2317 1157 2395 τεθέαμαι.
1171 2314 1207 2375 Ὁ
1226 2314 1297 2375 trix.
1319 2314 1356 2375 Τί
1370 2337 1400 2374 σε
1421 2314 1538 2392 μάλιστα
1555 2314 1670 2392 ἤγαγεν,

98 2413 133 2470 tis
142 2410 273 2481 minister,
283 2408 350 2468 audi
360 2409 417 2489 jam
427 2429 488 2486 quae
501 2429 518 2466 a
533 2409 611 2467 nobis
623 2410 693 2469 scire
704 2427 840 2492 praeopta·
896 2409 931 2471 ‘0
953 2410 1040 2470 ἐπίσκ.
1056 2408 1091 2468 ‘0
1111 2413 1159 2480 τῆς
1175 2407 1302 2485 ὑμετέρας
1322 2407 1426 2487 εἰρήνης
1446 2407 1534 2474 πόθος.
1549 2404 1584 2465 Ὁ
1598 2406 1671 2466 διιίκ.

98 2503 156 2560 bas.
168 2503 256 2560 Duc.
267 2500 347 2560 Unde
356 2499 391 2558 ad
405 2515 454 2558 nos
467 2520 539 2558 nunc
549 2499 684 2560 advenis?
696 2502 788 2563 Ertsc.
797 2503 840 2563 Ab
896 2501 978 2575 Ἄλλη
996 2501 1048 2581 γὰρ
1066 2498 1107 2566 τίς
1128 2503 1185 2559 ἐστι
1204 2498 1278 2579 παρὰ
1291 2497 1340 2572 τὴν
1361 2497 1510 2578 ὑμετέραν,
1523 2497 1558 2557 ‘0
1576 2498 1670 2558 ἐπίσκ.

100 2593 213 2652 Oriente
226 2591 328 2651 scilicet
341 2614 348 2648 ι
362 2612 435 2651 nunc
446 2591 518 2650 enim
530 2591 649 2672 primurn
663 2594 777 2654 Romam
792 2598 838 2657 vi·
896 2595 956 2654 Οὐκ
968 2593 1025 2652 ἔστι
1038 2592 1085 2670 μὲν
1098 2593 1178 2666 ἄλλη,
1194 2590 1261 2652 ἀλλά
1276 2591 1321 2650 καί
1333 2591 1401 2652 πάνυ
1412 2614 1443 2669 γε
1454 2590 1503 2669 μία
1512 2592 1561 2664 ,ἣν
1574 2592 1670 2651 ἐκτῶν

100 2682 160 2742 deo.
177 2683 262 2740 Duc.
282 2681 414 2754 Qnaenam
428 2693 454 2738 te
472 2680 593 2740 maxime
605 2688 684 2742 caiisa
698 2683 840 2745 adduxit?
896 2688 1012 2768 οὐρανῶν
1028 2684 1140 2745 δέδοικεν
1154 2689 1168 2743 ὁ
1183 2682 1279 2763 Σωτλρ
1294 2681 1406 2763 εἰρηκὼς
1419 2692 1473 2749 τοῖς
1493 2683 1670 2750 ἀποστολοις·

99 2772 200 2831 Ertsc.
218 2768 322 2829 Unicus
343 2769 418 2849 pacis
432 2784 528 2829 restrae
549 2791 634 2831 amor.
647 2774 841 2836 Duotlliane
863 2827 875 2866 t
896 2778 1014 2858 Εἰρήνην
1036 2777 1083 2848 τὴν
1101 2775 1167 2854 ἐμὴν
1184 2776 1278 2854 δίδωμι
1301 2779 1374 2852 ὑμῖν.
1398 2773 1483 2854 Ὑπὲρ
1507 2775 1535 2835 δὲ
1559 2775 1671 2854 βεάαίας

100 2860 308 2940 igituravcstra
322 2857 578 2919 estiEmNonalia
592 2860 710 2938 quidem,
724 2862 840 2945 sedpla-
860 2871 1005 2952 Αχάριτος
1029 2867 1224 2948 ἐδευτίρωσεν·
1252 2866 1369 2946 Εἰρήνην
1397 2865 1446 2940 τὴν
1473 2866 1542 2945 ἐμὴν
1569 2866 1671 2948 ἀφίημι

102 2969 135 3007 ¹¹⁰
152 2946 265 3025 ‘ademi
280 2968 361 3026 ‘luam
380 2968 395 3006 ο
412 2949 477 3007 ονθίο
500 2951 628 3033 sillaim:
649 2950 736 3029 dedit,
748 2953 841 3016 (ίίθθθθ
897 2966 974 3042 ὑμῖν,
988 2963 1018 3022 rb
1033 2961 1081 3041 μίν
1098 2950 1153 3034 σόν,
1169 2959 1290 3038 Δίδωμι,
1305 2957 1386 3027 τάξας
1403 2961 1443 3038 ἐφ’
1459 2963 1552 3020 ἑαυτοῦ
1560 3002 1570 3030 ,
1585 2960 1617 3019 τδ
1630 2960 1669 3034 dl,

0 3072 18 3089 1
52 3041 88 3106 ri.
99 3036 227 3118 apostolis
243 3060 250 3093 ι
268 3039 376 3096 Pacem
389 3057 485 3096 ineam
496 3040 534 3097 do
549 3041 643 3098 vobis.
656 3038 695 3098 ld
713 3041 840 3103 firmioris

100 3140 189 3185 autem
203 3125 296 3206 gratiae
310 3125 541 3186 confirmationem
558 3127 655 3186 iterum
674 3128 763 3188 dixit:
778 3133 840 3189 Pa·

99 3236 161 3273 cem
175 3235 270 3274 meam
282 3215 417 3294 relinquo
427 3217 511 3273 vohis
526 3238 536 3276 .·
549 3214 601 3273 boc
609 3214 718 3293 quidem
726 3219 840 3279 verbum

98 3305 136 3361 do
151 3301 225 3361 adse
238 3302 365 3380 referens3
381 3300 450 3360 illud
461 3314 549 3361 antem
561 3304 696 3381 relinquo
704 3303 738 3362 ad
747 3306 840 3386 Spiri-

98 3406 156 3450 tum
169 3403 303 3468 sanctum,
323 3403 353 3449 ut
369 3390 397 3449 in
411 3390 517 3471 Spiritu
532 3412 580 3472 per
592 3392 731 3453 Christum
745 3397 841 3475 cogni·

97 3478 198 3540 tionem
213 3479 301 3538 Patris
319 3479 444 3560 gentibus
458 3478 615 3539 revelarent.
633 3483 738 3542 Verum
758 3485 839 3545 sicuti

97 3567 125 3626 in
141 3569 263 3627 resolutis
274 3568 401 3628 membris
414 3569 509 3628 anime
522 3570 688 3650 operationes
702 3571 737 3632 ad
750 3575 840 3636 sanio-

98 3677 140 3716 res
167 3652 347 3715 membrorum
375 3671 464 3736 portes
487 3671 653 3718 recurrunt:
673 3660 709 3719 ita
737 3663 840 3741 patitur

97 3744 192 3804 infelix
217 3743 337 3804 Orientis
361 3744 490 3804 Ecclesia.
526 3746 660 3805 Resolutis
680 3750 751 3807 enim
781 3753 838 3832 ejus
858 3802 875 3848 Β

98 3831 240 3905 membris,
259 3852 346 3910 neque
365 3830 400 3890 ob
421 3832 526 3912 pulsam
548 3834 719 3894 concordiam
746 3841 838 3901 munia

99 3942 147 3980 sna
167 3920 276 3999 exsequi
299 3919 475 3996 valentibus,
499 3920 620 4000 plerique
642 3921 676 3982 de
704 3927 838 4008 expeditis
891 3887 1032 3963 ‘imm’

98 4023 125 4068 et
151 4011 209 4090 ejus
231 4007 365 4068 desiderio
383 4009 517 4085 acrensis,
533 4010 639 4069 exsules
658 4033 673 4070 a
692 4016 779 4093 patria
796 4039 839 4077 er-

897 3053 1022 3134 Ἀφίημι,
1034 3053 1077 3114 inl
1089 3057 1133 3112 τοῦ
1148 3051 1303 3130 Πνεύματος
1316 3056 1361 3110 τοῦ
1376 3050 1468 3130 ἁγίου,
1480 3049 1515 3110 ἵν’
1532 3056 1559 3112 ἐν
1576 3051 1668 3112 Πνιύ-
1697 3044 1713 3095 ν

897 3172 962 3227 ματι
977 3146 1020 3207 διδ
1034 3148 1150 3227 Χριστοῦ
1164 3145 1212 3218 τὴν
1225 3152 1271 3205 τοῦ
1280 3144 1384 3222 Πατρός
1398 3144 1592 3226 ἀποκαλύψωσι
1603 3149 1669 3226 γνῶ·

896 3263 938 3299 σιν
953 3249 1006 3306 τοῖς
1019 3239 1128 3298 ἔθνεσιν.
1146 3237 1215 3296 Ἀλλ’
1230 3235 1320 3315 ὥσπερ
1335 3235 1378 3296 ἐπί
1394 3239 1446 3295 τῶν
1462 3237 1668 3318 παραλυθέντων

897 3335 984 3410 μελῶν
1014 3335 1041 3390 αἰ
1055 3335 1102 3402 τῆς
1126 3333 1212 3409 ψυχῆς
1234 3327 1362 3408 ἐνέργειαι
1383 3329 1429 3387 ἐπὶ
1453 3328 1486 3388 τὰ
1506 3329 1669 3412 ὑγιεινότερα

896 3429 948 3484 τῶν
962 3425 1049 3502 μελῶν
1060 3421 1263 3498 ἀνακάμπτουσι
1275 3421 1353 3502 με’ρη,
1363 3427 1439 3481 τοῦτο
1450 3419 1482 3493 δὴ
1494 3422 1609 3481 πέπονθε
1621 3423 1668 3482 καί

896 3525 914 3592 ἡ
930 3515 1009 3576 ἀθλία
1028 3513 1090 3595 ἑῴα.
1104 3512 1316 3594 Παραλυθίντων
1329 3512 1380 3591 γάρ
1395 3514 1476 3586 αὐτῆς
1491 3518 1543 3572 τῶν
1559 3519 1667 3594 μελῶν,

895 3610 942 3671 καί
959 3607 1006 3676 τάς
1028 3607 1126 3673 οἰκείας
1144 3604 1275 3685 ἐνεργείας
1295 3608 1430 3665 ἀποτελεῖν
1454 3605 1492 3684 μὴ
1513 3607 1665 3685 δυναμένων

896 3703 938 3762 διά
958 3702 1007 3775 την
1027 3705 1075 3772 τῆς
1089 3697 1210 3775 ὁμονοίας
1224 3696 1323 3778 ρυγλν,
1337 3701 1493 3760 οἱπλεῖστοι
1508 3703 1560 3759 τῶν
1585 3702 1667 3770 εὐζώ-

894 3818 945 3853 νων
965 3792 1010 3851 καί
1023 3789 1187 3871 γλιχομένων
1208 3792 1306 3862 αὐτῆς,
1323 3789 1435 3870 ρυγάδες
1450 3796 1498 3863 τῆς
1516 3794 1608 3873 χώρας
1621 3819 1669 3854 κα-

1042 3883 1185 3951 ἀκινδύνως
1198 3882 1244 3942 καί
1261 3883 1438 3963 ἀπραγμόνως
1451 3886 1531 3944 οἰκεῖν
1545 3886 1595 3959 τὴν
1611 3894 1668 3968 θρε-

893 3982 1015 4064 ψαμένην
1035 3981 1064 4038 οὐ
1080 3976 1221 4053 δυνάμενοι
1237 3976 1281 4037 διά
1294 3975 1342 4048 clv
1357 3975 1448 4057 σχέσιν
1463 3984 1510 4051 τῆς
1525 3983 1668 4054 ἀληθείας,

99 4119 204 4173 ramus,
220 4097 268 4177 qui
288 4097 345 4156 sine
356 4097 481 4177 ‘periculo
497 4111 525 4156 et
538 4099 681 4177 tranquille
701 4102 838 4166 alumnam
893 4075 919 4135 ‘l
930 4097 985 4140 πων
1001 4077 1069 4148 ὑμᾶς
1079 4070 1213 4183 ῗνίννννοοι
1229 4069 1276 4137 τὰς
1289 4069 1379 4148 ολίνος
1391 4070 1606 4158 vaticinios<
1619 4076 1667 4143 νον

100 4201 218 4246 nostram
235 4186 350 4245 incolere
373 4207 426 4245 non
444 4187 578 4267 possimus
594 4189 630 4247 ob
653 4211 771 4252 amorem
798 4216 841 4256 re-
891 4164 1049 4244 λενπνμέναν
1067 4185 1105 4240 τί)
1121 4165 1170 4241 βιῳ
1184 4161 1255 4220 κατὰ
1267 4162 1297 4221 τὸ
1316 4161 1465 4242 εὐαγγέλιον
1481 4165 1616 4244 (innuen,
1633 4168 1667 4228 Ὁ

100 4275 198 4344 ritatis,
224 4274 245 4332 si
265 4295 319 4353 quo
340 4272 421 4332 modo
438 4295 556 4354 paucos,
575 4275 622 4353 qui
640 4277 730 4338 adbuc
745 4303 841 4364 snper·
895 4258 965 4318 ὄνον·
976 4256 1023 4323 Ὧν
1037 4255 1105 4314 νοω
1117 4298 1125 4328 -¹
1139 4254 1270 4331 νονμοίονο
1287 4255 1388 4334 πίτνον
1404 4257 1456 4315 'llll’
1476 4262 1524 4328 νῆο
1542 4262 1666 4340 ποονονος

101 4376 177 4436 sunt,
199 4363 261 4422 rite
277 4360 335 4422 dies
347 4362 497 4421 secundum
511 4364 683 4442 evangelium
698 4372 771 4449 apud
792 4394 840 4432 ros
893 4355 959 4428 ἡμῖν
969 4357 981 4383 ¹
992 4347 1159 4420 &Milli
1171 4345 1332 4427 οννίοονοον
1345 4347 1397 4428 ἰοί
1411 4348 1523 4430 e‘oplern
1535 4360 1593 4419 τοῖς
1603 4359 1668 4431 δίον·

100 4451 234 4519 vivamus.
249 4452 338 4510 Diae.
355 4448 396 4509 ld
408 4471 465 4523 nos,
475 4451 636 4510 venerabilis
645 4467 729 4532 pater,
742 4458 840 4519 adivi·
892 4444 981 4525 τίραῑί
998 4441 1082 4508 ἅνίανθ
1100 4439 1148 4512 t‘lt
1165 4439 1214 4512 θ’θν
1236 4439 1379 4518 &diffidim-
1395 4432 1482 4520 θίίνον
1496 4443 1547 4523 ‘illi
1566 4468 1596 4504 σε
1618 4450 1667 4518 τῆς

100 4560 134 4598 na
149 4537 330 4621 providentia,
342 4537 840 4612 utvideo,missuses:doloremenim
894 4536 1000 4599 coridon
1025 4524 1092 4592 οἶνον
1104 4530 1227 4591 Ἰωνίννον
1251 4538 1296 4591 νοῦ
1323 4533 1467 4593 emmim
1493 4537 1665 4601 Κοννονθντῑτ

100 4640 179 4686 tuurn
191 4626 288 4685 nostris
301 4624 483 4684 anxietatibus
495 4641 703 4689 consentaneum
716 4633 838 4697 invenio.
860 4631 878 4680 ὓ
894 4625 1052 4692 ”milwe
1067 4622 1103 4684 Ὁ
1127 4623 1217 4686 litlot·
1247 4622 1341 4692 Οὕτως
1364 4623 1420 4705 ἔχει
1441 4629 1477 4693 ὣς
1499 4628 1616 4707 εἴρηκας.
1632 4629 1666 4690 ‘0

102 4714 190 4774 Credo
201 4729 290 4773 antem
304 4728 392 4773 teesse
404 4734 438 4772 ex
450 4715 560 4776 loannis
573 4717 841 4805 constantinopolita·
894 4717 965 4776 διίκ·
979 4715 1173 4797 Παρακίνδησθ
1188 4715 1287 4790 τοίνυν,
1299 4716 1343 4776 inl
1353 4718 1424 4775 0⁸05
1437 4716 1585 4798 μάρτυρος,
1598 4721 1666 4798 μετὰ

101 4802 130 4861 ni
140 4802 284 4865 consortio.
293 4803 390 4862 Erisc.
404 4801 451 4863 Sic
463 4816 517 4879 est,
527 4818 558 4862 ut
570 4803 666 4866 dixisti
675 4811 772 4873 .Drrc.
784 4814 841 4874 Ro·
894 4808 982 4883 πόσης
996 4807 1120 4881 tiresiae
1132 4812 1197 4886 ἡμῖν
1212 4807 1389 4884 imiimi&
1403 4807 1464 4887 περὶ
1477 4797 1514 4866 in
1526 4810 1597 4870 κατὰ
1617 4812 1665 4890 με’·

100 4910 136 4970 go
151 4906 180 4950 nt
194 4895 250 4951 Deo
260 4904 326 4949 teste
336 4910 426 4951 narres
440 4890 519 4951 nobis
532 4914 593 4952 rere
606 4915 637 4953 ea
650 4917 710 4974 qnae
721 4899 840 4981 singilla·
895 4925 937 4983 ρος
965 4909 1055 4979 μαθιῑν
1078 4901 1251 4981 ἐπειγόμεθα,
1266 4904 1301 4966 ὡς
1321 4900 1396 4967 εἰδὼς
1417 4907 1507 4973 τοῦτο,
1530 4901 1571 4961 ὅτι
1591 4904 1616 4963 εί
1638 4929 1665 4964 τι

100 4979 151 5038 tim
164 4979 232 5039 scire
246 4976 325 5037 avide
343 4978 529 5059 cupimus3de
542 4981 594 5041 isto
607 4997 712 5056 certos,
724 4988 797 5065 quod
815 4992 839 5050 si
891 4991 966 5073 παρὰ
979 4992 1029 5065 την
1051 4992 1175 5065 ἀλήθειαν
1191 4998 1256 5065 ἡμῖν
1270 4993 1442 5071 ἀναγγείλῃς,
1465 4993 1530 5061 ἔξεις
1550 4994 1599 5072 μὲν
1620 4997 1663 5057 τὸν

99 5067 168 5144 qnid
185 5081 282 5148 praeter
295 5067 436 5127 veritatem
451 5069 528 5129 nobis
547 5070 837 5148 nuntiaveris‚Denm
890 5083 958 5145 Θεδν
973 5083 1100 5156 δικαστὴν
1122 5084 1168 5144 καὶ
1183 5083 1458 5166 κριτλν,,ἐλεγχθήσῃ
1481 5086 1509 5146 δὲ
1530 5086 1576 5146 καὶ
1599 5092 1662 5172 παρ’
1691 5087 1710 5140 P

97 5152 211 5215 habebis
224 5157 393 5234 qnaesitorcm
404 5170 431 5216 et
441 5155 564 5237 judicem
571 5181 582 5236 ς
598 5160 718 5240 argueris
729 5163 836 5227 etiarna
890 5177 966 5251 ἡμῶν
979 5174 1074 5255 ἑτίρως
1095 5175 1250 5254 μαθόντων·
1265 5179 1295 5236 οὐ
1310 5176 1361 5256 γάρ
1375 5168 1441 5249 ιίςῆ
1466 5175 1511 5236 δύο
1524 5177 1541 5251 ἢ
1562 5181 1661 5260 τρεῖςῆ

127 5350 140 5376 ⁸
157 5349 167 5414 [
179 5354 192 5403 δ
202 5356 249 5408 θεός
260 5345 331 5398 θθθδῑ
341 5349 367 5398 Ῑθ
379 5345 438 5415 M⁸=l
934 5378 944 5402 ¹
960 5360 1048 5415 Codex
1057 5324 1183 5416 tledtcens
1194 5371 1332 5431 ἀπεστάλης,
1342 5366 1425 5434 bigot.
1437 5370 1574 5432 θπιατάἰης.
