3750 6052
225 782 293 857 188
692 800 723 850 s.
751 798 892 851 cornuis
918 792 1153 847 cantsosuour
1179 792 1260 846 virt
1273 824 1285 864 ,

225 930 279 990 uisi
292 928 382 990 statim
391 925 551 987 abscederet.
567 928 623 988 Nec
636 926 793 985 Isaurorum
806 938 910 999 metus,
920 942 969 982 nec
1020 922 1104 982 oflicii
1117 942 1201 1004 genus
1213 922 1380 1004 impertiret,
1395 942 1428 983 ac
1440 921 1463 982 si
1477 920 1526 1003 qui
1539 917 1666 983 monachi
1679 916 1763 982 veui·

226 1022 338 1084 morbus
362 1041 418 1099 qno
440 1033 503 1078 tunc
517 1022 631 1081 loannes
645 1017 834 1098 premebatur,
850 1013 969 1076 illosrd
1020 1030 1098 1093 rent,
1113 1030 1143 1076 ut
1156 1017 1248 1098 ipsum
1259 1015 1428 1077 contumeliis
1447 1016 1608 1075 incusant
1625 1022 1674 1074 aut
1693 1010 1770 1072 male

229 1111 400 1172 humaniores
416 1111 460 1172 rel
473 1108 666 1170 moderatiores
678 1106 817 1167 reddebat.
828 1106 969 1166 lustabant
1019 1108 1175 1185 afficerent,
1188 1130 1223 1170 ex
1237 1109 1298 1169 aliis
1315 1109 1391 1170 villis
1407 1108 1465 1169 suis
1482 1104 1616 1188 agricolas
1632 1116 1745 1187 cogeret
1755 1148 1768 1175 ‚

225 1219 314 1266 nutem
335 1204 519 1284 urgebantque
543 1222 605 1262 cum
631 1201 725 1260 furore
750 1211 843 1272 tanto,
862 1210 892 1257 ut
915 1195 968 1278 ipsi
978 1204 981 1211 '
1019 1213 1101 1279 atque
1110 1200 1148 1260 ita
1160 1222 1223 1261 cum
1234 1201 1372 1263 monachis
1383 1220 1495 1261 manum
1503 1212 1654 1261 comermct
1664 1222 1673 1258 s
1685 1199 1771 1260 Joau·

226 1316 334 1376 quoqne
346 1296 473 1365 Praetorii
485 1295 584 1355 milites
604 1307 679 1353 metu
700 1292 968 1368 afficerenturaquoa
1019 1312 1081 1352 nem
1103 1314 1166 1354 vero
1179 1294 1310 1375 rogabat,
1326 1293 1355 1354 in
1371 1293 1484 1354 domum
1497 1292 1580 1353 aliam
1600 1312 1681 1353 anam
1705 1308 1770 1369 quae

224 1401 255 1448 ut
281 1388 378 1470 maiori
403 1387 498 1447 timore
518 1384 707 1467 percellerent,
725 1383 914 1463 gloriabantur
938 1399 968 1439 se
1019 1404 1107 1445 arcem
1120 1385 1251 1464 habebat,
1263 1406 1311 1446 nec
1322 1385 1504 1448 ullisviribus
1516 1383 1669 1469 expugnari
1683 1395 1769 1464 pote-

220 1480 279 1559 jam
302 1480 402 1539 multos
421 1479 561 1559 pretorius
573 1475 674 1536 milites
687 1475 757 1535 fmde
772 1474 936 1534 verbrasse.
1019 1491 1082 1550 rat,
1099 1478 1251 1559 confugeret
1264 1523 1272 1552 ‚
1288 1492 1319 1539 ut
1335 1491 1428 1539 contra
1440 1478 1560 1561 episcopi
1574 1491 1602 1539 et
1613 1475 1770 1538 monacho-

264 1571 315 1634 }lis
330 1571 433 1632 auditis
446 1567 570 1629 Praetorii
590 1567 691 1628 milites
706 1568 742 1627 ad
755 1568 885 1628 loannem
899 1585 969 1625 cou-
1020 1590 1082 1629 rum
1095 1570 1213 1631 furorem
1232 1573 1261 1632 in
1282 1584 1340 1632 tuto
1353 1585 1424 1632 esset
1435 1593 1444 1630 a
1457 1590 1554 1633 rerum
1566 1568 1662 1631 abnuit
1675 1571 1767 1632 Joan·

222 1663 331 1744 fugiunt
341 1708 352 1740 ,
366 1665 509 1745 ipsumque
522 1674 616 1741 rogant
626 1673 653 1719 et
662 1660 803 1719 obsecrant
812 1671 859 1734 ut,
871 1656 968 1718 aiam·
1020 1680 1076 1721 nes.
1111 1663 1214 1722 interea
1238 1683 1302 1725 vero
1324 1662 1454 1724 nocerium
1475 1661 1625 1725 Seleuciam
1648 1660 1768 1743 urgmat
1779 1675 1820 1716 tas

222 1757 247 1815 si
268 1756 295 1815 in
315 1757 472 1815 isaurorum
494 1774 588 1813 manus
603 1750 778 1812 incidendum
793 1749 846 1821 sit,
867 1748 911 1808 his
925 1762 969 1808 ta·
1020 1753 1193 1827 Pheretrius,
1209 1776 1266 1815 rem
1281 1775 1391 1836 prorsus
1403 1756 1542 1836 ignorante
1551 1756 1674 1817 Jmnuca
1689 1754 1771 1814 nole·

225 1869 286 1909 meu
306 1848 404 1908 belluis
426 1848 498 1928 ipsos
519 1845 654 1905 liberaret.
670 1848 723 1905 lles
739 1842 869 1903 Praefecto
891 1839 967 1900 urbis
1019 1835 1067 1905 hat
1077 1845 1150 1905 enim
1162 1845 1311 1906 nrecunda
1322 1846 1561 1907 mulierPharetrii
1573 1844 1691 1906 insultans
1704 1864 1769 1905 san·

226 1939 383 2012 nubuntur,
398 1939 446 2020 qui
469 1952 499 1997 ut
518 1937 616 2000 Joanui
632 1936 811 2018 opitularetur
829 1932 966 2010 occurrit,
1021 1950 1065 1997 cto
1080 1938 1142 1997 viro
1163 1938 1321 2018 patefacere.
1341 1939 1461 1999 Instante
1480 1937 1590 1999 danum
1603 1936 1769 2008 Pharetn'o,

226 2032 426 2111 monachosque
438 2043 564 2112 precatur
575 2029 722 2091 absistant=
737 2026 784 2086 sed
797 2026 897 2084 frustra
911 2044 968 2084 ces·
1021 2029 1113 2101 minas,
1130 2030 1277 2090 intentante
1298 2044 1380 2110 atque
1398 2044 1527 2111 cogentm
1539 2043 1573 2090 ut
1584 2032 1720 2092 Joanuem
1732 2050 1773 2090 ex

227 2144 285 2184 sere
297 2138 407 2184 conatus
419 2124 478 2204 ejus
493 2143 585 2182 omnes
595 2144 604 2198 3
616 2121 654 2180 ita
664 2135 694 2181 ut
712 2139 808 2200 anceps
820 2117 904 2176 animi
918 2138 969 2177 ne·
1022 2122 1153 2182 suburbio
1172 2122 1295 2203 ejiceret,
1318 2122 1437 2183 bominis
1456 2121 1692 2204 importunitatem
1713 2141 1772 2181 uon

225 2217 307 2277 sciro
319 2231 412 2276 utrum
425 2216 522 2278 loanni
539 2214 657 2295 optatius
667 2225 744 2285 esset,
754 2232 817 2271 cum
831 2209 971 2289 caedispe·
1022 2213 1108 2273 ferens
1117 2213 1253 2287 Seleucia,
1266 2213 1339 2274 dixit
1349 2215 1445 2276 loanni
1463 2214 1562 2274 instare
1575 2212 1711 2273 barbaros
1720 2233 1771 2272 seu

229 2307 318 2368 riculo
335 2329 371 2369 ex
390 2307 457 2367 urbe
471 2306 620 2388 proficisci,
636 2327 719 2386 quam
737 2303 897 2382 urgentibus
908 2301 969 2383 pel·
1022 2305 1130 2366 lsauros
1137 2351 1148 2379 ,
1165 2305 1279 2386 ideoque
1289 2307 1343 2368 alio
1354 2307 1408 2390 ipsi
1422 2309 1473 2368 iter
1485 2307 1680 2391 mpoesednm
1692 2328 1772 2369 esse:

224 2399 396 2478 lentibusquc
410 2398 520 2459 furiosis
532 2398 588 2458 illis
601 2395 741 2457 monacbis
754 2400 783 2454 in
794 2395 861 2455 urbe
873 2414 970 2455 mane·
1024 2418 1060 2459 ex
1072 2400 1232 2460 vaenundia
1247 2400 1319 2460 enim
1336 2401 1471 2462 Pheretrii
1489 2400 1648 2463 violemiam
1668 2401 1775 2483 expri-

223 2512 264 2554 re.
278 2492 356 2552 Misit
371 2492 456 2571 igitur
472 2490 509 2551 ad
531 2490 705 2550 Pharetrium
722 2489 896 2570 episcopum,
911 2507 973 2568 pre·
1025 2511 1098 2551 mere
1108 2512 1161 2552 non
1171 2492 1299 2553 audebat.
1310 2493 1408 2553 Media
1416 2507 1506 2554 autem
1519 2507 1598 2556 noete
1609 2494 1686 2556 verrit
1698 2494 1775 2555 Ere·

223 2582 301 2643 cibus
310 2584 346 2643 ab
361 2583 409 2642 illo
429 2581 592 2643 contendens
605 2594 636 2640 ut
649 2579 768 2654 Joanni',
779 2592 839 2638 tum
849 2576 886 2638 ob
899 2599 972 2637 mor·
1025 2583 1100 2644 thius
1120 2586 1262 2668 presbyter
1274 2586 1502 2646 “familiaribus
1515 2587 1641 2662 Joannis,
1653 2606 1776 2666 magno-

223 2675 290 2735 bum
301 2696 356 2754 quo
372 2669 561 2745 detinebatur,
575 2686 635 2732 tum
649 2670 686 2731 ob
705 2670 848 2729 imminens
864 2669 972 2750 pericu·
1025 2698 1078 2757 que
1097 2678 1213 2739 clamore
1237 2677 1310 2738 dixit
1330 2678 1461 2759 :surge,
1476 2677 1603 2754 ohaam,
1618 2676 1773 2738 advenum
1850 2733 1853 2737 ,

224 2766 292 2842 lum,
303 2786 403 2847 paucos
414 2764 504 2833 adhuc
515 2763 575 2823 dies
585 2760 750 2824 conceleres.
760 2762 815 2820 Nec
823 2759 973 2840 quidquam
1025 2765 1134 2825 barbari
1147 2813 1156 2841 ‚
1170 2786 1219 2826 nec
1231 2767 1311 2847 louge
1322 2767 1430 2828 absunt.
1438 2768 1511 2828 Tum
1521 2765 1590 2845 quid
1600 2764 1711 2827 consilii
1723 2784 1776 2825 ca-

224 2861 370 2942 impetrarc
384 2858 491 2940 potuit:
512 2859 569 2917 imo
584 2854 715 2938 postridie
730 2852 857 2915 monachi
870 2853 973 2913 acriore
1025 2871 1102 2940 peret
1113 2860 1229 2920 Joannoe
1242 2858 1384 2919 nesciebat,
1397 2860 1461 2918 Nox
1473 2857 1568 2919 illunis
1577 2871 1604 2919 er
1619 2854 1777 2938 caliginosa

225 2954 329 3035 impetn
345 2967 409 3013 sunt
422 2949 476 3011 usi.
492 2951 586 3028 Neque
596 2947 748 3029 presbyteri
762 2944 805 3005 illi
814 2988 824 3022 ,
833 2944 882 3024 qni
894 2947 974 3007 Joan·
1026 2963 1097 3028 erat,
1107 2950 1137 3010 in
1150 2950 1244 3010 urbem
1258 2972 1286 3011 se
1298 2952 1413 3033 recipere
1426 2970 1480 3010 non
1493 2962 1616 3032 poterat,
1628 2968 1681 3011 uec
1690 2949 1776 3030 quia-

229 3046 258 3106 ni
285 3044 387 3106 addicti
407 3057 588 3123 erant,·opem
603 3040 646 3100 illi
663 3040 732 3100 ferre
751 3039 810 3098 ausi
831 3049 914 3115 suut,
925 3034 973 3097 sed
1026 3063 1107 3120 quam
1119 3055 1219 3124 praesto
1232 3056 1289 3103 erat
1306 3044 1354 3122 qui
1369 3064 1447 3125 opem
1465 3044 1563 3122 ferret,
1578 3054 1651 3103 metu
1673 3053 1770 3103 umen

225 3158 289 3197 cum
303 3138 360 3204 hac
368 3135 503 3196 Pharetrii
509 3135 589 3214 jussu
603 3133 663 3192 fieri
675 3150 729 3191 uon
743 3131 914 3210 ignorarent,
924 3150 972 3189 nec
1025 3135 1196 3215 compulsus,
1207 3134 1335 3194 erumnis
1347 3135 1519 3196 confectuset
1525 3135 1583 3215 jam
1593 3146 1712 3195 mortun
1722 3154 1777 3195 ex·

226 3252 289 3291 cum
304 3253 320 3290 a
334 3232 438 3292 Joanne
454 3239 672 3300 amonerentur,
687 3223 814 3284 οοωὰοοο
825 3222 972 3284 audebant.
1024 3241 1162 3309 spectans,
1179 3227 1305 3287 surrexit.
1320 3229 1359 3288 Ut
1371 3241 1462 3287 autern
1485 3227 1536 3287 iter
1555 3226 1688 3286 condoma
1700 3246 1773 3307 pos·

268 3324 339 3383 Cum
350 3322 377 3381 in
393 3320 444 3381 tali
457 3340 548 3380 rerum
569 3315 722 3378 conditione
736 3336 789 3376 non
801 3328 890 3397 posset
900 3314 971 3374 ultra
1025 3334 1099 3396 sent,
1114 3319 1144 3378 iu
1155 3320 1276 3380 lecticam
1287 3320 1416 3395 ascendit,
1430 3341 1462 3380 nc
1475 3321 1544 3381 faces
1558 3318 1693 3381 accendit
1707 3321 1770 3382 Ve-

227 3419 345 3479 loannes
358 3413 465 3473 inurbc
479 3409 640 3486 musisterc,
655 3408 705 3468 etsi
719 3408 789 3468 febri
808 3407 969 3482 laborabat,
1024 3432 1088 3471 rum
1110 3410 1159 3470 has
1180 3408 1313 3471 Erethius
1329 3412 1418 3471 socios
1430 3411 1566 3492 exstingui
1586 3409 1695 3471 comsit
1702 3454 1714 3487 ,
1729 3430 1770 3471 ne

226 3506 278 3567 ctsi
289 3509 446 3567 Isaurorum
457 3503 575 3563 instabat
585 3514 689 3577 metus,
702 3500 768 3561 hora
777 3500 836 3581 ipsa
847 3498 972 3560 meridia·
1024 3502 1151 3581 barbari,
1167 3503 1324 3584 inquiebat,
1336 3504 1405 3564 lucis
1417 3502 1561 3585 splendore
1574 3502 1657 3563 exta'ti
1671 3501 1702 3562 in
1716 3520 1773 3563 uos

227 3618 318 3675 ua,se
338 3598 367 3657 in
386 3595 510 3657 lecticam
530 3593 674 3675 conjiciens
689 3593 827 3674 profectus
841 3591 972 3668 est,nui·
1024 3597 1157 3677 impetum
1166 3593 1699 3674 saciant.Exsununiuquenotbn,er
1707 3612 1777 3653 mn·
1802 3634 1869 3698 Q,

226 3710 303 3752 versa
322 3689 401 3771 plebe
414 3688 598 3769 lacrymante,
615 3684 748 3766 ejulante,
762 3697 844 3763 atque
863 3684 900 3743 rei
917 3705 972 3743 au·
1025 3689 1060 3748 lis
1071 3707 1142 3747 unrrs
1158 3687 1206 3765 qui
1219 3686 1340 3746 lecticam
1354 3686 1474 3766 gestabat
1493 3685 1521 3745 in
1538 3683 1624 3746 ardua
1635 3696 1665 3745 ct
1676 3696 1774 3765 patm-
1786 3702 1820 3771 rat
1829 3715 1869 3775 gn

226 3794 326 3843 ctorem
338 3793 493 3842 exsecrante
511 3800 543 3839 ac
563 3777 633 3838 diris
645 3777 809 3839 devovente.
825 3777 971 3857 Postquam
1024 3800 1054 3839 sa
1066 3777 1109 3839 via
1122 3778 1151 3837 in
1164 3798 1235 3859 genu
1247 3777 1355 3858 lapsus,
1369 3779 1499 3839 loannem
1512 3776 1540 3835 in
1554 3774 1649 3836 lectica
1668 3773 1771 3835 iuclu-
1788 3774 1867 3807 '¹¹¹⁸‘

226 3868 318 3934 anum
337 3874 456 3934 &saraa
471 3891 591 3952 egressus
603 3870 671 3945 fuit,
687 3869 800 3949 quidam
818 3869 909 3928 clerici
923 3890 972 3929 re·
1026 3889 1086 3929 sum
1100 3870 1176 3929 humi
1190 3868 1350 3950 prostravit,
1370 3888 1517 3950 partumque
1531 3867 1618 3950 abfuit
1629 3866 1700 3947 quin
1714 3867 1768 3930 ille

226 3980 338 4038 uerunt,
352 3970 384 4024 ac
396 3965 518 4043 lugentes
532 3962 605 4022 leuto
617 3960 703 4039 gradu
716 3959 807 4040 ipsum
820 3959 974 4036 sequeban-
1026 3961 1155 4022 interiret.
1169 3967 1285 4043 surgens
1298 3960 1395 4022 deinde
1405 3961 1516 4021 uacum
1522 3958 1638 4042 pedibus
1650 3958 1772 4020 incede·

226 4071 281 4118 tur.
301 4058 348 4117 Ex
368 4055 425 4115 illis
452 4075 518 4114 vero
547 4051 659 4131 quidam
684 4049 829 4109 dicebantr
845 4052 972 4122 Quonam
1027 4052 1093 4130 bat,
1108 4054 1243 4129 Erethio,
1257 4055 1306 4134 qui
1326 4075 1361 4115 er
1379 4074 1449 4132 equo
1470 4052 1623 4129 desilierat,
1635 4052 1771 4113 manibus

226 4149 308 4208 illum
329 4146 365 4206 ad
388 4159 503 4205 mortem
523 4142 679 4203 adducitis?
700 4143 779 4202 Unrts
803 4155 910 4215 autem,
924 4146 973 4221 qui
1028 4144 1118 4226 ipsum
1132 4160 1314 4207 sustentante:
1331 4146 1377 4206 vix
1392 4145 1464 4205 euim
1478 4145 1540 4218 ille,
1553 4164 1586 4203 ac
1596 4164 1630 4204 ue
1642 4142 1777 4223 vixqui·

227 4242 358 4302 loannem
372 4234 520 4296 admodum
534 4235 657 4307 amabat,
670 4233 749 4311 quasi
762 4233 802 4291 ira
817 4247 973 4313 permotus,
1027 4235 1102 4306 dcrn,
1114 4237 1141 4297 in
1154 4252 1208 4298 tam
1222 4258 1315 4320 aspera
1328 4239 1462 4298 montium
1474 4236 1519 4298 ria
1532 4237 1584 4296 iter
1599 4254 1696 4316 agaae,
1713 4235 1774 4297 uisi

227 4330 283 4390 sbi
306 4330 432 4404 obsecro,
454 4326 565 4404 iuquit:
582 4326 610 4384 in
632 4327 741 4385 bactros
764 4324 846 4383 etiam
860 4323 949 4386 incide
964 4372 972 4402 ,
1028 4343 1189 4389 sustentatus
1199 4344 1226 4390 et
1240 4331 1316 4409 quasi
1329 4344 1447 4404 tractus,
1473 4342 1586 4409 poterat.
1602 4329 1705 4388 Prater
1715 4326 1773 4389 has

227 4418 562 4485 modoanobiselabaris.
572 4419 643 4478 Nam
652 4438 824 4497 quocumque
836 4418 973 4498 incideris,
1029 4434 1118 4480 autem
1138 4423 1304 4482 calamitates
1328 4422 1445 4482 instabat
1467 4420 1563 4497 febris,
1586 4419 1659 4480 haud
1683 4418 1777 4481 dubie

228 4529 287 4577 tuto
306 4514 427 4591 incides,
440 4509 589 4572 dummodo
602 4529 698 4568 manus
711 4522 816 4568 nostras
828 4510 951 4591 effugias.
1029 4526 1107 4572 aucta
1118 4513 1236 4574 motibus
1256 4514 1431 4593 casibusque;
1449 4512 1562 4593 urgebat
1573 4511 1654 4572 etiam
1666 4510 1776 4574 barba-

200 4623 205 4633 ·
272 4607 338 4667 Hae
357 4603 471 4666 audiens
489 4625 522 4664 ac
537 4599 702 4682 perspiciens
722 4603 829 4679 egregia
851 4615 974 4664 matrona
1028 4626 1121 4665 rorum
1134 4619 1240 4666 metus:
1260 4626 1322 4665 nam
1340 4619 1434 4665 catera
1448 4605 1556 4682 omnia,
1575 4606 1636 4685 quae
1658 4617 1772 4686 postro-

80 4699 180 4794 '¹¹,:·‘⁰¹¹⁸
231 4698 373 4773 Seleucia,
394 4694 489 4758 Rufini
513 4714 600 4768 uxor,
624 4712 685 4769 quae
699 4691 817 4752 officiose
843 4695 975 4757 Joaunem
1029 4717 1073 4756 mo
1098 4696 1253 4757 Pharetrius
1274 4711 1367 4758 contra
1388 4696 1537 4758 Seleuciam
1558 4695 1774 4778 designaverat,

232 4790 382 4851 admodum
396 4787 515 4864 colebat,
531 4783 657 4866 precibus
675 4782 711 4842 ab
731 4782 780 4842 illo
799 4784 974 4867 impetravit,
1028 4788 1170 4869 ignorabat
1179 4788 1234 4849 ille.

232 4897 263 4943 ut
289 4883 317 4942 in
334 4881 419 4963 ipsius
441 4880 624 4940 suburbanam
642 4874 757 4950 villam,
776 4897 835 4954 quae
854 4879 975 4960 quinque
1068 4876 1174 4938 Similia
1183 4878 1270 4938 multa
1279 4879 1372 4959 gravia
1381 4891 1486 4939 uotum
1500 4877 1603 4939 itineris
1613 4896 1697 4957 agens
1706 4898 1776 4959 per·

230 4994 361 5056 passuum
373 4970 495 5031 millibus
508 4971 543 5029 ab
558 4968 625 5028 urbe
634 4965 761 5040 distabat,
771 4969 881 5050 hospitii
895 4991 973 5033 eausa
1028 4991 1122 5052 pessus
1142 4984 1201 5043 est,
1222 4992 1282 5049 qun
1301 4970 1460 5051 Olympiadi
1482 4991 1535 5032 non
1551 4968 1713 5052 speciatim,
1742 4986 1777 5033 ut

231 5088 261 5127 se
274 5066 421 5134 conferret,
435 5061 561 5138 misitque
571 5058 618 5138 qui
631 5072 754 5118 sanctium
766 5059 857 5120 virum
868 5061 917 5122 illo
926 5063 976 5124 du·
1029 5063 1132 5144 priora,
1144 5064 1225 5123 refert
1237 5087 1244 5120 ε
1257 5077 1381 5123 caeterum
1393 5063 1514 5123 obsecrat
1527 5064 1612 5138 illam,
1622 5076 1653 5122 ut
1664 5082 1698 5122 ca
1707 5052 1783 5143 quar

232 5171 333 5219 carent.
349 5159 487 5231 ltneque
510 5151 575 5211 illic'
588 5150 616 5209 iu
636 5171 703 5231 pace
720 5153 856 5230 quiescere
877 5152 974 5216 licuit:
1031 5156 1155 5236 superius
1162 5170 1306 5216 memorata
1318 5169 1380 5215 suut
1392 5155 1625 5232 neminicnuntiet,
1635 5153 1684 5215 sed
1694 5156 1777 5235 apud

235 5271 297 5311 nam
314 5270 344 5309 re
356 5256 493 5326 comperta
507 5242 665 5302 Phanetrius
674 5243 774 5302 multas
783 5242 910 5304 Seleucia
924 5247 976 5305 mi·
1030 5269 1059 5308 se
1069 5261 1171 5308 tantum
1184 5249 1325 5310 contineat.
1340 5249 1428 5307 Tanta
1439 5270 1503 5308 vero
1514 5261 1571 5307 erat
1581 5246 1778 5328 Chrysostomi

237 5363 284 5401 nas
298 5337 454 5401 intentavit.
468 5334 519 5394 llla
531 5354 595 5393 vero
609 5354 661 5394 uou
671 5333 761 5394 miuus
771 5334 976 5416 prudensqnam
1031 5339 1117 5411 fama,
1133 5354 1207 5401 tanta
1218 5340 1253 5400 de
1265 5341 1360 5401 exsilio
1370 5355 1398 5400 et
1410 5340 1537 5400 arumnis
1553 5340 1607 5421 ipsi
1619 5339 1720 5420 injuste
1733 5338 1778 5400 il-

237 5432 356 5491 offioiosa
368 5428 487 5501 femina,
500 5428 633 5488 loannem
645 5424 734 5503 adiit,
748 5446 780 5485 ac
798 5426 832 5486 dc
843 5427 977 5490 Pheretrii
1031 5430 1093 5490 latis
1107 5433 1311 5506 commiseratio,
1326 5445 1357 5491 ut
1368 5431 1467 5511 ubique
1479 5446 1563 5492 coetus
1574 5430 1717 5492 hominum
1726 5451 1778 5492 cu·

239 5523 321 5583 minis
334 5523 404 5583 nihil
417 5518 470 5602 ipsi
481 5516 643 5591 retulit,scd
654 5518 825 5578 Procuratori
835 5539 885 5579 suo
894 5532 978 5581 totam
1029 5524 1117 5604 jussis
1129 5523 1267 5604 dignitatis
1281 5525 1309 5583 in
1322 5545 1462 5584 occursum
1475 5526 1534 5605 ejus
1545 5524 1712 5586 venientium
1726 5526 1779 5586 vi-

239 5635 297 5675 rum
314 5613 435 5695 aperuit,
450 5610 555 5692 ipsique
573 5608 727 5691 mandavit,
741 5623 771 5671 ut
788 5613 884 5674 loanni
900 5633 979 5675 omne
1028 5615 1120 5679 disses
1141 5616 1197 5678 Ubi
1211 5629 1299 5677 autem
1312 5616 1339 5677 in
1355 5616 1555 5697 Cappadociam
1568 5631 1595 5678 et
1614 5617 1641 5677 in
1658 5617 1776 5679 Tauro·
1789 5651 1866 5711 gg,

1788 5730 1804 5742 n
1824 5712 1868 5742 n..
