3750 6052
712 576 804 626 nunc
829 574 963 626 rutatum
988 574 1191 628 amoenans.

176 705 298 768 dentiore
310 703 373 765 stilo
392 702 476 764 misit.
499 704 532 764 ln
545 701 635 786 prium
649 701 686 763 ad
704 700 874 762 Demetrium
894 720 924 760 se

177 821 264 882 nuper
276 797 312 858 ad
333 796 506 858 tabernacula
525 795 720 856 monachorum
738 793 863 854 accedere
876 792 924 854 de·

174 893 296 952 creuisse
308 890 360 962 ait,
376 904 402 950 et
417 890 444 948 in
459 888 631 968 sequentibus
641 909 669 948 se
680 887 738 947 illic
752 899 810 946 tum
823 885 925 947 versari

179 983 297 1042 insinuat
310 1008 316 1038 ι
328 1002 411 1060 quare
425 1001 478 1040 una
487 980 538 1039 luit
551 979 673 1039 omnium
686 977 779 1059 opinio
789 976 841 1036 hoc
854 996 925 1082 opus

180 1074 298 1135 edidisse
309 1076 438 1135 loannem
452 1072 534 1154 paulo
547 1086 700 1152 postquam
711 1070 749 1130 ad
763 1070 924 1129 monasteria

179 1190 207 1228 se
217 1168 377 1239 contulerat,
392 1179 417 1225 et
428 1186 490 1224 cum
501 1164 558 1224 illie
570 1176 734 1224 versaretur.
746 1164 852 1222 Verum
865 1160 925 1219 Til·

178 1261 324 1320 lemontius
341 1271 432 1317 contra
452 1256 522 1316 hanc
541 1256 700 1316 sententiam
713 1299 722 1330 ,
735 1275 817 1334 quam
837 1268 925 1312 tamen

181 1377 234 1415 non
245 1355 355 1414 omnino
370 1352 488 1434 respuit,
502 1372 530 1411 se
543 1350 744 1411 validissimum
759 1349 842 1409 telum
857 1369 927 1408 con·

180 1454 305 1526 torquere
314 1458 400 1526 putat,
409 1465 472 1505 eum
481 1445 583 1516 ait,hic
603 1446 733 1506 loannem
746 1443 782 1501 ita
795 1441 883 1520 loqui,
896 1453 926 1499 ut

180 1554 238 1598 tum
252 1521 392 1620 presbyter
404 1538 486 1597 luisse
500 1557 610 1618 prorsus
628 1534 762 1595 rideatur.
778 1537 883 1595 Verum
896 1547 926 1592 ut

179 1633 208 1691 in
218 1631 323 1692 Monito
337 1630 456 1689 adhunc
470 1629 573 1688 librum
583 1628 716 1700 diximus,
729 1639 760 1685 ut
772 1626 852 1686 etiarn
865 1646 926 1684 mo-

179 1725 289 1785 nuimus
303 1738 365 1783 ante
378 1723 481 1783 librum
494 1721 529 1781 de
540 1721 724 1801 Virginitate,
739 1719 775 1778 ita
792 1718 927 1778 saniliare

178 1832 219 1876 est
241 1817 453 1898 chrysostomo,
470 1814 608 1874 variorum
628 1815 768 1894 personam
791 1809 924 1885 induere,

179 1929 276 1990 nempe
296 1908 501 1989 episcoporum,
516 1906 749 1987 presbyterorum,
769 1904 825 1964 imo
844 1905 926 1963 etiam

179 2003 401 2082 conjugatorum,
416 2000 491 2079 quod
512 1999 645 2080 exemplis
668 1998 879 2078 comprobatur,
896 2008 927 2055 ut

180 2092 249 2152 nihil
269 2093 332 2152 hinc
349 2093 440 2151 inferri
454 2112 531 2172 posse
552 2091 662 2150 cannino
683 2090 819 2150 videatur.
836 2089 927 2148 Tem-

180 2207 232 2267 pus
242 2187 326 2266 igitnr
337 2185 383 2244 ille
394 2199 485 2265 aperte
493 2182 605 2256 indicat,
613 2203 675 2242 eum
686 2196 777 2242 narrat
785 2202 815 2241 se
823 2179 928 2262 πρῴην,

180 2299 267 2358 nuper
278 2277 313 2336 ad
328 2279 489 2336 monasteria
502 2275 648 2335 secessisse.

220 2370 323 2431 Valens
337 2370 495 2448 Imperator,
510 2368 556 2446 qui
569 2367 699 2427 Arianam
712 2365 827 2426 heresin
838 2379 928 2425 secta·

179 2460 271 2531 batur,
288 2459 348 2520 dira
363 2460 390 2519 ιιι
413 2461 586 2533 Catholicae,
602 2459 776 2538 maximeque
790 2459 816 2518 in
831 2479 928 2518 mona·

182 2553 248 2611 ehos
263 2553 374 2611 molitus
384 2565 434 2610 est.
451 2553 614 2631 Tamenque,
629 2552 696 2609 dum
708 2553 791 2611 frater
801 2541 928 2632 ejusVa·

180 2645 344 2705 lentinianus
363 2645 426 2725 pius
447 2657 474 2703 et
496 2644 652 2705 Catholicae
675 2644 790 2713 vireret,
814 2664 848 2703 ne
874 2643 929 2703 sra-

180 2751 249 2796 trem
264 2750 455 2807 commoveret,
467 2756 482 2795 a
493 2736 637 2796 vexatione
654 2736 793 2795 inserenda
812 2736 929 2796 desiste·

181 2828 239 2888 hat.
256 2830 401 2907 Postquam
412 2841 501 2888 autern
512 2827 745 2889 Valentinianuse
759 2829 930 2890 ririsexces·

182 2936 252 2980 serat
266 2943 336 2981 anno
351 2924 418 2996 ill,
433 2921 460 2980 in
475 2922 630 2983 Catholicos
645 2923 757 3004 impune
769 2930 929 3003 grassatur,

183 3019 355 3097 maximeque
369 3018 396 3076 in
411 3019 571 3093 monachos,
585 3040 653 3098 quos
673 3019 756 3100 jussit
771 3041 806 3082 ex
818 3020 930 3083 mdihus

1658 581 1725 658 109
1744 611 1747 619 ·

977 700 1065 809 legem
1076 702 1202 766 educare
1217 705 1250 766 ln
1264 705 1448 767 masculorum
1461 725 1528 768 vero
1528 704 1726 769 concubitores

978 796 1108 857 acerrime
1122 798 1276 860 invehitur.
1290 799 1364 879 quod
1375 800 1511 860 nefarium
1523 792 1610 861 scelus
1624 802 1725 862 butio-
1756 837 1762 850 ·

979 875 1069 945 chia
1061 902 1098 952 tta
1103 888 1273 970 invaluerat,
1288 891 1478 973 utpericnlum
1490 906 1557 952 esset
1559 892 1726 971 ,inquit,ne

978 1000 1058 1040 sextis
1074 980 1236 1041 rnuliehris'
1226 1005 1283 1064 jam
1293 983 1449 1069 superlluus
1460 978 1622 1053 efficeretur
1637 984 1678 1043 lu
1672 1005 1725 1043 se

979 1071 1068 1131 cundo
1077 1071 1147 1132 libro
1162 1064 1302 1135 historiam
1315 1077 1396 1134 refert
1409 1073 1551 1156 cujusdam
1564 1075 1647 1161 amica
1659 1076 1701 1134 sui
1715 1119 1723 1148 ,

980 1162 1043 1240 oqui
1051 1162 1438 1248 solitariamvitamamplexus
1448 1169 1532 1226 luerat
1544 1191 1551 1224 ι
1563 1170 1640 1249 euju's
1651 1183 1727 1247 pater

980 1254 1099 1315 infidelis
1117 1271 1190 1332 erat,
1202 1257 1290 1328 dives,
1304 1271 1440 1340 spectatus
1460 1259 1683 1340 etelarissimus.
1699 1262 1726 1320 ls

979 1349 1099 1430 primum
1110 1351 1255 1412 concitavit
1265 1352 1412 1434 principes,
1423 1352 1542 1411 mihatus
1553 1367 1592 1412 est
1599 1353 1726 1425 vincula,

979 1443 1123 1524 ipsumque
1138 1444 1226 1503 lilium
1240 1445 1367 1504 omnihus
1382 1459 1495 1505 exutum
1511 1446 1542 1519 in
1551 1444 1638 1505 aliena
1655 1459 1726 1505 terra

978 1533 1099 1614 reliquit,
1111 1536 1266 1596 necessariis
1274 1537 1355 1595 etiam
1370 1536 1507 1597 alimentis
1521 1550 1643 1616 egentem
1656 1561 1663 1594 ι
1674 1537 1728 1597 hoc

979 1640 1078 1708 putans
1090 1647 1119 1688 ue
1130 1628 1210 1709 illum
1218 1627 1351 1689 adsaeculi
1360 1628 1445 1689 vitam
1457 1629 1727 1696 reducturumPost·

979 1733 1155 1797 quamautem
1166 1721 1281 1780 illumin
1295 1722 1370 1782 nullo
1379 1723 1431 1782 sihi
1442 1722 1536 1784 cedere
1546 1722 1628 1798 uidit,
1638 1723 1727 1800 victus

979 1811 1089 1871 tandem
1102 1813 1267 1894 palinodiam
1281 1815 1387 1876 cecinit.
1401 1819 1439 1875 Ac
1454 1810 1526 1876 hunc
1536 1816 1564 1876 in
1579 1816 1683 1876 honore
1693 1816 1728 1875 li-

979 1902 1048 1963 lium
1069 1904 1167 1976 hahet,
1188 1908 1304 1986 eum'que
1318 1909 1422 1987 tnagis,
1438 1908 1555 1987 quamsi
1571 1923 1646 1989 pater
1663 1931 1729 1970 suus

980 2008 1057 2067 essct,
1074 2012 1233 2057 veneratur:
1249 1996 1364 2080 eumque
1379 2001 1447 2060 alios
1457 2001 1554 2071 habeat
1569 2001 1653 2076 filios,
1666 2012 1729 2083 sp‘e·

980 2101 1080 2165 etates,
1092 2110 1137 2149 eos
1154 2110 1187 2149 ne
1200 2090 1299 2170 dignos
1309 2091 1421 2171 quidem
1435 2094 1482 2172 qui
1496 2114 1566 2153 serva
1559 2094 1658 2174 hujus
1672 2096 1728 2154 sint

980 2184 1174 2244 arbitratura'
1141 2207 1224 2268 rpse
1234 2208 1341 2267 quoque
1350 2201 1459 2269 propter
1472 2189 1561 2248 filium
1571 2189 1651 2269 longe
1671 2190 1730 2249 ela

982 2277 1038 2336 riot·
1052 2294 1103 2338 est.
1115 2301 1131 2334 ιι

1024 2374 1053 2429 ln
1069 2370 1148 2430 tertio
1165 2371 1341 2431 autem-libro
1357 2372 1470 2432 alteram
1483 2373 1566 2432 refert
1586 2372 1729 2433 historiam

979 2463 1089 2544 juvenis
1104 2463 1246 2544 eujusdam
1266 2464 1429 2524 nobilissimi
1444 2508 1453 2535 ,
1473 2466 1551 2546 eujus
1566 2462 1730 2546 poedagogus

983 2558 1131 2617 monachus
1150 2571 1252 2630 erat,a
1269 2578 1323 2637 quo
1344 2557 1491 2639 paedagogo
1509 2572 1596 2618 totum
1613 2546 1731 2620 loannes

983 2647 1139 2708 edidicerat.
1159 2649 1278 2729 Hujusee
1291 2650 1369 2730 pueri
1384 2664 1462 2731 pater
1476 2650 1626 2710 Christiani
1639 2650 1731 2711 officia

983 2762 1081 2821 parum
1092 2739 1213 2815 curabat,
1223 2756 1309 2801 mater
1322 2761 1386 2802 vero
1398 2743 1497 2823 pietate
1511 2743 1625 2824 predita
1637 2756 1694 2802 erat
1705 2758 1732 2803 et

983 2831 1131 2890 admodum
1142 2832 1278 2913 religiosa.
1296 2833 1375 2892 Pater
1385 2834 1475 2894 filiurn
1485 2834 1520 2893 ad
1532 2835 1673 2896 saculares
1683 2856 1732 2894 so-

984 2925 1042 2983 lum
1060 2923 1206 3003 dignitates
1220 2946 1379 3007 promovere
1396 2926 1733 3006 cogitaba13mater·'vero

983 3014 1013 3074 id
1024 3037 1106 3075 unum
1121 3016 1250 3089 cubabat,
1263 3031 1292 3075 ut
1305 3038 1353 3098 per
1362 3015 1426 3077 vita
1436 3018 1732 3098 sanctitatem'regnum
1783 3019 1789 3028 '

183 3113 259 3194 pelli,
273 3113 307 3172 ad
320 3115 445 3173 militiam
460 3115 603 3188 conscribi,
616 3129 641 3174 et
649 3115 676 3174 in
688 3136 808 3175 carceres
818 3117 927 3196 conjici.
981 3110 1086 3168 calcate
1101 3123 1265 3182 mereretur,
1279 3109 1425 3189 etquidem
1439 3132 1488 3192 per
1498 3111 1562 3170 vita
1579 3113 1733 3203 monastice

131 3231 172 3292 7·⁵
184 3205 231 3265 Sic
245 3206 408 3265 Antiochum
419 3207 539 3265 tumultu
550 3221 704 3285 terroreque
716 3207 839 3288 replevit.
850 3209 931 3268 Tune
983 3201 1122 3261 exercitia
1137 3200 1358 3262 Exeducaliont's
1374 3216 1464 3262 autem
1479 3203 1561 3263 modo
1572 3218 1657 3263 totum
1671 3198 1736 3285 pen·

184 3297 287 3356 amicus
302 3297 415 3375 qnidam
429 3299 568 3358 loannis
560 3319 587 3356 an
602 3298 749 3358 solitudine
759 3300 881 3379 degentis
893 3301 930 3360 al
982 3294 1082 3354 debat:
1075 3308 1262 3380 quapropter
1273 3315 1384 3375 conjuga
1399 3298 1483 3355 suasit
1500 3310 1529 3356 ιιι
1547 3297 1626 3356 illum
1638 3300 1734 3358 Antio

131 3419 171 3477 i⁶
164 3386 241 3448 lum
256 3388 349 3447 adiit
335 3404 360 3447 ct
372 3403 496 3469 precatus
507 3402 556 3463 est,
578 3401 608 3448 ut
626 3390 819 3450 monachorum
832 3404 858 3449 et
871 3412 931 3451 mo-
983 3390 1073 3451 chiam
1083 3403 1210 3464 mitteret,
1218 3403 1248 3448 ut
1258 3390 1295 3448 alu
1303 3390 1426 3471 linguam
1436 3391 1561 3451 L‘atinam
1572 3406 1599 3451 et
1608 3393 1733 3453 Graecam

184 3483 291 3543 nasticae
305 3482 369 3542 vitae
379 3503 489 3542 caussam
501 3481 665 3542 defenderet.
677 3485 745 3542 Rern
761 3496 816 3543 ιιιιι
830 3482 931 3543 imma-

145 3603 171 3644 ts
183 3597 243 3635 nem
260 3575 309 3634 vix
322 3574 429 3634 credere
442 3589 547 3656 poterat
560 3577 696 3637 loannes:
711 3587 738 3634 at
753 3575 801 3635 ubi
816 3597 851 3636 ex
860 3577 932 3638 ami·

182 3670 207 3728 ei
219 3680 336 3748 narratu
357 3667 525 3727 verissimam
544 3688 601 3727 esse
621 3669 762 3748 comperit,
775 3681 850 3730 tanto
864 3690 929 3751 per·

181 3761 273 3819 culsus
282 3758 375 3819 dolore
386 3759 449 3839 tuit,
465 3773 495 3818 ut
509 3760 535 3818 in
551 3759 686 3837 la'cryrnas
700 3772 864 3842 erumperet,
878 3763 931 3821 De-

183 3873 285 3931 umque
297 3867 462 3933 precaretur,
476 3852 516 3911 uti
534 3873 563 3912 se
578 3873 613 3911 ex
623 3851 676 3911 hae
688 3851 745 3913 vita
760 3853 880 3927 tolleret,
898 3874 931 3914 ne

184 3944 388 4012 similiaridere
401 3959 550 4025 cogeretur.
563 3945 637 4003 Tum
652 3946 675 4004 is
685 3947 733 4025 qni
745 3960 864 4019 venerat,
879 3966 931 4006 non

180 4037 239 4117 jam
249 4051 354 4117 tempus
368 4036 540 4118 lacrymandi
553 4057 610 4096 esse
619 4037 704 4114 dixit,
721 4037 767 4097 sod
776 4048 861 4117 ἰιιιιιι
873 4059 930 4098 ma·

184 4130 212 4189 lo
224 4129 420 4189 occurrendum
439 4150 504 4203 esse,
518 4128 592 4208 quod
612 4129 669 4210 ipse
689 4143 805 4211 poterat,
822 4130 844 4189 si
859 4130 930 4190 scri·

186 4238 264 4306 ptum
284 4223 388 4298 ederet,
410 4244 464 4302 quo
486 4224 645 4284 violentiam
665 4224 823 4306 hujusmodi
840 4223 932 4285 sedare

186 4329 283 4397 posset.
296 4315 452 4396 Respondet
470 4316 585 4375 loannes
599 4330 719 4376 metuere
731 4338 760 4376 se
770 4339 804 4377 ne
818 4318 932 4398 gentiles

187 4408 314 4469 Ecclesia
331 4409 381 4469 Dei
397 4409 571 4483 insultarent,
582 4408 606 4467 si
619 4408 689 4468 mala
703 4411 761 4495 ejus
782 4432 817 4470 ex
831 4412 932 4492 scripto

187 4501 515 4583 suodiscerent.Reponit
532 4501 675 4576 ille,·istaec
693 4496 849 4584 omnia‘ja'm
868 4522 933 4582 gen·

186 4594 247 4653 tiles
258 4615 403 4674 cognosse·
415 4594 637 4673 Christianosque
647 4615 704 4655 esse
717 4595 870 4674 multosque
880 4595 931 4654 sihi

188 4699 266 4743 notos
281 4707 327 4763 qur
321 4688 406 4746 'talia
421 4700 616 4769 perpetrarent
638 4687 713 4746 Tum
732 4708 796 4748 vero
816 4689 933 4749 loannes

188 4777 306 4835 amicum
317 4778 465 4854 dimittens,
482 4802 510 4840 se
523 4780 551 4840 id
568 4767 704 4840 facturum
719 4781 858 4862 pollicitus
871 4795 929 4840 est:

188 4884 269 4948 atque
282 4869 360 4929 hosce
367 4884 422 4931 tres
436 4872 520 4933 libros
535 4872 632 4933 edidit.
650 4874 752 4933 Peioris
769 4873 865 4934 titulus
883 4887 932 4948 est,

131 4986 165 5034 ..ι
188 4962 338 5021 Adversus
360 4964 577 5044 Oppugnntores
598 4971 671 5026 aitte
689 4975 881 5028 manasticoer
905 4967 934 5026 in

131 5064 177 5106 οι·
131 5052 319 5156 mseoundc,
334 5075 377 5113 cua
370 5054 495 5129 'titulus,
510 5057 718 5138 Adinfidelem
727 5072 852 5140 patrem,
856 5058 935 5120 idem

131 5187 179 5218 6,..
131 5125 379 5227 ΙΓ“.ιι·[ςιιιιιιιιιιιιιι
406 5149 595 5234 persequimur
611 5151 638 5211 in
658 5152 934 5228 tertic,cutt1tulus,

131 5248 179 5282 ¹⁰⁸·
193 5243 248 5300 Aa
266 5242 385 5321 fidelem
399 5255 523 5324 patrem,
541 5263 597 5301 rem
612 5245 763 5305 accuratius
784 5245 934 5328 expendit,

193 5337 362 5417 ostenditque
374 5360 456 5419 qnam
470 5338 583 5398 difficile
595 5337 632 5399 sit
655 5338 683 5398 in
705 5340 807 5402 mundo
820 5341 937 5402 versanti

195 5430 307 5491 salutem
319 5430 457 5509 consequi,
474 5443 500 5490 rt
513 5429 586 5490 lilios
599 5430 746 5491 secundum
758 5428 938 5493 Christianam

984 3480 1115 3540 edisceret
1123 3495 1267 3558 antequam
1277 3479 1366 3540 balteo
1374 3497 1669 3562 precingereturqquae
1677 3484 1735 3543 bal-

983 3574 1020 3633 tei
1033 3572 1191 3655 praecinctio
1203 3575 1267 3631 tunc
1276 3573 1312 3632 ad
1326 3574 1501 3654 magistratus
1511 3589 1539 3636 et
1552 3576 1736 3637 nobilissimos

985 3665 1059 3726 viros
1082 3664 1243 3747 pertinebat.
1262 3664 1321 3726 Sub
1334 3665 1393 3726 haee
1417 3681 1517 3727 antem
1529 3668 1683 3730 solitarium
1700 3690 1736 3729 ex

984 3760 1124 3820 montibus
1139 3758 1276 3831 evocavit,
1289 3759 1325 3818 ah
1343 3759 1445 3842 illoque
1465 3761 1561 3842 petiit,
1574 3775 1605 3821 ut
1624 3761 1677 3829 filii
1691 3763 1733 3823 sui

986 3852 1157 3912 antiochiam
1172 3850 1209 3911 ad
1223 3850 1313 3912 studia
1335 3848 1578 3914 mittendi‘euram
1599 3854 1732 3928 haberet,

985 3947 1093 4028 ipsique
1106 3945 1248 4026 pedagogi
1268 3946 1328 4005 loco
1346 3960 1424 4006 esset.
1439 3947 1623 4007 Obnitebatur
1638 3948 1685 4008 ille
1703 3969 1735 4009 ac

984 4039 1110 4117 dicebat,
1126 4038 1155 4098 id
1169 4038 1254 4098 officii
1266 4060 1319 4098 non
1329 4059 1410 4125 posse¹
1422 4054 1575 4122 competere
1588 4041 1732 4101 monacho.

985 4139 1020 4192 At
1032 4131 1080 4191 illa
1093 4130 1204 4191 obnixis
1218 4131 1343 4212 precihus
1362 4144 1415 4191 mm
1430 4131 1602 4192 vehementer
1617 4133 1734 4209 institit,

985 4237 1016 4282 ut
1034 4223 1143 4282 demum
1167 4222 1315 4282 monachus
1337 4223 1538 4301 obsequeretur.
1561 4226 1631 4284 Cum
1650 4248 1736 4307 puero

985 4316 1070 4396 igitur
1082 4315 1255 4377 Antiochiam
1265 4317 1350 4375 venit.
1363 4317 1478 4376 loannes
1489 4339 1564 4395 vero,
1576 4319 1622 4397 qni
1633 4332 1698 4377 tunc
1708 4322 1735 4379 in
1794 4360 1798 4365 -

987 4409 1054 4467 urbe
1069 4422 1135 4483 erat,
1149 4422 1176 4466 et
1186 4406 1266 4465 illum
1286 4407 1314 4466 in
1329 4409 1490 4467 monasterio
1503 4408 1645 4488 degentem
1657 4410 1737 4470 vide-

987 4515 1038 4574 rat,
1049 4513 1220 4582 perrcatatns
1232 4514 1270 4559 est
1284 4501 1351 4578 qnid
1361 4521 1448 4558 cattsae
1457 4513 1525 4559 esset
1539 4514 1570 4559 ut
1578 4502 1632 4560 tale
1642 4503 1735 4562 offici-

988 4617 1034 4654 um
1048 4594 1204 4674 susciperet.¹
1225 4592 1276 4652 llle
1295 4613 1359 4652 vero
1380 4613 1436 4651 rem
1458 4593 1579 4658 narrarit
1599 4608 1736 4677 utsupra.

987 4687 1159 4763 Puerumque
1173 4684 1212 4742 sic
1231 4683 1367 4760 instituit,
1383 4685 1423 4742 sic
1442 4683 1477 4743 ad
1497 4687 1652 4745 monasticae
1671 4689 1736 4746 vitae

987 4799 1107 4840 amorem
1119 4775 1319 4847 *inflammarih
1334 4790 1365 4835 ut
1384 4777 1466 4858 paulo
1484 4791 1575 4858 postea
1592 4780 1619 4837 in
1632 4781 1737 4839 solitu-

987 4873 1078 4931 dinem
1100 4869 1249 4943 secederet,
1265 4882 1291 4928 et
1322 4869 1360 4928 ibi
1384 4870 1558 4931 monasticam
1577 4873 1661 4931 uitam
1685 4893 1736 4932 ex·

988 4976 1097 5025 erceret.
1116 4964 1222 5021 Verum
1246 4963 1362 5022 loannes
1384 4975 1473 5021 noster
1494 4977 1615 5022 metuens
1632 4984 1667 5022 ne
1685 4986 1737 5045 pa-

990 5073 1030 5119 ter
1053 5060 1111 5140 ejus
1123 5103 1131 5132 ,
1145 5058 1191 5137 qui
1206 5070 1302 5117 natura
1325 5055 1472 5128 iracundus
1494 5069 1560 5142 erat,
1577 5058 1603 5115 in
1618 5058 1737 5116 furorem

991 5173 1105 5225 sersus,
1120 5165 1147 5211 et
1165 5149 1342 5231 pedagogum
1362 5161 1388 5207 et
1412 5146 1557 5227 monachos
1575 5150 1646 5207 male
1664 5149 1738 5208 mul-

991 5241 1073 5319 carit,
1093 5244 1205 5304 domum
1219 5256 1339 5323 repetere
1360 5241 1446 5321 coegit
1462 5263 1469 5299 ι
1483 5240 1538 5299 nbiv
1548 5242 1595 5300 ille
1612 5263 1627 5299 a
1642 5241 1737 5323 quada-

992 5360 1063 5420 gngc
1079 5339 1119 5397 sie
1130 5337 1277 5410 institutus,
1289 5334 1398 5394 lectioni
1420 5334 1569 5414 Scriptura
1583 5333 1679 5408 sacra,
1692 5337 1738 5417 je·

993 5431 1103 5513 jrauiis,
1124 5429 1228 5509 vigiliis
1249 5425 1404 5506 ceterisque
1425 5427 1581 5487 monasticis
1604 5429 1740 5491 exercitiis
