3750 6052
259 513 305 587 80
861 538 1021 589 niiiiuii
1047 539 1213 589 niiiocue

155 687 162 698 ·
256 658 326 721 νεωλιί
336 658 409 720 dicei
418 658 625 739 deJoanne‚qui
634 659 786 721 internatus
795 660 940 723 mulierum
950 684 997 745 pa·
1051 650 1117 744 πρδς
1131 663 1242 743 βασιλέα
1254 662 1315 724 τινδι
1328 660 1490 743 παρρησίαν.
1508 661 1546 722 Τί
1563 661 1594 725 δέ
1606 685 1654 741 μοι
1662 662 1756 735 λέξεις
1768 667 1833 747 περί

255 770 314 811 τοττι
323 770 376 810 nou
390 750 535 837 liabet9au
544 748 656 811 iiiiniiue
665 766 741 812 uorat
748 765 868 834 tempore
877 755 998 835 utiquo·
1051 761 1098 815 τοῦ
1113 756 1210 836 άζόγου
1219 758 1247 816 δν
1259 762 1393 843 γεννητοῖς
1403 759 1535 836 γυναικῶν
1551 754 1699 832 ’ludium
1714 748 1772 838 δρα
1782 760 1833 821 οὖα

256 844 329 903 iiiam
341 859 450 925 propter
460 858 580 925 apertam
591 858 619 904 et
627 844 739 907 minime
748 845 936 907 adumbratam
947 847 996 907 ad·
1051 845 1118 925 ίγνω
1127 851 1166 928 τῷ
1175 850 1261 928 καιρῷ
1269 846 1420 927 χρήσασθαι
1429 891 1438 921 ,
1446 846 1537 920 ίπειδί,
1549 847 1593 908 διὰ
1602 848 1647 908 τδν
1661 850 1832 911 άνεετισκία·

255 932 347 1007 utie'rii
359 935 474 997 Herodis
487 936 697 1016 increpationem
707 937 793 1017 capite
807 939 928 998 minutus
941 957 992 1013 est,
1009 971 1033 1010 η
1051 963 1113 1000 στον
1124 939 1232 1020 ἔλεγχον
1247 945 1295 1011 τῆς
1308 937 1429 1019 Ἡρώδου
1440 939 1561 1019 μοιχείας
1570 939 1619 1012 τὴν
1626 940 1751 1022 κεφαλὴν
1763 946 1833 1003 dire·

209 1103 212 1108 ι
255 1047 363 1102 curans,
376 1043 407 1087 ut
414 1028 536 1099 medicus
545 1027 681 1087 Herodem
694 1029 837 1089 insanabili
846 1031 994 1093 nortioaf·
1011 1027 1032 1073 Ᾰ
1049 1035 1156 1109 τριήρη,
1171 1031 1316 1109 κηδόμενος
1326 1038 1373 1093 τοῦ
1385 1030 1507 1112 Ἡρώδου
1521 1034 1558 1101 ὥς
1571 1030 1672 1113 lui-pie,
1687 1040 1832 1105 νοσοῦντος

253 1123 363 1197 fectum,
371 1139 418 1203 aut
428 1145 518 1196 urens,
527 1125 758 1197 autsecans?Qua
767 1125 870 1185 ratione
879 1140 906 1186 et
915 1128 993 1188 loan-
1049 1124 1080 1184 τδ
1094 1124 1200 1185 άνίατον
1221 1126 1304 1191 πάθος
1324 1122 1341 1196 ί,
1362 1123 1444 1184 καίων
1459 1123 1477 1196 ἢ
1490 1124 1613 1199 τέμνων;
1633 1116 1673 1211 ᾯ
1693 1127 1772 1210 λόγῳ
1785 1128 1831 1188 καί

253 1235 300 1293 nes
319 1216 447 1277 miserans
466 1229 493 1274 et
511 1236 616 1287 amaus,
637 1214 792 1296 increpabat
813 1218 947 1279 iiilirriios.
962 1218 993 1280 Si
1046 1215 1173 1290 Ἰωάννης
1189 1215 1299 1288 ίλιῶνλ
1321 1220 1414 1297 φιλῶν,
1429 1216 1526 1299 ἤλεγχε
1546 1215 1606 1286 τοδε
1619 1226 1780 1291 νοσοῦντας.
1796 1223 1831 1282 Et
1852 1232 1867 1284 t

252 1308 472 1368 autemJoiunes
486 1306 608 1385 Baptista
624 1319 727 1388 tempus
746 1329 798 1369 non
817 1324 894 1369 norat
900 1332 993 1390 ,quo-
1048 1308 1323 1384 δίδΠαπτισιὴςτδν
1340 1310 1492 1392 καιρδνοίνκ
1506 1310 1588 1390 ίγνω,
1602 1316 1660 1380 πῶς
1676 1314 1831 1395 τδντεχνί-

252 1398 334 1457 modu
350 1397 508 1457 saeculorum
529 1397 654 1477 opificem
671 1412 696 1457 et
713 1399 842 1460 facturum
862 1401 991 1481 agnovit,
1046 1424 1096 1474 την
1110 1406 1163 1462 τῶν
1182 1402 1284 1462 αἰώνων
1299 1425 1345 1461 και
1334 1401 1472 1475 ποιητὴν
1487 1402 1599 1483 έπέγνιο,
1618 1402 1729 1484 φήσας·
1742 1402 1830 1467 'teet

94 1519 196 1566 pm,
200 1517 241 1613 pq
251 1491 369 1552 diceus.
362 1494 463 1553 ·Ecoe
483 1494 591 1574 Agnus
609 1496 678 1569 Dei,
698 1516 749 1575 qiii
746 1496 851 1555 '‘iottii
869 1511 994 1577 peccata
1046 1494 1285 1571 έμνὸςτοῦΘεοῦ,
1295 1492 1408 1574 δαέρων
1427 1492 1475 1566 nli
1488 1493 1622 1575 ἁμαρτίαν
1642 1496 1828 1611 ro'uiidqqiou5

202 1585 523 1664 mundirquoiuodo
538 1586 637 1645 Paulus
647 1599 674 1645 et
684 1589 788 1659 Petrus
801 1587 994 1649 columuaeEe-
1047 1589 1110 1655 Πῶς
1123 1587 1191 1647 δί’
1164 1612 1212 1649 ουκ
1225 1588 1292 1668 ίγνω
1305 1588 1411 1654 Παῦλος
1429 1587 1476 1646 καί
1490 1587 1634 1668 Πέτρος
1608 1611 1653 1649 τον
1674 1612 1787 1671 καιρον,
1803 1597 1829 1653 ut

250 1677 337 1737 clonia
337 1682 470 1759 ,tempus
486 1678 663 1758 ignorabant,
678 1679 726 1757 qui
740 1679 822 1738 etiam
842 1693 903 1760 post
917 1701 993 1740 moi·-
1047 1681 1183 1740 στῦλοι
1149 1704 1197 1753 της
1208 1677 1380 1751 Ῥκκλησίας,
1401 1683 1425 1739 ol
1438 1680 1484 1740 καί
1498 1678 1567 1758 μετδι
1579 1680 1696 1741 Θάνατον
1716 1680 1828 1741 κλείον·

250 1783 305 1829 tein
327 1770 479 1831 volentibus
504 1785 586 1851 atque
609 1770 779 1852 pulsantibus
801 1771 942 1851 aperiunt,
966 1785 993 1832 et
1044 1790 1090 1837 τις
1107 1770 1153 1831 καί
1172 1770 1318 1849 ἀνοίγοντες
1342 1768 1401 1838 τοὺς
1419 1774 1466 1842 τῆς
1482 1769 1623 1849 μετανοίας
1641 1770 1759 1853 καιροδς
1773 1783 1828 1842 τοὶς
1852 1798 1856 1805 ·

249 1860 380 1922 claudunt
394 1862 555 1943 poenitentiae
570 1862 714 1942 tempora?
730 1861 857 1941 quoniam
875 1864 1027 1925 maximell
1047 1862 1214 1943 βουλομένοις
1235 1863 1280 1923 καί
1301 1863 1458 1943 κροιίωσινς
1475 1862 1567 1937 inriti,
1590 1862 1714 1943 μάλιστα
1736 1868 1755 1925 δ
1777 1866 1827 1944 μὲν

249 1952 296 2013 bic
309 1954 382 2014 eruci
397 1955 496 2014 affixus
505 1967 562 2025 est,
584 1954 700 2034 pedibus
719 1955 857 2029 obversis,
872 1955 944 2015 viam
964 1957 991 2016 iii
1045 1955 1090 2015 ίπί
1103 1956 1187 2024 πόδας
1208 1960 1374 2036 σταυροῦται,
1389 1956 1426 2023 είς
1444 1954 1553 2036 οδρανδν
1572 1954 1623 2028 τὴν
1643 1955 1765 2036 πορείαν
1778 1980 1827 2031 ση-

249 2047 346 2130 caeluiq
369 2047 539 2127 significaus3
553 2047 599 2106 ille
612 2046 699 2127 capite
713 2060 854 2107 truncatur
866 2047 991 2108 obsitam
1046 2047 1156 2126 μαίνων,
1177 2048 1234 2108 δδί
1249 2055 1442 2127 καρατορεῑται
1454 2046 1501 2107 διά
1511 2044 1560 2119 eli
1578 2049 1605 2106 ίν
1624 2046 1741 2129 Χριστῷ
1755 2054 1827 2131 παρ-

248 2138 277 2198 iu
290 2139 400 2203 Christo
412 2137 540 2217 loquendi
555 2137 715 2214 libertatem,
731 2160 793 2199 nea
807 2160 871 2200 vero
884 2141 990 2201 excide·
1045 2139 1149 2223 ρησίαν,
1162 2139 1206 2200 ίνα
1216 2145 1263 2212 τῆς
1276 2141 1357 2207 ὄντως
1375 2140 1491 2218 κεφαλῆς
1512 2137 1550 2216 μὴ
1566 2138 1681 2221 ἐκπέσῃ.
1697 2139 1750 2214 Μὴ
1764 2142 1825 2202 τοί-

247 2244 288 2291 ret
301 2232 397 2313 capite.
408 2233 450 2291 Ne
464 2232 549 2311 igitur
560 2228 700 2291 admiseris
713 2252 769 2304 eus,
781 2233 830 2311 qui
846 2253 908 2292 cuin
921 2256 991 2313 qiia-
1043 2255 1089 2290 νυν
1108 2232 1240 2311 ἀποδέχου
1255 2229 1315 2298 τοὺς
1331 2232 1388 2308 μετ’
1407 2230 1575 2311 ἐπισκήψεως
1594 2229 1644 2305 τὴν
1665 2235 1722 2293 τῶν
1738 2234 1825 2315 ἁγίων

246 2323 311 2383 dam
328 2324 509 2405 increpatione
528 2337 681 2385 sanctorum
697 2324 827 2402 loquendi
838 2325 989 2386 libertatem
1043 2320 1233 2388 διαόάλλοντας
1247 2322 1409 2402 παρρησίαν.
1430 2322 1561 2383 Ἐδνικῦν
1586 2320 1639 2404 γάρ
1656 2322 1708 2383 καί
1732 2328 1825 2399 οίησι-

246 2417 365 2497 culpant.
383 2416 535 2477 Gentilium
545 2415 617 2475 enini
628 2416 989 2498 etjiidiciosuosapieutuiii
1043 2410 1171 2493 σίγοινὴ
1198 2412 1322 2486 munio
1347 2413 1424 2486 αὕτη,
1444 2410 1639 2495 admittet
1659 2414 1825 2499 silwim

246 2508 296 2566 ista
313 2508 479 2568 consuetudo
493 2521 546 2582 est,
567 2507 614 2586 qni
629 2520 720 2567 amore
735 2508 816 2588 bujus
831 2508 894 2568 iiie
906 2510 989 2571 etiaiu
1043 2502 1234 2565 οιιωπτοιίντοιν
1249 2504 1297 2576 elii
1314 2507 1367 2565 τῶν
1383 2504 1523 2586 μαρτύρων
1536 2504 1666 2565 etentes.
1681 2506 1761 2569 Οὔτε

245 2614 398 2682 martyrum
411 2601 587 2661 constantiam
605 2599 726 2661 irrident.
742 2601 835 2678 Neque
855 2600 927 2661 euim
945 2602 989 2662 rel
1042 2596 1178 2679 μάχαιραν
1190 2594 1332 2672 inmites,
1346 2596 1405 2656 οὗτε
1419 2595 1569 2677 παρρησίαν
1590 2596 1735 2679 άπρακταν
1756 2624 1824 2661 εναι

243 2690 368 2770 gladium
380 2693 517 2766 obtusum,
536 2693 581 2754 rel
600 2693 714 2753 otiosam
727 2714 784 2752 esse
803 2692 932 2770 loquendi
952 2694 989 2753 li·
1012 2714 1015 2719 ·
1041 2686 1092 2747 δεῖ.
1111 2688 1287 2787 Knidorep·
1279 2694 1325 2748 τοῦ
1336 2687 1423 2802 ρίροε
1435 2688 1512 2770 άγώρ
1515 2690 1740 2769 ιοτοςὴιῦοιδίι,
1755 2693 1825 2755 οὕτω

243 2782 373 2845 bertatem
386 2798 501 2866 oportet.
515 2783 791 2888 thueuiadiuoduiu
803 2785 839 2843 ab
852 2800 988 2865 unguento
1004 2784 1076 2835 C*
1041 2803 1090 2852 της
1110 2781 1260 2862 παρρησίας
1278 2772 1296 2854 ’ἡ
1321 2780 1415 2840 εὔνοια.
1431 2781 1483 2840 Καί
1503 2783 1526 2839 εί
1544 2780 1591 2858 μίν
1611 2782 1764 2854 ἰδιωτικῶς
1781 2787 1824 2847 tal

243 2875 390 2955 fragrantia
407 2876 526 2958 separari
548 2898 601 2936 nou
623 2874 724 2956 polest,
746 2876 785 2935 sio
802 2898 889 2956 nequae
906 2900 923 2937 a
942 2878 986 2938 lo·
1042 2875 1155 2932 οἰκετῶν
1172 2871 1190 2944 ἢ
1215 2875 1297 2953 φίλων
1319 2872 1337 2945 ἢ
1360 2873 1432 2939 ίδίων
1447 2877 1471 2932 ol
1490 2872 1595 2953 ίλιγχοι
1615 2874 1759 2953 ίγίνοντο,
1782 2882 1823 2960 lq'

219 2964 488 3047 'quendilibertate
508 2970 702 3030 benevolentia.
720 2971 797 3028 ilc
775 2992 798 3029 si
812 2970 923 3048 quidem
941 2993 986 3031 co·
1041 2954 1078 3023 ων
1089 2965 1135 3024 καί
1149 2964 1180 3024 εδ
1194 2964 1300 3047 dpuup'
1274 2987 1346 3025 innui
1358 2964 1490 3044 ρορτικον
1500 2962 1708 3044 ίγκλητοςίοως
1723 2973 1742 3030 ρ
1755 2974 1860 3051 προ

242 3062 432 3137 ramfamulis,
443 3076 489 3121 aut
502 3082 606 3136 amicis
618 3062 740 3133 autsiiis,
757 3063 927 3143 reprehensio
937 3065 984 3123 sie
1041 3055 1239 3135 ῥησιιίόμινοι,
1259 3056 1318 3115 οὔτε
1337 3056 1440 3137 καιρδν,
1457 3054 1563 3115 οότε
1532 3078 1613 3117 τοτον
1627 3058 1789 3142 γνωρίσας
1801 3065 1823 3123 εί

243 3166 295 3230 ret,
311 3175 401 3213 coram
411 3155 510 3233 quibus
523 3155 678 3228 erubescere
690 3155 833 3223 molestum
846 3171 907 3220 est:
918 3159 986 3218 sorte
1041 3147 1238 3229 δικαθᾶπιρίν
1257 3148 1382 3229 suffitu
1399 3173 1433 3227 τῃ
1416 3146 1578 3233 ”ίκκλησία
1598 3148 1692 3211 καλοί
1714 3150 1822 3217 ίτταικοι

242 3245 409 3305 accusandus
423 3262 491 3307 esset
506 3248 555 3326 qui
573 3247 658 3305 libere
676 3247 866 3352 radargueret,
884 3250 986 3354 quippe
1040 3238 1156 3318 γίνονται
1169 3246 1221 3303 τῶν
1246 3240 1453 3321 κατορδοίντων,
1473 3241 1519 3301 καί
1532 3243 1557 3299 ul
1574 3240 1715 3321 ψόγοι”
1675 3266 1735 3303 των
1729 3246 1821 3327 δ’ρε-

243 3358 290 3415 qui
304 3352 411 3420 teinpus
423 3354 449 3399 et
465 3339 579 3399 locum
573 3353 732 3420 ignoraret:
747 3361 769 3399 si
783 3354 873 3401 autem
887 3364 914 3401 iii
929 3342 986 3402 Ec·
1040 3328 1167 3408 δῡῦπωνν
1179 3332 1206 3392 τί
1219 3328 1401 3415 tpfftwdtsslff
1421 3356 1486 3410 προς
1500 3331 1566 3403 τοὺς
1589 3332 1720 3418 ww<
1746 3342 1818 3399 diu-

242 3430 334 3503 clesia,
346 3432 440 3492 relut'
433 3433 584 3492 romanello
591 3433 758 3513 ,proborum
772 3437 891 3493 encomia
905 3434 986 3507 liunt,
1040 3422 1130 3501 νῦμως
1145 3424 1195 3484 καί
1219 3424 1361 3506 dotted&
1385 3429 1450 3503 ἡμῖν
1474 3425 1641 3503 sionim
1666 3428 1819 3499 σιτώνης

242 3536 269 3583 et
283 3523 477 3606 increpationes
490 3526 703 3606 negligentium·
714 3524 780 3604 quid
795 3547 986 3608 exasperemur
1040 3515 1088 3584 τὰς
1101 3516 1448 3597 «ἱτίαῳίιπειδόμενοιτῷ
1463 3515 1590 3596 εἰρηκότι·
1598 3518 1709 3581 uuirt
1722 3523 1754 3583 ts
1768 3548 1816 3601 pii·

242 3613 394 3676 adversus
387 3618 592 3699 increpationes,
610 3639 670 3697 quae
683 3620 740 3678 sine
757 3621 876 3696 nomine,
891 3635 917 3680 et
931 3621 985 3680 uti·
1002 3613 1022 3661 Ι)
1040 3608 1127 3692 ”mle
1144 3611 1314 3688 πωλούμενον
1338 3608 1447 3682 ἕσθίέῐῑν
1460 3607 1542 3687 μηδὲν
1563 3610 1767 3692 ἀνακρίνοντας.
1784 3616 1816 3675 El

240 3707 404 3771 litersiunt'
413 3710 562 3770 alentes
524 3731 651 3780 erimina
665 3731 713 3779 uec
723 3712 984 3792 obtemperantes
948 3733 971 3771 ei
1019 3667 1303 3781 θίμιίιῦῦτοίσται,
1314 3701 1514 3762 {metrobii
1534 3705 1559 3761 ol
1579 3701 1650 3783 ἅγιοι
1664 3707 1815 3771 σκανδαλί-

93 3851 114 3883 ,-
126 3837 179 3886 cor
193 3850 231 3888 ω
241 3818 288 3875 qui
281 3797 388 3871 dixit,
402 3801 491 3858 Omne
505 3800 611 3879 quod
597 3820 631 3856 in
644 3800 768 3857 macello
788 3802 878 3867 uenit,
897 3822 985 3860 innn-
1040 3816 1133 3862 σαντις
1143 3793 1196 3873 μέν
1206 3819 1278 3860 τινας
1292 3792 1461 3866 attibuit
1447 3793 1537 3909 xq‘tpssc
1550 3793 1595 3854 ἕπὶ
1609 3803 1665 3865 τοῖς
1682 3796 1815 3881 mum

90 3898 129 3948 νο.
242 3889 358 3961 durate,
378 3890 454 3949 nibil
474 3892 678 3949 discernentes.
698 3890 852 3962 Quodnisi
874 3891 912 3950 ita
934 3894 984 3968 sit,
1040 3886 1280 3968 ίκτραχηλίσαντεε
1300 3884 1329 3947 dl
1342 3896 1396 3956 τοῖς
1416 3886 1532 3953 ἐπαίνοις
1552 3887 1644 3956 ἄλλοις
1664 3890 1815 3971 Πρῶτοςδ

242 3981 327 4039 sancti
345 3980 445 4040 iteruin
464 3981 636 4040 invenientur
658 3995 781 4042 civitates
790 3983 920 4062 quasdam
936 3996 984 4045 aut
1039 3979 1113 4059 ἅγιος
1126 3979 1199 4056 Ἰὼό,
1214 3980 1345 4053 Φοινίκην
1357 3979 1625 4040 τινὰδιαόάλλων’
1588 4004 1695 4065 χωραν,
1707 3987 1748 4053 ως
1761 3988 1814 4046 έπε-

241 4094 363 4153 regiones
376 4074 568 4134 scandalizasse
582 4074 639 4134 ob
631 4077 835 4156 increpationes,
851 4076 919 4135 alias
936 4097 984 4136 re·
1038 4073 1181 4152 σπωμένην
1196 4074 1241 4133 τὸν
1262 4077 1334 4132 αυτοῦ
1355 4075 1592 4156 προσπολεμοῦντα
1612 4082 1714 4144 τισιν,
1728 4076 1815 4169 καρὸς

241 4186 272 4224 ru
286 4165 412 4225 laudibus
425 4188 482 4226 suis
496 4166 670 4226 subvertisse.
686 4168 794 4226 Primus
808 4181 917 4227 sanctus
930 4170 983 4231 Job
1036 4165 1124 4244 λέγει·
1135 4164 1325 4244 Μεριτευονται
1337 4164 1407 4225 οί
1379 4188 1457 4224 αυτον
1468 4160 1536 4245 γένη
1545 4160 1695 4227 Φοινίκων.
1713 4154 1813 4230 'Em-

241 4259 384 4318 Phoeniceu
402 4257 547 4339 quamdam
566 4260 701 4361 regionem
719 4261 880 4339 objurgans,
904 4262 981 4338 quasi
1037 4261 1200 4329 ταΜωύσῆς
1217 4258 1457 4337 καλοίπρορῆται,
1471 4256 1518 4329 τὴν
1542 4256 1678 4371 Αίγυοιτρν
1695 4260 1816 4322 διαθάλ-

240 4363 360 4408 satauaiu
376 4350 478 4409 liostem
495 4371 575 4409 snum
590 4351 617 4409 in
631 4371 660 4409 se
672 4350 864 4423 attrahentem
878 4350 917 4409 sic
938 4350 983 4411 di·
1036 4354 1141 4424 λοντες,
1155 4351 1201 4410 καί
1222 4348 1334 4428 κάμινον
1359 4351 1470 4429 σιδηρᾶν
1493 4349 1759 4431 προσαγορεύοντες,
1770 4352 1867 4415 ul

87 4459 186 4524 cimino
189 4462 227 4511 5
240 4456 298 4502 cit
311 4445 430 4502 Partem
442 4458 539 4503 antem
551 4465 578 4502 ei
573 4443 665 4502 dant
682 4459 783 4524 gentes
802 4442 855 4502 Pli
856 4464 980 4504 enioum
1035 4445 1141 4517 σκότος,
1154 4467 1201 4503 και
1190 4442 1259 4514 τὴν
1274 4441 1455 4513 Παλαιστίνην
1469 4443 1694 4521 ἐγκωμιάζοντες,
1705 4446 1816 4527 salpae

87 4525 112 4568 ¹¹¹
121 4522 196 4570 θέω
182 4532 345 4595 Deinde
356 4538 502 4616 Moyses
481 4549 507 4595 et
521 4534 658 4617 prophete
672 4535 980 4617 iligyptumcriminan·
1000 4536 1194 4648 Είπαγγελίας
1207 4538 1415 4604 ἀποκαλοῦντες,
1427 4539 1454 4594 εὑ
1458 4534 1615 4613 ριοκομένην
1631 4535 1683 4608 τὴν
1696 4538 1753 4617 μὲν
1767 4541 1817 4602 A!

240 4634 302 4701 tur,
323 4629 457 4687 fornacem
477 4629 589 4689 ferream
609 4630 773 4710 appellantes
798 4643 824 4689 et
842 4630 983 4703 tenebras,
1033 4654 1132 4709 γυπτον
1152 4633 1191 4688 τῶ
1204 4628 1338 4689 σπουδαίω
1354 4651 1403 4706 γην
1422 4626 1590 4741 ἐπαγγελίας,
1603 4651 1643 4687 τω
1622 4627 1689 4688 “dl
1705 4632 1818 4717 §quipp

240 4733 321 4799 itque
339 4720 509 4781 Palaestinam
526 4720 654 4781 laudibus
668 4723 812 4798 extollunt,
829 4736 982 4804 terramque
1033 4721 1082 4794 mli
1099 4720 1340 4794 Παλαιστίνην,
1315 4743 1344 4777 ου
1358 4723 1436 4797 μόνον
1456 4719 1568 4795 κάμινον
1589 4688 1727 4803 σιδηρᾶν,
1750 4726 1818 4785 dm

240 4812 430 4895 promissionis
444 4827 569 4874 vocant.
561 4838 570 4854 ·
593 4835 655 4874 cum
673 4815 811 4920 AEgyptiis
831 4815 984 4876 inveniatur
1034 4813 1081 4875 καί
1093 4815 1186 4881 σκότος
1199 4811 1277 4881 ἐξότε
1280 4816 1367 4892 ροντῇ
1380 4811 1508 4870 ἀπιστία·
1523 4811 1601 4870 ὁπότε
1616 4814 1646 4871 οὐ
1667 4813 1707 4875 τὰ
1729 4817 1818 4899 χωρία

241 4905 328 4987 probo
341 4904 449 4984 quidem
465 4922 535 4966 teria
555 4907 756 4987 promissionis,
775 4908 874 4987 ignavo
894 4923 983 4971 autem
1034 4905 1149 4989 ψεκτδί,
1164 4905 1299 4978 ἐπαινετὰ,
1313 4904 1427 4964 autea
1442 4904 1650 4983 ἐπιτηδεύματα.
1664 4906 1708 4965 Τί
1722 4908 1757 4971 δέ
1773 4932 1818 4990 μοι

243 4998 395 5071 Palaestina,
411 5020 464 5058 non
479 5000 566 5059 solum
582 5002 789 5078 lurnailcirea,
804 5001 890 5062 sedet
907 5016 983 5063 tene·
1035 5024 1082 5060 και
1071 5002 1184 5067 είς
1146 5022 1230 5078 μηκος
1244 5002 1290 5058 ἐκτ
1275 4998 1412 5057 τίνειν
1387 5023 1431 5056 τον
1451 4999 1539 5077 λόγον,
1566 4997 1612 5056 καί
1631 4995 1670 5073 μὴ
1688 5000 1804 5063 dieb*
1767 5029 1817 5064 των
1839 5020 1867 5080 pt

242 5085 298 5146 biae
320 5087 464 5147 exteriores
484 5089 651 5149 infidelitatis
672 5112 774 5151 causa·
768 5091 915 5171 quoniam
931 5114 983 5152 non
1036 5092 1171 5171 συντόμων
1195 5081 1394 5171 έρχεσδαιρί
1398 5089 1430 5170 ρά
1464 5115 1494 5167 γε
1518 5093 1532 5147 ὁ
1556 5090 1664 5158 fluidos
1695 5096 1819 5175 ψευατας

243 5178 301 5239 loca
315 5180 464 5262 vituperio,
483 5196 531 5241 aut
548 5181 627 5241 loiide
642 5181 723 5262 digua
738 5196 812 5258 sunt,
830 5183 878 5244 sed
891 5184 985 5244 bomi-
1037 5188 1144 5267 Κρῆτας
1164 5185 1317 5261 ἀποκαλῶν,
1333 5182 1379 5241 καὶ
1402 5181 1550 5249 Γαλάτας
1535 5204 1670 5262 ανοητους,
1694 5189 1748 5250 καλ
1764 5194 1818 5253 Κο-

277 5381 289 5407 ·
303 5367 313 5433 ί
326 5368 479 5436 Scripsimus
497 5377 707 5443 ριλοτιωπτοίντων
727 5389 774 5440 pro
797 5379 1004 5441 calumniaturus,
1017 5387 1043 5426 et
1053 5392 1128 5441 supra
1138 5381 1272 5441 ίπιακηρεως
1281 5390 1328 5440 pro
1339 5378 1471 5441 ίπιτνὲριυς
1484 5372 1492 5436 ]
