3714 5970
663 402 683 447 a
711 398 790 447 vira
816 397 847 445 s.
874 395 1017 446 roauuts
1041 395 1286 447 euersosaoau.
1693 377 1740 472 39
1770 389 1777 402 '

163 530 270 606 φθησαν
281 523 330 584 καὶ
342 533 465 605 γυναῖκες
479 525 580 607 ἀνδρῶν
601 523 750 599 ἐπισήμων.
768 521 849 582 Ἔστι
863 519 890 581 bl
904 511 941 579 ὧν

165 617 212 676 καὶ
228 617 264 675 τὰ
276 617 400 700 μαφόρια
422 617 562 699 ἥρπασαν,
578 616 674 698 ἑτέρων
688 615 715 675 δὲ
730 613 762 674 rb
784 613 880 673 ὶνύτια
893 612 941 672 σὺν

165 713 203 789 τῷ
216 709 293 790 lodii
305 716 353 768 τοῦ
365 711 434 777 ὠτὸς
445 709 651 771 συναπὲσπασαν
665 711 718 776 ·ὡς
730 707 745 739 *
757 706 862 767 ἰδοῦσάν
872 729 941 775 τινος

1000 519 1078 580 cibus
1097 541 1111 579 a
1133 534 1208 600 tergo
1231 519 1419 594 summittunt,
1439 519 1474 581 ad
1493 519 1631 582 auditores
1654 519 1739 583 dissi-

1000 612 1118 695 pandos,
1138 626 1165 672 et
1176 611 1300 674 doctores
1310 612 1575 694 comprehendendos
1591 636 1599 673 ε
1615 614 1661 693 qui
1674 614 1740 675 illuc

1000 705 1113 785 proiecti
1122 750 1132 783 ,
1147 704 1238 765 denuo
1253 726 1353 786 paucos
1367 725 1381 765 e
1395 705 1500 767 clericis
1509 725 1519 782 5
1536 706 1628 788 plures
1648 724 1740 766 veroe

167 801 324 879 Ἐλευθέραν
336 811 449 880 γυναῖκα
471 801 709 880 εὐδαιμονεστάτην
723 799 837 881 σφόδρα,
855 822 940 858 κατα·
962 815 981 862 c
999 796 1076 856 laicis
1089 797 1248 877 corripiunt.
1261 799 1332 857 Tum
1348 796 1509 857 Theodorus
1525 797 1563 857 ait
1579 821 1586 855 ι
1601 795 1740 857 Obeatis-

166 893 294 974 λείψσσαν
310 893 341 953 τὸ
355 897 452 967 ἑαυτῆς
473 893 612 975 μαφόριον,
634 892 891 975 μεταμφιεσαμένην
911 893 941 953 rb

168 987 258 1065 σχῆμα
271 986 304 1045 εδ
314 990 370 1044 τῶν
384 987 519 1061 δουλίδων,
541 985 671 1066 δρομαίαν
695 985 825 1046 εἰσθαλεῖν
839 985 876 1051 είς
891 982 941 1055 τὴν

168 1077 242 1135 πόλιν
254 1078 301 1137 ἐπὶ
313 1078 436 1161 σωτηρία
447 1082 495 1151 τῆς
510 1077 688 1159 σωφροσύνης.
700 1067 755 1138 Ἦν
768 1076 836 1158 γάρ,
845 1079 882 1144 ὡς
900 1079 940 1137 εὐ-

119 1167 147 1217 ll·
169 1169 224 1243 ιιός,
238 1172 339 1242 εὐανθῆ
360 1171 465 1252 μορφὴν
480 1172 525 1231 καί
548 1175 630 1252 εὐφυῆ
643 1170 741 1231 πλάσιν
761 1169 940 1251 ἠμφιεσμένη.

168 1260 258 1344 Τούτῳ
272 1254 318 1322 οὐν
339 1267 379 1337 τῷ
398 1262 490 1344 τρόπῳ
502 1265 683 1342 πληρωθεῖσαι
705 1266 733 1321 ul
754 1261 870 1341 φυλακαί
887 1263 941 1319 τῶν

169 1354 297 1435 διαφόρων
311 1355 460 1435 ἀρχόντων,
475 1363 662 1433 μετεποιοῦντο
677 1358 712 1422 εἰς
724 1353 881 1426 ὶκκλησίοις·
895 1353 942 1412 καί

167 1447 239 1524 ίμνοι
254 1446 305 1523 μίν
324 1447 371 1504 καὶ
385 1447 515 1527 ἀναφοραὶ
530 1447 683 1527 μυστηρίων
698 1449 725 1505 ἐν
739 1455 797 1513 ταῖς
811 1448 941 1524 φυλακαῖς

167 1541 349 1613 ἐπετελοῦντο,
365 1538 492 1618 μάστιγες
510 1538 538 1598 δὲ
557 1539 602 1597 καί
621 1537 796 1620 στρεύλώσεις
810 1535 856 1594 καί
866 1534 940 1614 όρκοι

166 1632 265 1712 φρικτοί
281 1634 309 1690 ἰν
324 1641 383 1698 ταῖς
399 1631 553 1704 ἐκκλησίαις
573 1633 747 1708 ἡμιλλῶντο,
772 1630 817 1689 ἐπί
842 1632 942 1689 ἀναθε-

168 1729 291 1804 μστισμῷ
306 1724 433 1784 Ἰωάννου
450 1729 495 1783 τοῦ
511 1724 591 1805 μέχρι
616 1723 728 1783 θανάτου
750 1721 940 1804 ἔχθρεύσοιντος

999 889 1067 949 sime
1080 904 1172 970 pater,
1191 911 1253 949 cum
1268 904 1323 949 tam
1344 890 1423 949 multi
1437 903 1524 950 essent
1541 903 1572 948 ut
1586 889 1740 972 neophyto-

998 1001 1060 1042 rum
1075 1004 1203 1042 numerus
1221 983 1256 1043 ad
1271 983 1321 1043 tria
1335 983 1422 1043 millia
1438 982 1592 1064 procederet
1606 1002 1739 1062 :quomo-

998 1071 1034 1133 do
1057 1073 1086 1133 iu
1106 1088 1261 1156 potestatem
1283 1095 1432 1153 pancorum
1455 1073 1575 1133 militum
1590 1072 1738 1146 devenere,

998 1186 1091 1226 eorum
1106 1181 1175 1227 coetu
1187 1166 1299 1248 disjecto
1311 1167 1329 1224 p
1341 1167 1437 1226 Euroo.
1460 1166 1534 1226 ttlud
1548 1187 1635 1245 neque
1645 1165 1741 1246 pauci·

1000 1259 1062 1319 tatis
1084 1258 1231 1333 indicium,
1244 1280 1331 1340 noque
1344 1258 1394 1318 zeli
1413 1258 1515 1317 nullius
1533 1269 1741 1337 argumentum,

1000 1351 1046 1410 sed
1061 1352 1199 1432 religionis
1218 1351 1392 1436 prestantia,
1408 1362 1434 1410 et
1448 1370 1518 1409 cure
1532 1340 1674 1409 doctorum
1688 1347 1741 1408 de-

1000 1445 1177 1521 monstratio,
1193 1445 1240 1524 qui
1257 1444 1365 1504 assidue
1379 1443 1504 1524 pacificas
1520 1456 1621 1502 mentes
1639 1440 1742 1522 dirige·

999 1538 1073 1596 bant.
1086 1535 1248 1598 Theodorus
1258 1551 1349 1597 autem
1362 1537 1401 1596 ait
1413 1560 1419 1594 :
1431 1536 1541 1618 Optime
1555 1534 1625 1609 dicis
1638 1556 1742 1614 cneque

1000 1633 1072 1692 euim
1096 1633 1208 1694 decebat
1224 1648 1254 1693 ut
1268 1633 1315 1713 qui
1330 1632 1504 1714 prudentiam
1517 1646 1543 1692 ot
1557 1630 1743 1691 mansuetudi·
1757 1688 1761 1696 ,

999 1745 1060 1785 nem
1085 1749 1100 1786 a
1124 1729 1203 1787 heato
1231 1729 1334 1789 Joaune
1359 1725 1554 1798 edocebantur,
1583 1723 1742 1806 insipienter

167 1817 297 1897 εῇκακίφ
312 1822 361 1875 τοῦ
386 1816 527 1876 διοιόόλου·
552 1821 599 1886 τῆς
621 1821 804 1888 πεντηκοστῆς
826 1814 853 1874 δὲ
873 1839 940 1892 συμ·
962 1843 980 1888 n
1000 1830 1081 1896 atque
1101 1819 1280 1878 tumultuarie
1299 1819 1389 1899 ipsum
1410 1816 1582 1876 defenderent
1603 1830 1628 1875 et
1650 1815 1740 1877 vindi-

168 1909 367 1990 πληρωθείσης,
379 1909 447 1986 μετθ
459 1909 538 1969 πέντε
550 1908 653 1988 ἡμέρας
665 1907 824 1976 εἰσελθόντες
840 1911 864 1967 οἱ
879 1908 942 1989 περί

168 2003 284 2063 Ἀκάκιον
299 2003 348 2061 καὶ
362 2003 525 2082 Σευηριανὸν
537 2001 583 2060 καί
604 2000 738 2082 Ἀντίοχον
756 2000 801 2060 καί
824 2004 937 2081 Κυρῖνον

167 2094 224 2174 τρίς
236 2094 283 2153 τὀν
298 2093 432 2172 βασιλέα,
446 2093 566 2172 λέγωσιν
580 2096 670 2174 αὐτῷ·
684 2091 818 2172 βασιλεὺς,
833 2091 864 2153 σύ
875 2098 940 2169 ἡμῖν

169 2184 233 2265 παρὰ
248 2188 322 2246 Θεοῦ
338 2188 386 2244 οὐκ
399 2184 625 2260 ἐξουσιαζόμενος,
639 2186 701 2244 ἀλλ’
717 2182 872 2252 ἐξουσιάζων
887 2187 939 2243 τῶν

169 2276 279 2347 πάντων,
300 2276 390 2345 ἔξεστί
411 2278 477 2337 σοιθ
495 2277 577 2344 θελεις
590 2279 713 2346 ποιῆσαι.
729 2275 775 2348 Μὴ
792 2274 864 2354 γίνου
876 2299 940 2358 πρι-

170 2368 296 2449 οθυτόρων
311 2370 469 2448 πραότερος,
483 2369 528 2427 καί
538 2368 690 2428 ἐπισκόπων
705 2366 844 2448 θοιώτερος
854 2392 859 2404 ·
871 2368 941 2428 eluro·

170 2459 211 2536 μίν
221 2484 263 2520 σοι
278 2462 327 2520 tul
340 2461 458 2535 πάντων,
474 2462 518 2521 ἐπὶ
529 2460 578 2532 τὴν
593 2459 710 2541 κεφαλὴν
726 2462 835 2537 ἡμῶνὴ
851 2460 942 2519 Ἰωάν-

170 2574 206 2610 ναι
229 2553 400 2632 καθαίρεσις.
423 2552 469 2625 Μὴ
494 2552 580 2612 τοίνυν
602 2552 680 2632 φείσῃ
704 2553 759 2619 tot<
783 2553 938 2634 ἀνθρώπου,

998 1912 1098 1971 carent.
1112 1913 1210 1972 Erise
1226 1912 1296 1971 (lum
1310 1911 1368 1971 haec
1377 1910 1427 1970 tibi
1438 1909 1571 1991 placeant,
1588 1931 1621 1969 ne
1634 1931 1739 1970 sermo·
1750 1926 1806 1970 eae,
1826 1942 1854 1969 ι,

997 2024 1059 2062 uem
1072 2025 1163 2083 quiaeso
1177 2004 1362 2085 interrumpe,
1379 2024 1459 2082 quom
1474 2001 1588 2084 pessima
1612 2004 1681 2063 facta
1693 2024 1742 2084 pe·

998 2111 1126 2176 pererunt
1137 2120 1144 2153 :
1157 2097 1243 2156 solent
1261 2097 1333 2156 euim
1343 2096 1536 2176 utplurimum
1552 2116 1567 2153 a
1589 2094 1666 2154 laetis
1686 2116 1742 2154 ser·

998 2209 1091 2249 moues
1102 2188 1186 2268 gigni.
1201 2188 1271 2247 Cum
1285 2188 1390 2248 clericis
1400 2187 1485 2268 igitur
1497 2200 1523 2246 et
1536 2185 1612 2246 laicis
1627 2186 1742 2246 detentis

999 2283 1199 2363 comprehensae
1220 2296 1283 2341 snut
1305 2284 1427 2342 virorum
1445 2279 1578 2340 nobilium
1602 2279 1739 2360 conjuges.

999 2374 1070 2433 Sunt
1083 2387 1109 2434 et
1126 2374 1227 2454 quibus
1240 2372 1311 2455 rapti
1326 2373 1470 2445 malerten,
1483 2372 1548 2431 aliis
1559 2371 1666 2433 inaures
1680 2394 1742 2432 cum

999 2465 1053 2525 ima
1069 2479 1144 2546 parto
1165 2468 1272 2525 aurium
1294 2464 1377 2525 simul
1388 2465 1544 2524 detraxere:
1558 2463 1626 2524 adeo
1640 2478 1670 2524 ut
1680 2485 1742 2525 cum

1002 2556 1108 2618 uideret
1121 2556 1262 2619 Eleutheri
1284 2557 1425 2639 cujusdam
1439 2577 1509 2616 uxor
1524 2555 1743 2637 opulentissima,

170 2645 308 2723 θ’νθὸἧσας
320 2646 430 2704 πάντων
444 2649 532 2724 ἡμῶν·
541 2646 696 2711 Ἰουδαϊκοῖς
710 2643 821 2724 ῥύμασιν
832 2644 902 2726 τάχα
915 2644 942 2703 δὲ
963 2667 982 2714 Ε
1000 2651 1094 2711 relicto
1106 2651 1236 2725 maluere,
1250 2665 1276 2711 ot
1292 2664 1366 2711 veste
1376 2648 1500 2711 ancillari
1514 2662 1649 2719 assumta,
1662 2669 1743 2708 cursu

169 2737 208 2795 ul
220 2737 391 2816 πράγμασι,
413 2736 628 2815 πσραπείσαντις
643 2737 688 2796 τθν
707 2737 827 2816 βασιλέα.
849 2736 943 2804 Οὕτως

169 2828 327 2896 ῖποστείλας
341 2834 356 2890 θ
370 2829 493 2908 βασιλεὺς
508 2828 654 2908 Πατρίκιον
664 2830 709 2888 τὸν
722 2829 853 2908 νοτάριον,
867 2830 943 2902 δηλοῖ

182 2921 219 2942 Η

170 2946 201 3003 ορ
221 2921 328 3000 Ιωάννη
340 2922 423 2981 τάδε·
443 2924 467 2981 οἱ
482 2922 543 3000 περί
558 2920 679 2981 Ἀκάκιον
693 2922 738 2981 καί
752 2921 884 3003 Ἀντίοχον
896 2921 945 2981 καί

127 3011 153 3061 lb
171 3013 332 3093 Σευηριανὸν
354 3012 402 3072 καὶ
425 3016 539 3095 Κυρῖνον
559 3014 590 3073 rb
606 3012 676 3073 κατά
693 3013 722 3073 σὲ
739 3013 824 3095 κρίμα
836 3014 880 3074 ἐπὶ
893 3012 943 3087 τὴν

170 3108 265 3164 turns
279 3105 383 3176 ἔθηκαν
398 3104 515 3186 κεφαλήν
528 3128 535 3142 ·
548 3106 581 3163 τὰ
594 3105 665 3166 κατά
675 3108 771 3166 σαυτὸν
783 3097 827 3166 οὐν
839 3106 943 3174 ἀναθείς

170 3200 297 3277 deeris,
317 3196 408 3264 ἔξελθε
428 3201 477 3268 τῆς
490 3197 663 3271 Ἐκκλησίας.
679 3197 760 3258 Οὕτω
773 3199 907 3258 κατελθὼν
928 3205 943 3260 δ

171 3290 312 3357 ἐπίσκοπος
328 3289 454 3360 Ἰωάννης
470 3292 501 3348 ἐκ
514 3295 561 3348 τοῦ
577 3289 746 3366 ῖπισκοιτείου
761 3289 808 3350 σὺν
816 3301 871 3358 τοῖς
884 3294 940 3350 ἐπι·

171 3383 287 3455 εεόποες,
302 3381 373 3459 μετὰ
390 3381 440 3453 τὴν
453 3381 552 3464 τρανὴν
567 3383 645 3464 φάσιν
660 3382 706 3441 καί
726 3383 940 3457 ἀνεπισκίαστον,

171 3475 234 3553 λέγει
246 3485 336 3534 πᾶσι·
354 3475 447 3543 δεύτε,
472 3474 679 3555 προσευξάμενοι
698 3474 886 3552 συνταξάμεθα
902 3479 940 3557 τῷ

1000 2742 1140 2804 civitatem
1156 2743 1279 2825 petierit,
1301 2757 1332 2804 ut
1347 2741 1507 2825 pudicitiam
1521 2762 1597 2801 suam
1615 2754 1742 2802 servaret.

1001 2838 1068 2897 Erat
1081 2835 1152 2897 enim
1164 2836 1282 2916 proiecto
1292 2836 1388 2896 decora
1399 2834 1488 2915 specio
1501 2847 1593 2893 omata
1604 2846 1630 2891 et
1640 2832 1743 2913 elegan-

1000 2929 1020 2987 ti
1041 2929 1137 2988 forma.
1153 2927 1232 2987 llunc
1242 2948 1306 3007 ergo
1321 2927 1348 2986 in
1363 2916 1475 2987 modum
1490 2924 1594 3006 impleti
1607 2923 1749 2984 variorum.

1000 3022 1207 3100 magistratuum
1227 3040 1347 3079 carceres
1360 3017 1535 3078 mutabantur
1554 3017 1581 3075 in
1598 3015 1747 3076 ecclesiane

999 3127 1025 3172 et
1037 3111 1134 3194 hymni
1153 3111 1263 3190 quidem
1287 3125 1368 3188 atque
1389 3109 1537 3169 oblationes
1551 3106 1743 3188 mysteriorum

999 3204 1027 3264 iu
1050 3204 1203 3265 carceribus
1217 3203 1413 3285 peragebantur
1419 3224 1429 3280 γ
1445 3201 1528 3282 flagra
1546 3222 1611 3260 vero
1625 3213 1652 3259 et
1674 3220 1741 3259 cru-

997 3301 1085 3359 eiatus
1093 3313 1120 3359 et
1134 3299 1277 3358 horribilia
1288 3300 1441 3379 juramenta
1450 3297 1478 3355 in
1492 3295 1611 3355 ecclesiis
1620 3295 1743 3355 certatim

998 3390 1215 3465 adhibebantur,
1248 3403 1280 3449 nt
1310 3387 1563 3448 anathematirareut
1591 3389 1740 3462 loannem,

997 3484 1044 3563 qui
1070 3482 1107 3543 ad
1132 3496 1246 3542 mortem
1265 3502 1350 3559 usque
1374 3501 1435 3538 cum
1452 3477 1556 3537 diaboli
1575 3476 1678 3536 malitia
1692 3477 1742 3537 dc·

141 3638 147 3653 ¹
172 3567 269 3649 ἆτγίλφ
287 3571 338 3636 τῆς
356 3568 538 3639 ’Bubasius‘
551 3566 671 3644 γεγηθὼς
693 3567 740 3645 μὲν
759 3569 802 3627 ἐπὶ
820 3573 858 3650 τῷ
872 3567 940 3649 προί-
962 3581 980 3627 F
997 3577 1144 3657 pugnabat
1161 3574 1268 3649 Quinto
1289 3593 1371 3654 porro
1394 3570 1440 3629 die
1452 3591 1468 3628 a
1482 3569 1558 3628 linita
1572 3569 1742 3643 Pentecoste,

172 3683 264 3736 γματι,
285 3658 453 3737 λυπούμενος
477 3659 505 3720 dl
532 3660 576 3719 ἐπὶ
596 3664 630 3740 τῇ
647 3668 693 3720 τοῦ
708 3662 772 3720 λαοῦ
795 3660 938 3742 κακουχίᾳ.

172 3750 297 3822 Έξαυτῆς
310 3751 340 3809 δέ
356 3775 396 3815 τις
409 3751 535 3827 σημαίνει
549 3755 601 3811 τῶν
616 3753 743 3832 φιλοθίων
754 3754 888 3812 δυναστῶν
902 3757 940 3835 τῷ

171 3841 294 3921 ’teimp-
321 3843 415 3914 ἐπειδὴ
436 3843 566 3916 Λούκιος,
584 3844 678 3923 ἰταμὸς
691 3845 757 3926 ἀνὴρ
771 3845 817 3904 καί
830 3844 940 3917 ἀναιδὴς

997 3669 1128 3744 Aeacius,
1150 3665 1328 3739 Severianus,
1350 3663 1498 3723 Antiochus
1516 3676 1597 3742 atque
1622 3662 1743 3744 Cyrinus

999 3765 1190 3844 lmperatorem
1213 3760 1330 3837 adeunt,
1354 3771 1397 3829 et,
1428 3756 1530 3829 Nobis,
1558 3757 1701 3836 inquiunt,
1726 3776 1744 3815 a

998 3858 1056 3918 Deo
1068 3855 1231 3916 constitutus
1245 3874 1281 3926 es,
1297 3853 1463 3932 Imperator,
1477 3850 1577 3909 nemini
1592 3850 1741 3930 subjectus,

171 3936 319 4014 ’θωύπῳν
340 3933 446 4013 &lllli
460 3939 532 3995 im*
548 3939 574 3995 ἐν
589 3940 628 4017 τῷ
642 3935 762 4019 δημοσίῳ
777 3939 881 4018 λουτρῷ
892 3935 939 3995 σὺν
959 3990 983 4030 ,,
997 3962 1023 4007 et
1034 3969 1126 4009 omues
1137 3947 1189 4006 tibi
1203 3943 1328 4004 subditos
1339 3943 1456 4019 habens3
1470 3942 1532 4004 licet
1546 3942 1597 4002 tihi
1610 3941 1684 4022 quod
1698 3942 1742 4000 lu·

170 4024 278 4092 wltlm'
304 4027 386 4086 «teta
410 4027 602 4108 στρατῑώτάῑε,
625 4026 714 4105 ὅπως,
737 4032 762 4087 εἰ
784 4027 938 4108 &minnah
961 4040 1042 4100 abet
1066 4042 1161 4099 faeere.
1179 4039 1219 4099 Ne
1238 4037 1276 4096 sis
1290 4035 1456 4118 presbyteris
1483 4034 1593 4107 mitior,
1607 4054 1656 4094 nec
1679 4032 1742 4115 epi·

172 4117 304 4195 ὶναύάλλη
316 4164 324 4192 ,
338 4118 385 4177 καὶ
407 4118 506 4178 ἄκοντά
520 4141 549 4177 σε
572 4127 649 4200 σύραι
661 4119 707 4180 καί
722 4120 848 4190 ἔξεῶσαι·
862 4144 940 4200 περι-

170 4212 321 4270 ιλονοῧντσι
336 4210 364 4272 dl
378 4213 401 4270 oi
416 4211 497 4288 δῆμοι
508 4215 556 4282 τῆς
573 4209 691 4279 πόλεως·
713 4212 862 4273 σπούδασον
874 4212 944 4281 ἔξελ-

171 4310 220 4363 θεῖν
237 4302 406 4374 λεληθότως,
425 4301 523 4381 ἵναμή
547 4325 594 4363 σου
612 4304 825 4383 ἀντιποιούμενος
835 4308 850 4363 θ
861 4304 944 4379 λαὸς,

174 4397 287 4473 πόλεμον
304 4395 408 4474 ουνάψη
425 4393 559 4472 μετὰτῶν
575 4401 754 4476 στρατιωτῶν.
769 4397 865 4457 Τότεθ
881 4398 944 4457 Ἰον-

176 4487 250 4554 irrue
272 4486 458 4564 καταφιλήσας
470 4485 547 4554 ’τινάς
567 4492 619 4547 τῶν
640 4487 791 4548 ἐπισκόπων
813 4490 880 4567 μετά
900 4491 947 4548 δα-

175 4579 257 4658 nphet
272 4577 345 4647 (robe
359 4577 409 4656 γάρ
428 4577 534 4646 λοιπούς
548 4577 606 4639 οὐδὲ
630 4583 783 4659 καταφιλεῖν
804 4581 947 4665 συνεχώρει

176 4671 205 4730 εδ
222 4671 328 4744 πάθος),
350 4669 509 4739 συνετάξατο
528 4670 613 4750 λόγων
632 4680 686 4739 τοῖς
705 4675 807 4741 λοιποῖς
827 4674 898 4735 ἔνδον
920 4677 947 4735 ἐν

177 4763 374 4844 τῇίερατείῳ·
397 4764 505 4841 μείνατε
526 4764 593 4832 τίως
607 4756 673 4836 ὦδε,
694 4766 737 4825 ίνα
757 4767 878 4826 ἀπελθὼν
899 4793 947 4845 με·

997 4133 1085 4214 scopis
1099 4129 1217 4191 sanctior
1232 4127 1373 4189 :diximus
1384 4126 1436 4186 tibi
1448 4147 1539 4186 coram
1553 4125 1679 4185 omuibus
1692 4125 1742 4183 :ln

997 4238 1079 4308 caput
1092 4237 1215 4283 nostrum
1231 4220 1344 4283 loannis
1363 4219 1496 4301 depositio
1509 4231 1575 4278 esto.
1598 4219 1639 4276 Ne
1660 4216 1744 4295 igitur

999 4316 1103 4379 homini
1121 4315 1166 4375 uni
1179 4329 1209 4375 ut
1228 4335 1335 4396 parcas,
1348 4334 1396 4372 uos
1409 4332 1501 4371 omnes
1512 4307 1603 4391 perde.
1619 4307 1744 4371 ludaicis

999 4411 1107 4489 verbis,
1123 4410 1236 4469 sortasse
1247 4422 1273 4466 et
1283 4404 1359 4464 lactis
1368 4449 1376 4478 ,
1385 4401 1500 4463 subdole
1514 4415 1702 4484 persuaserunt
1714 4397 1745 4461 id

999 4503 1171 4588 Imperatori.
1188 4503 1392 4583 Siclmperator
1404 4497 1487 4558 misso
1501 4491 1617 4557 Patricio
1629 4486 1766 4575 notarius¹
1783 4492 1787 4499 ’
1813 4540 1822 4551 .

1002 4600 1058 4659 haec
1081 4595 1179 4659 loanni
1199 4593 1355 4653 denuntiat:
1370 4590 1500 4664 Aeacius,
1514 4589 1682 4668 Antiochus,
1695 4587 1747 4652 So·
1771 4584 1790 4675 ῥ’

1001 4691 1148 4765 verianus,
1163 4701 1190 4746 et
1210 4685 1347 4768 Cyrinus,
1360 4682 1612 4757 condemnationem
1618 4675 1701 4741 'taam
1715 4679 1753 4753 ir'r‘
1788 4754 1791 4759 Ι

1002 4796 1083 4864 caput
1097 4802 1176 4841 suum
1196 4779 1373 4859 conjecerunt.
1390 4777 1478 4855 lgitur
1490 4775 1538 4833 uhi
1551 4794 1596 4834 res
1612 4784 1672 4835 tuas
1685 4770 1745 4833 Deo

179 4855 237 4933 ¹123*
251 4858 345 4913 ἆνῑθῦ·
369 4855 504 4914 Etutam
520 4855 548 4916 ‘ll
562 4860 589 4916 lt
602 4861 641 4937 τῷ
657 4859 858 4940 immede),
873 4863 949 4919 καλῑῖ
968 4893 985 4939 n
1003 4871 1244 4948 commendaveris,
1263 4868 1396 4949 'egredere
1413 4867 1544 4951 Ecclesia.
1563 4869 1605 4928 lta
1627 4868 1745 4929 loannes

180 4954 225 5025 τὴν
238 4954 429 5030 Ὀλυμπιάδα,
446 4957 654 5016 ἀναπάλλακτον
673 4947 754 5017 οὐσαν
768 4964 816 5030 τῆς
832 4960 950 5032 Ἐκκλη-

1003 4967 1144 5048 cpiseopus
1165 4979 1227 5046 post
1245 4977 1364 5044 apertam
1379 4982 1410 5020 ac
1430 4960 1541 5019 minime
1556 4958 1746 5020 adumbratam

126 5070 161 5120 to.
183 5053 237 5122 σίας
253 5055 299 5115 οὐν
315 5056 448 5137 Πενταδία
470 5056 517 5115 καὶ
541 5056 651 5139 Πρόκλη
670 5067 729 5125 ταῖς
744 5061 890 5133 διακόνοις,
905 5059 950 5120 καί
1003 5059 1151 5141 jussionem
1165 5079 1199 5117 cx
1213 5056 1349 5137 episcopio
1363 5052 1501 5113 discedens
1517 5074 1579 5112 cum
1594 5052 1745 5135 episcopio,
1789 5056 1793 5063 ’

220 5265 233 5291 ⁸
248 5265 335 5335 Georg.
350 5272 436 5321 ῖῖοῖσοῖν
457 5291 509 5323 τινα
524 5272 644 5337 ῖλεοθεραν
663 5290 709 5334 μου.
