<?xml version="1.0" encoding="UTF-8"?>
<!DOCTYPE html PUBLIC "-//W3C//DTD XHTML 1.0 Transitional//EN"
    "http://www.w3.org/TR/xhtml1/DTD/xhtml1-transitional.dtd">
<html xmlns="http://www.w3.org/1999/xhtml" xml:lang="en" lang="en">
 <head>
  <title>
</title>
<meta http-equiv="Content-Type" content="text/html;charset=utf-8" />
  <meta name='ocr-system' content='tesseract 3.04.00' />
  <meta name='ocr-capabilities' content='ocr_page ocr_carea ocr_par ocr_line ocrx_word'/>
</head>
<body>
  <div class='ocr_page' id='page_1' title='image "./sanctipatrisnos00chrygoog_0157.png"; bbox 0 0 3714 5970; ppageno 0'>
   <div class='ocr_carea' id='block_1_1' title="bbox 209 485 996 561">
    <p class='ocr_par' dir='ltr' id='par_1_1' title="bbox 209 485 996 561">
     <span class='ocr_line' id='line_1_1' title="bbox 209 485 996 561; baseline -0.013 -1"><span class='ocrx_word' id='word_1_1' title='bbox 209 485 275 561; x_wconf 77' lang='lat' dir='ltr'><strong>tab</strong></span> <span class='ocrx_word' id='word_1_2' title='bbox 681 507 713 556; x_wconf 91' lang='lat' dir='ltr'><strong>s.</strong></span> <span class='ocrx_word' id='word_1_3' title='bbox 736 503 878 558; x_wconf 76' lang='lat' dir='ltr'><strong>ioannis</strong></span> <span class='ocrx_word' id='word_1_4' title='bbox 902 501 996 561; x_wconf 76' lang='lat' dir='ltr'><strong>cunr:</strong></span> 
     </span>
    </p>
   </div>
   <div class='ocr_carea' id='block_1_2' title="bbox 210 625 953 901">
    <p class='ocr_par' dir='ltr' id='par_1_2' title="bbox 210 625 953 901">
     <span class='ocr_line' id='line_1_2' title="bbox 211 625 951 716; baseline -0.012 -19"><span class='ocrx_word' id='word_1_5' title='bbox 211 637 287 697; x_wconf 90' lang='lat' dir='ltr'><strong>Inter</strong></span> <span class='ocrx_word' id='word_1_6' title='bbox 293 625 506 697; x_wconf 54' lang='lat' dir='ltr'><strong>rusticos‘antem</strong></span> <span class='ocrx_word' id='word_1_7' title='bbox 517 632 579 694; x_wconf 90' lang='lat' dir='ltr'><strong>illos</strong></span> <span class='ocrx_word' id='word_1_8' title='bbox 585 630 737 716; x_wconf 82' lang='lat' dir='ltr'><strong>presbyteri</strong></span> <span class='ocrx_word' id='word_1_9' title='bbox 743 630 856 711; x_wconf 89' lang='lat' dir='ltr'><strong>qnidam</strong></span> <span class='ocrx_word' id='word_1_10' title='bbox 865 641 951 704; x_wconf 85' lang='lat' dir='ltr'><strong>erant,</strong></span> 
     </span>
     <span class='ocr_line' id='line_1_3' title="bbox 211 720 953 808; baseline -0.011 -20"><span class='ocrx_word' id='word_1_11' title='bbox 211 729 259 808; x_wconf 91' lang='lat' dir='ltr'><strong>qui</strong></span> <span class='ocrx_word' id='word_1_12' title='bbox 272 743 369 790; x_wconf 86' lang='lat' dir='ltr'><strong>terram</strong></span> <span class='ocrx_word' id='word_1_13' title='bbox 385 726 497 787; x_wconf 83' lang='lat' dir='ltr'><strong>arabant</strong></span> <span class='ocrx_word' id='word_1_14' title='bbox 509 739 534 787; x_wconf 89' lang='lat' dir='ltr'><strong>et</strong></span> <span class='ocrx_word' id='word_1_15' title='bbox 547 739 643 786; x_wconf 79' lang='lat' dir='ltr'><strong>caetera</strong></span> <span class='ocrx_word' id='word_1_16' title='bbox 656 721 764 783; x_wconf 74' lang='lat' dir='ltr'><strong>rustice</strong></span> <span class='ocrx_word' id='word_1_17' title='bbox 777 721 840 783; x_wconf 73' lang='lat' dir='ltr'><strong>vitre</strong></span> <span class='ocrx_word' id='word_1_18' title='bbox 859 720 953 780; x_wconf 77' lang='lat' dir='ltr'><strong>misnia</strong></span> 
     </span>
     <span class='ocr_line' id='line_1_4' title="bbox 210 812 953 901; baseline -0.013 -20"><span class='ocrx_word' id='word_1_19' title='bbox 210 820 385 901; x_wconf 79' lang='lat' dir='ltr'><strong>prestabant,</strong></span> <span class='ocrx_word' id='word_1_20' title='bbox 397 832 480 898; x_wconf 88' lang='lat' dir='ltr'><strong>atque</strong></span> <span class='ocrx_word' id='word_1_21' title='bbox 491 817 677 900; x_wconf 88' lang='lat' dir='ltr'><strong>apostolomm</strong></span> <span class='ocrx_word' id='word_1_22' title='bbox 691 836 765 877; x_wconf 89' lang='lat' dir='ltr'><strong>more</strong></span> <span class='ocrx_word' id='word_1_23' title='bbox 776 815 880 876; x_wconf 83' lang='lat' dir='ltr'><strong>rictum</strong></span> <span class='ocrx_word' id='word_1_24' title='bbox 898 812 953 873; x_wconf 90' lang='lat' dir='ltr'><strong>sibi</strong></span> 
     </span>
    </p>
   </div>
   <div class='ocr_carea' id='block_1_3' title="bbox 57 909 954 5331">
    <p class='ocr_par' dir='ltr' id='par_1_3' title="bbox 57 909 954 4006">
     <span class='ocr_line' id='line_1_5' title="bbox 210 909 668 991; baseline -0.002 -22.212"><span class='ocrx_word' id='word_1_25' title='bbox 210 910 342 991; x_wconf 87' lang='lat' dir='ltr'><strong>parabant</strong></span> <span class='ocrx_word' id='word_1_26' title='bbox 351 932 386 972; x_wconf 88' lang='lat' dir='ltr'><strong>ex</strong></span> <span class='ocrx_word' id='word_1_27' title='bbox 394 909 555 990; x_wconf 87' lang='lat' dir='ltr'><strong>quotidiano</strong></span> <span class='ocrx_word' id='word_1_28' title='bbox 567 909 668 969; x_wconf 87' lang='lat' dir='ltr'><strong>labore.</strong></span> 
     </span>
     <span class='ocr_line' id='line_1_6' title="bbox 82 991 952 1082; baseline -0.003 -22"><span class='ocrx_word' id='word_1_29' title='bbox 82 991 87 1019; x_wconf 73' lang='lat'><em>³</em></span> <span class='ocrx_word' id='word_1_30' title='bbox 97 998 201 1044; x_wconf 62' lang='lat' dir='ltr'><strong>flwffi·</strong></span> <span class='ocrx_word' id='word_1_31' title='bbox 252 1002 349 1064; x_wconf 81' lang='lat' dir='ltr'>Paucis</span> <span class='ocrx_word' id='word_1_32' title='bbox 367 1002 465 1064; x_wconf 90' lang='lat' dir='ltr'><strong>diebus</strong></span> <span class='ocrx_word' id='word_1_33' title='bbox 480 1014 541 1082; x_wconf 87' lang='lat' dir='ltr'><strong>post</strong></span> <span class='ocrx_word' id='word_1_34' title='bbox 554 1000 624 1061; x_wconf 90' lang='lat' dir='ltr'><strong>hanc</strong></span> <span class='ocrx_word' id='word_1_35' title='bbox 636 998 777 1060; x_wconf 81' lang='lat' dir='ltr'><strong>homiliam</strong></span> <span class='ocrx_word' id='word_1_36' title='bbox 795 997 905 1078; x_wconf 90' lang='lat' dir='ltr'><strong>elapsis,</strong></span> <span class='ocrx_word' id='word_1_37' title='bbox 917 995 952 1057; x_wconf 88' lang='lat' dir='ltr'><strong>de</strong></span> 
     </span>
     <span class='ocr_line' id='line_1_7' title="bbox 57 1060 952 1183; baseline -0.002 -32"><span class='ocrx_word' id='word_1_38' title='bbox 57 1060 198 1183; x_wconf 51' lang='lat' dir='ltr'><strong>mnia,</strong></span> <span class='ocrx_word' id='word_1_39' title='bbox 210 1094 287 1153; x_wconf 80' lang='lat' dir='ltr'><strong>Anna</strong></span> <span class='ocrx_word' id='word_1_40' title='bbox 300 1107 388 1155; x_wconf 89' lang='lat' dir='ltr'><strong>matre</strong></span> <span class='ocrx_word' id='word_1_41' title='bbox 402 1093 537 1155; x_wconf 73' lang='lat' dir='ltr'><strong>Samuelis</strong></span> <span class='ocrx_word' id='word_1_42' title='bbox 555 1091 707 1153; x_wconf 87' lang='lat' dir='ltr'><strong>concionari</strong></span> <span class='ocrx_word' id='word_1_43' title='bbox 724 1090 815 1170; x_wconf 76' lang='lat' dir='ltr'><strong>carpit.</strong></span> <span class='ocrx_word' id='word_1_44' title='bbox 832 1090 952 1149; x_wconf 80' lang='lat' dir='ltr'><strong>Primam</strong></span> 
     </span>
     <span class='ocr_line' id='line_1_8' title="bbox 60 1182 952 1261; baseline -0.007 -16"><span class='ocrx_word' id='word_1_45' title='bbox 60 1185 104 1244; x_wconf 71' lang='lat' dir='ltr'><strong>⁸·i·</strong></span> <span class='ocrx_word' id='word_1_46' title='bbox 114 1182 196 1247; x_wconf 55' lang='grc' dir='ltr'><strong>ΡΜ·</strong></span> <span class='ocrx_word' id='word_1_47' title='bbox 209 1205 273 1247; x_wconf 85' lang='lat' dir='ltr'><strong>vern</strong></span> <span class='ocrx_word' id='word_1_48' title='bbox 289 1185 432 1247; x_wconf 73' lang='lat' dir='ltr'><strong>homiliam</strong></span> <span class='ocrx_word' id='word_1_49' title='bbox 448 1185 555 1246; x_wconf 88' lang='lat' dir='ltr'><strong>orditur</strong></span> <span class='ocrx_word' id='word_1_50' title='bbox 574 1185 677 1261; x_wconf 89' lang='lat' dir='ltr'><strong>dicens,</strong></span> <span class='ocrx_word' id='word_1_51' title='bbox 693 1182 849 1243; x_wconf 80' lang='lat' dir='ltr'><strong>memoriam</strong></span> <span class='ocrx_word' id='word_1_52' title='bbox 870 1182 952 1254; x_wconf 81' lang='lat' dir='ltr'><strong>Qua·</strong></span> 
     </span>
     <span class='ocr_line' id='line_1_9' title="bbox 207 1271 952 1359; baseline -0.008 -21"><span class='ocrx_word' id='word_1_53' title='bbox 207 1271 366 1359; x_wconf 80' lang='lat' dir='ltr'><strong>dragesimae</strong></span> <span class='ocrx_word' id='word_1_54' title='bbox 381 1298 445 1338; x_wconf 90' lang='lat' dir='ltr'><strong>cum</strong></span> <span class='ocrx_word' id='word_1_55' title='bbox 454 1277 556 1337; x_wconf 79' lang='lat' dir='ltr'><strong>&#39;affectu</strong></span> <span class='ocrx_word' id='word_1_56' title='bbox 570 1291 597 1336; x_wconf 91' lang='lat' dir='ltr'><strong>et</strong></span> <span class='ocrx_word' id='word_1_57' title='bbox 610 1275 694 1335; x_wconf 78' lang='lat' dir='ltr'><strong>staturi</strong></span> <span class='ocrx_word' id='word_1_58' title='bbox 703 1272 799 1356; x_wconf 88' lang='lat' dir='ltr'><strong>jejunii</strong></span> <span class='ocrx_word' id='word_1_59' title='bbox 817 1272 952 1333; x_wconf 90' lang='lat' dir='ltr'><strong>desiderio</strong></span> 
     </span>
     <span class='ocr_line' id='line_1_10' title="bbox 208 1365 954 1451; baseline -0.009 -20"><span class='ocrx_word' id='word_1_60' title='bbox 208 1389 314 1451; x_wconf 84' lang='lat' dir='ltr'><strong>semper</strong></span> <span class='ocrx_word' id='word_1_61' title='bbox 330 1391 388 1430; x_wconf 87' lang='lat' dir='ltr'><strong>esse</strong></span> <span class='ocrx_word' id='word_1_62' title='bbox 399 1369 569 1431; x_wconf 74' lang='lat' dir='ltr'><strong>metandam.</strong></span> <span class='ocrx_word' id='word_1_63' title='bbox 583 1368 653 1428; x_wconf 85' lang='lat' dir='ltr'><strong>Hinc</strong></span> <span class='ocrx_word' id='word_1_64' title='bbox 664 1379 766 1446; x_wconf 89' lang='lat' dir='ltr'><strong>quanta</strong></span> <span class='ocrx_word' id='word_1_65' title='bbox 777 1365 847 1424; x_wconf 88' lang='lat' dir='ltr'><strong>bona</strong></span> <span class='ocrx_word' id='word_1_66' title='bbox 862 1386 897 1425; x_wconf 86' lang='lat' dir='ltr'><strong>ex</strong></span> <span class='ocrx_word' id='word_1_67' title='bbox 911 1367 954 1444; x_wconf 83' lang='lat' dir='ltr'><strong>je·</strong></span> 
     </span>
     <span class='ocr_line' id='line_1_11' title="bbox 206 1457 952 1544; baseline -0.007 -22"><span class='ocrx_word' id='word_1_68' title='bbox 206 1463 285 1544; x_wconf 85' lang='lat' dir='ltr'><strong>junio</strong></span> <span class='ocrx_word' id='word_1_69' title='bbox 294 1461 417 1523; x_wconf 85' lang='lat' dir='ltr'><strong>oriamur</strong></span> <span class='ocrx_word' id='word_1_70' title='bbox 427 1475 542 1522; x_wconf 76' lang='lat' dir='ltr'><strong>enarrat.</strong></span> <span class='ocrx_word' id='word_1_71' title='bbox 554 1462 596 1521; x_wconf 89' lang='lat' dir='ltr'><strong>lta</strong></span> <span class='ocrx_word' id='word_1_72' title='bbox 614 1480 697 1541; x_wconf 88' lang='lat' dir='ltr'><strong>porro</strong></span> <span class='ocrx_word' id='word_1_73' title='bbox 710 1457 745 1518; x_wconf 92' lang='lat' dir='ltr'><strong>de</strong></span> <span class='ocrx_word' id='word_1_74' title='bbox 754 1458 859 1538; x_wconf 85' lang='lat' dir='ltr'><strong>jejunio</strong></span> <span class='ocrx_word' id='word_1_75' title='bbox 873 1459 952 1531; x_wconf 88' lang='lat' dir='ltr'><strong>Qua-</strong></span> 
     </span>
     <span class='ocr_line' id='line_1_12' title="bbox 208 1548 954 1634; baseline -0.005 -22"><span class='ocrx_word' id='word_1_76' title='bbox 208 1551 367 1634; x_wconf 81' lang='lat' dir='ltr'><strong>dragesimae</strong></span> <span class='ocrx_word' id='word_1_77' title='bbox 386 1553 519 1634; x_wconf 92' lang='lat' dir='ltr'><strong>loquitur,</strong></span> <span class='ocrx_word' id='word_1_78' title='bbox 534 1566 565 1612; x_wconf 92' lang='lat' dir='ltr'><strong>ut</strong></span> <span class='ocrx_word' id='word_1_79' title='bbox 580 1551 702 1612; x_wconf 89' lang='lat' dir='ltr'><strong>crederes</strong></span> <span class='ocrx_word' id='word_1_80' title='bbox 717 1553 810 1611; x_wconf 89' lang='lat' dir='ltr'><strong>statim</strong></span> <span class='ocrx_word' id='word_1_81' title='bbox 823 1548 894 1609; x_wconf 93' lang='lat' dir='ltr'><strong>illud</strong></span> <span class='ocrx_word' id='word_1_82' title='bbox 909 1548 954 1609; x_wconf 84' lang='lat' dir='ltr'><strong>rel</strong></span> 
     </span>
     <span class='ocr_line' id='line_1_13' title="bbox 208 1639 953 1727; baseline -0.004 -24"><span class='ocrx_word' id='word_1_83' title='bbox 208 1643 333 1706; x_wconf 84' lang='lat' dir='ltr'><strong>hesterno</strong></span> <span class='ocrx_word' id='word_1_84' title='bbox 343 1645 386 1705; x_wconf 84' lang='lat' dir='ltr'><strong>vel</strong></span> <span class='ocrx_word' id='word_1_85' title='bbox 397 1644 530 1727; x_wconf 82' lang='lat' dir='ltr'><strong>proximis</strong></span> <span class='ocrx_word' id='word_1_86' title='bbox 538 1643 635 1704; x_wconf 88' lang='lat' dir='ltr'><strong>diebus</strong></span> <span class='ocrx_word' id='word_1_87' title='bbox 644 1642 764 1703; x_wconf 82' lang='lat' dir='ltr'><strong>desiisse.</strong></span> <span class='ocrx_word' id='word_1_88' title='bbox 774 1639 829 1703; x_wconf 90' lang='lat' dir='ltr'><strong>Sed</strong></span> <span class='ocrx_word' id='word_1_89' title='bbox 842 1655 933 1721; x_wconf 83' lang='lat' dir='ltr'><strong>postea</strong></span> <span class='ocrx_word' id='word_1_90' title='bbox 944 1687 953 1716; x_wconf 90' lang='lat'><strong>,</strong></span> 
     </span>
     <span class='ocr_line' id='line_1_14' title="bbox 209 1733 953 1817; baseline -0.003 -21"><span class='ocrx_word' id='word_1_91' title='bbox 209 1757 272 1796; x_wconf 88' lang='lat' dir='ltr'><strong>eum</strong></span> <span class='ocrx_word' id='word_1_92' title='bbox 297 1737 420 1817; x_wconf 90' lang='lat' dir='ltr'><strong>loquitur</strong></span> <span class='ocrx_word' id='word_1_93' title='bbox 439 1734 475 1796; x_wconf 92' lang='lat' dir='ltr'><strong>de</strong></span> <span class='ocrx_word' id='word_1_94' title='bbox 495 1736 529 1796; x_wconf 91' lang='lat' dir='ltr'><strong>iis</strong></span> <span class='ocrx_word' id='word_1_95' title='bbox 550 1757 611 1815; x_wconf 76' lang='lat' dir='ltr'><strong>qne</strong></span> <span class='ocrx_word' id='word_1_96' title='bbox 630 1749 693 1817; x_wconf 90' lang='lat' dir='ltr'><strong>post</strong></span> <span class='ocrx_word' id='word_1_97' title='bbox 710 1733 953 1813; x_wconf 88' lang='lat' dir='ltr'><strong>Quadragesimam</strong></span> 
     </span>
     <span class='ocr_line' id='line_1_15' title="bbox 208 1825 950 1908; baseline -0.008 -19"><span class='ocrx_word' id='word_1_98' title='bbox 208 1842 362 1908; x_wconf 76' lang='lat' dir='ltr'><strong>evenerant,</strong></span> <span class='ocrx_word' id='word_1_99' title='bbox 373 1828 452 1888; x_wconf 77' lang='lat' dir='ltr'><strong>facile</strong></span> <span class='ocrx_word' id='word_1_100' title='bbox 465 1827 615 1889; x_wconf 77' lang='lat' dir='ltr'><strong>advertitur</strong></span> <span class='ocrx_word' id='word_1_101' title='bbox 631 1847 685 1887; x_wconf 91' lang='lat' dir='ltr'><strong>non</strong></span> <span class='ocrx_word' id='word_1_102' title='bbox 698 1847 795 1908; x_wconf 82' lang='lat' dir='ltr'><strong>parum</strong></span> <span class='ocrx_word' id='word_1_103' title='bbox 813 1825 894 1906; x_wconf 90' lang='lat' dir='ltr'><strong>spatii</strong></span> <span class='ocrx_word' id='word_1_104' title='bbox 908 1826 950 1884; x_wconf 90' lang='lat' dir='ltr'><strong>in·</strong></span> 
     </span>
     <span class='ocr_line' id='line_1_16' title="bbox 207 1919 953 2002; baseline -0.003 -22"><span class='ocrx_word' id='word_1_105' title='bbox 207 1921 371 1998; x_wconf 72' lang='lat' dir='ltr'><strong>terrassiam,</strong></span> <span class='ocrx_word' id='word_1_106' title='bbox 381 1933 408 1980; x_wconf 86' lang='lat' dir='ltr'><strong>et</strong></span> <span class='ocrx_word' id='word_1_107' title='bbox 418 1919 537 2002; x_wconf 91' lang='lat' dir='ltr'><strong>plurima</strong></span> <span class='ocrx_word' id='word_1_108' title='bbox 551 1933 656 2001; x_wconf 86' lang='lat' dir='ltr'><strong>peracta</strong></span> <span class='ocrx_word' id='word_1_109' title='bbox 670 1919 772 1979; x_wconf 82' lang='lat' dir='ltr'><strong>fnisse:</strong></span> <span class='ocrx_word' id='word_1_110' title='bbox 786 1939 881 1999; x_wconf 84' lang='lat' dir='ltr'><strong>nempe</strong></span> <span class='ocrx_word' id='word_1_111' title='bbox 895 1920 953 1978; x_wconf 82' lang='lat' dir='ltr'><strong>dis·</strong></span> 
     </span>
     <span class='ocr_line' id='line_1_17' title="bbox 205 2010 952 2092; baseline -0.001 -21"><span class='ocrx_word' id='word_1_112' title='bbox 205 2015 374 2092; x_wconf 80' lang='lat' dir='ltr'><strong>potationes</strong></span> <span class='ocrx_word' id='word_1_113' title='bbox 395 2032 443 2070; x_wconf 89' lang='lat' dir='ltr'><strong>seu</strong></span> <span class='ocrx_word' id='word_1_114' title='bbox 463 2011 598 2089; x_wconf 83' lang='lat' dir='ltr'><strong>colloquia</strong></span> <span class='ocrx_word' id='word_1_115' title='bbox 619 2032 682 2070; x_wconf 90' lang='lat' dir='ltr'><strong>cnm</strong></span> <span class='ocrx_word' id='word_1_116' title='bbox 710 2010 868 2092; x_wconf 90' lang='lat' dir='ltr'><strong>gentilibus,</strong></span> <span class='ocrx_word' id='word_1_117' title='bbox 890 2031 952 2089; x_wconf 83' lang='lat' dir='ltr'><strong>quae</strong></span> 
     </span>
     <span class='ocr_line' id='line_1_18' title="bbox 210 2102 953 2186; baseline 0.001 -23"><span class='ocrx_word' id='word_1_118' title='bbox 210 2102 422 2186; x_wconf 79' lang='lat' dir='ltr'><strong>Chrysostomus</strong></span> <span class='ocrx_word' id='word_1_119' title='bbox 432 2103 582 2179; x_wconf 88' lang='lat' dir='ltr'><strong>habuit,ut</strong></span> <span class='ocrx_word' id='word_1_120' title='bbox 592 2103 654 2164; x_wconf 91' lang='lat' dir='ltr'><strong>illos</strong></span> <span class='ocrx_word' id='word_1_121' title='bbox 663 2103 825 2165; x_wconf 86' lang='lat' dir='ltr'><strong>calamitatis</strong></span> <span class='ocrx_word' id='word_1_122' title='bbox 834 2118 953 2184; x_wconf 90' lang='lat' dir='ltr'><strong>tempore</strong></span> 
     </span>
     <span class='ocr_line' id='line_1_19' title="bbox 162 2192 954 2274; baseline 0.004 -22"><span class='ocrx_word' id='word_1_123' title='bbox 162 2192 246 2259; x_wconf 74' lang='lat' dir='ltr'><strong>arrad</strong></span> <span class='ocrx_word' id='word_1_124' title='bbox 270 2193 455 2256; x_wconf 73' lang='lat' dir='ltr'><strong>Christianam</strong></span> <span class='ocrx_word' id='word_1_125' title='bbox 482 2194 640 2274; x_wconf 79' lang='lat' dir='ltr'><strong>religionem</strong></span> <span class='ocrx_word' id='word_1_126' title='bbox 667 2214 825 2267; x_wconf 82' lang='lat' dir='ltr'><strong>conversos,</strong></span> <span class='ocrx_word' id='word_1_127' title='bbox 846 2194 873 2253; x_wconf 89' lang='lat' dir='ltr'><strong>in</strong></span> <span class='ocrx_word' id='word_1_128' title='bbox 899 2194 954 2255; x_wconf 85' lang='lat' dir='ltr'><strong>lide</strong></span> 
     </span>
     <span class='ocr_line' id='line_1_20' title="bbox 208 2285 954 2366; baseline 0.001 -21"><span class='ocrx_word' id='word_1_129' title='bbox 208 2285 382 2346; x_wconf 84' lang='lat' dir='ltr'><strong>confirmaret</strong></span> <span class='ocrx_word' id='word_1_130' title='bbox 395 2310 404 2348; x_wconf 79' lang='lat' dir='ltr'><strong>r</strong></span> <span class='ocrx_word' id='word_1_131' title='bbox 418 2285 518 2346; x_wconf 91' lang='lat' dir='ltr'><strong>deiude</strong></span> <span class='ocrx_word' id='word_1_132' title='bbox 533 2287 599 2346; x_wconf 80' lang='lat' dir='ltr'><strong>festa</strong></span> <span class='ocrx_word' id='word_1_133' title='bbox 614 2299 766 2366; x_wconf 80' lang='lat' dir='ltr'><strong>martyrum</strong></span> <span class='ocrx_word' id='word_1_134' title='bbox 783 2307 843 2365; x_wconf 81' lang='lat' dir='ltr'><strong>quar</strong></span> <span class='ocrx_word' id='word_1_135' title='bbox 859 2286 954 2347; x_wconf 92' lang='lat' dir='ltr'><strong>multis</strong></span> 
     </span>
     <span class='ocr_line' id='line_1_21' title="bbox 207 2376 954 2456; baseline 0 -18"><span class='ocrx_word' id='word_1_136' title='bbox 207 2376 306 2439; x_wconf 90' lang='lat' dir='ltr'><strong>diebus</strong></span> <span class='ocrx_word' id='word_1_137' title='bbox 320 2377 349 2438; x_wconf 92' lang='lat' dir='ltr'><strong>in</strong></span> <span class='ocrx_word' id='word_1_138' title='bbox 360 2376 526 2438; x_wconf 74' lang='lat' dir='ltr'><strong>Antiocheno</strong></span> <span class='ocrx_word' id='word_1_139' title='bbox 539 2378 607 2438; x_wconf 90' lang='lat' dir='ltr'><strong>urbe</strong></span> <span class='ocrx_word' id='word_1_140' title='bbox 617 2378 751 2456; x_wconf 86' lang='lat' dir='ltr'><strong>celebrata</strong></span> <span class='ocrx_word' id='word_1_141' title='bbox 761 2378 870 2437; x_wconf 80' lang='lat' dir='ltr'><strong>luerunt</strong></span> <span class='ocrx_word' id='word_1_142' title='bbox 884 2402 891 2436; x_wconf 74' lang='grc' dir='ltr'><strong><em>ε</em></strong></span> <span class='ocrx_word' id='word_1_143' title='bbox 904 2377 954 2438; x_wconf 91' lang='lat' dir='ltr'><strong>de-</strong></span> 
     </span>
     <span class='ocr_line' id='line_1_22' title="bbox 208 2470 953 2549; baseline 0.001 -19"><span class='ocrx_word' id='word_1_144' title='bbox 208 2490 340 2549; x_wconf 84' lang='lat' dir='ltr'><strong>mumque</strong></span> <span class='ocrx_word' id='word_1_145' title='bbox 358 2471 523 2530; x_wconf 87' lang='lat' dir='ltr'><strong>rnsticorum</strong></span> <span class='ocrx_word' id='word_1_146' title='bbox 541 2470 674 2530; x_wconf 83' lang='lat' dir='ltr'><strong>adventus</strong></span> <span class='ocrx_word' id='word_1_147' title='bbox 687 2484 713 2530; x_wconf 93' lang='lat' dir='ltr'><strong>et</strong></span> <span class='ocrx_word' id='word_1_148' title='bbox 726 2470 877 2532; x_wconf 77' lang='lat' dir='ltr'><strong>cohortatio</strong></span> <span class='ocrx_word' id='word_1_149' title='bbox 897 2472 953 2531; x_wconf 91' lang='lat' dir='ltr'><strong>illis</strong></span> 
     </span>
     <span class='ocr_line' id='line_1_23' title="bbox 205 2560 754 2641; baseline -0.002 -21"><span class='ocrx_word' id='word_1_150' title='bbox 205 2562 279 2639; x_wconf 71' lang='lat' dir='ltr'><strong>fama</strong></span> <span class='ocrx_word' id='word_1_151' title='bbox 291 2561 319 2621; x_wconf 90' lang='lat' dir='ltr'><strong>iu</strong></span> <span class='ocrx_word' id='word_1_152' title='bbox 331 2560 475 2621; x_wconf 83' lang='lat' dir='ltr'><strong>Dominica</strong></span> <span class='ocrx_word' id='word_1_153' title='bbox 486 2566 534 2634; x_wconf 77' lang='grc' dir='ltr'><strong>τῆς</strong></span> <span class='ocrx_word' id='word_1_154' title='bbox 549 2561 754 2641; x_wconf 69' lang='grc' dir='ltr'>ὶπισωζομίνης.</span> 
     </span>
     <span class='ocr_line' id='line_1_24' title="bbox 247 2652 954 2735; baseline 0 -21"><span class='ocrx_word' id='word_1_155' title='bbox 247 2652 356 2732; x_wconf 85' lang='lat' dir='ltr'><strong>Deinde</strong></span> <span class='ocrx_word' id='word_1_156' title='bbox 364 2672 450 2733; x_wconf 88' lang='lat' dir='ltr'><strong>neque</strong></span> <span class='ocrx_word' id='word_1_157' title='bbox 463 2665 520 2713; x_wconf 88' lang='lat' dir='ltr'><strong>tam</strong></span> <span class='ocrx_word' id='word_1_158' title='bbox 534 2653 611 2713; x_wconf 87' lang='lat' dir='ltr'><strong>brevi</strong></span> <span class='ocrx_word' id='word_1_159' title='bbox 624 2652 782 2735; x_wconf 82' lang='lat' dir='ltr'><strong>compendio</strong></span> <span class='ocrx_word' id='word_1_160' title='bbox 793 2654 876 2713; x_wconf 79' lang='lat' dir='ltr'><strong>refert</strong></span> <span class='ocrx_word' id='word_1_161' title='bbox 889 2674 954 2714; x_wconf 90' lang='lat' dir='ltr'><strong>con-</strong></span> 
     </span>
     <span class='ocr_line' id='line_1_25' title="bbox 174 2742 952 2825; baseline 0.003 -21"><span class='ocrx_word' id='word_1_162' title='bbox 174 2753 177 2759; x_wconf 78' lang='grc'><strong>”</strong></span> <span class='ocrx_word' id='word_1_163' title='bbox 208 2742 312 2805; x_wconf 87' lang='lat' dir='ltr'><strong>cionem</strong></span> <span class='ocrx_word' id='word_1_164' title='bbox 332 2744 427 2815; x_wconf 86' lang='lat' dir='ltr'><strong>illam,</strong></span> <span class='ocrx_word' id='word_1_165' title='bbox 440 2765 522 2824; x_wconf 86' lang='lat' dir='ltr'><strong>quam</strong></span> <span class='ocrx_word' id='word_1_166' title='bbox 536 2766 600 2805; x_wconf 85' lang='lat' dir='ltr'><strong>cum</strong></span> <span class='ocrx_word' id='word_1_167' title='bbox 614 2745 719 2807; x_wconf 83' lang='lat' dir='ltr'><strong>Graecis</strong></span> <span class='ocrx_word' id='word_1_168' title='bbox 737 2766 784 2805; x_wconf 89' lang='lat' dir='ltr'><strong>seu</strong></span> <span class='ocrx_word' id='word_1_169' title='bbox 804 2745 952 2825; x_wconf 86' lang='lat' dir='ltr'><strong>gentilibus</strong></span> 
     </span>
     <span class='ocr_line' id='line_1_26' title="bbox 147 2828 953 2899; baseline 0.006 -5"><span class='ocrx_word' id='word_1_170' title='bbox 147 2828 148 2831; x_wconf 27' lang='lat'>¹</span> <span class='ocrx_word' id='word_1_171' title='bbox 208 2835 266 2897; x_wconf 91' lang='lat' dir='ltr'><strong>illis</strong></span> <span class='ocrx_word' id='word_1_172' title='bbox 280 2836 316 2896; x_wconf 90' lang='lat' dir='ltr'><strong>ad</strong></span> <span class='ocrx_word' id='word_1_173' title='bbox 330 2835 413 2897; x_wconf 85' lang='lat' dir='ltr'><strong>fidem</strong></span> <span class='ocrx_word' id='word_1_174' title='bbox 427 2836 565 2897; x_wconf 79' lang='lat' dir='ltr'><strong>muressis</strong></span> <span class='ocrx_word' id='word_1_175' title='bbox 578 2836 720 2897; x_wconf 84' lang='lat' dir='ltr'><strong>habuerat.</strong></span> <span class='ocrx_word' id='word_1_176' title='bbox 742 2838 774 2897; x_wconf 88' lang='lat' dir='ltr'><strong>ln</strong></span> <span class='ocrx_word' id='word_1_177' title='bbox 794 2859 825 2896; x_wconf 83' lang='lat' dir='ltr'><strong>ea</strong></span> <span class='ocrx_word' id='word_1_178' title='bbox 844 2839 953 2899; x_wconf 90' lang='lat' dir='ltr'><strong>concio·</strong></span> 
     </span>
     <span class='ocr_line' id='line_1_27' title="bbox 208 2930 951 3014; baseline 0.003 -23"><span class='ocrx_word' id='word_1_179' title='bbox 208 2930 253 2991; x_wconf 88' lang='lat' dir='ltr'><strong>nis</strong></span> <span class='ocrx_word' id='word_1_180' title='bbox 265 2931 365 2991; x_wconf 82' lang='lat' dir='ltr'><strong>habitas</strong></span> <span class='ocrx_word' id='word_1_181' title='bbox 379 2935 447 2993; x_wconf 86' lang='lat' dir='ltr'><strong>serie</strong></span> <span class='ocrx_word' id='word_1_182' title='bbox 459 2932 518 2992; x_wconf 79' lang='lat' dir='ltr'><strong>hec</strong></span> <span class='ocrx_word' id='word_1_183' title='bbox 531 2933 637 3005; x_wconf 55' lang='lat' dir='ltr'><strong>matur,</strong></span> <span class='ocrx_word' id='word_1_184' title='bbox 650 2953 720 3012; x_wconf 74' lang='lat' dir='ltr'><strong>quae,</strong></span> <span class='ocrx_word' id='word_1_185' title='bbox 733 2932 756 2992; x_wconf 90' lang='lat' dir='ltr'><strong>si</strong></span> <span class='ocrx_word' id='word_1_186' title='bbox 770 2953 823 2992; x_wconf 91' lang='lat' dir='ltr'><strong>non</strong></span> <span class='ocrx_word' id='word_1_187' title='bbox 838 2954 951 3014; x_wconf 86' lang='lat' dir='ltr'><strong>semper,</strong></span> 
     </span>
     <span class='ocr_line' id='line_1_28' title="bbox 208 3023 953 3106; baseline 0.001 -22"><span class='ocrx_word' id='word_1_188' title='bbox 208 3023 369 3105; x_wconf 90' lang='lat' dir='ltr'><strong>plerumque</strong></span> <span class='ocrx_word' id='word_1_189' title='bbox 387 3023 482 3084; x_wconf 86' lang='lat' dir='ltr'><strong>saltem</strong></span> <span class='ocrx_word' id='word_1_190' title='bbox 503 3044 568 3084; x_wconf 84' lang='lat' dir='ltr'><strong>vera</strong></span> <span class='ocrx_word' id='word_1_191' title='bbox 588 3045 645 3084; x_wconf 88' lang='lat' dir='ltr'><strong>esse</strong></span> <span class='ocrx_word' id='word_1_192' title='bbox 669 3025 864 3106; x_wconf 85' lang='lat' dir='ltr'><strong>comperimus,</strong></span> <span class='ocrx_word' id='word_1_193' title='bbox 878 3026 953 3104; x_wconf 89' lang='lat' dir='ltr'><strong>qnod</strong></span> 
     </span>
     <span class='ocr_line' id='line_1_29' title="bbox 208 3115 951 3198; baseline 0.001 -22"><span class='ocrx_word' id='word_1_194' title='bbox 208 3135 304 3197; x_wconf 84' lang='lat' dir='ltr'><strong>nempe</strong></span> <span class='ocrx_word' id='word_1_195' title='bbox 323 3116 403 3177; x_wconf 92' lang='lat' dir='ltr'><strong>liberi</strong></span> <span class='ocrx_word' id='word_1_196' title='bbox 423 3115 531 3176; x_wconf 90' lang='lat' dir='ltr'><strong>arbitrii</strong></span> <span class='ocrx_word' id='word_1_197' title='bbox 553 3119 641 3198; x_wconf 85' lang='lat' dir='ltr'><strong>major</strong></span> <span class='ocrx_word' id='word_1_198' title='bbox 654 3116 697 3178; x_wconf 86' lang='lat' dir='ltr'><strong>vis</strong></span> <span class='ocrx_word' id='word_1_199' title='bbox 710 3117 762 3194; x_wconf 86' lang='lat' dir='ltr'><strong>sit,</strong></span> <span class='ocrx_word' id='word_1_200' title='bbox 777 3138 861 3196; x_wconf 84' lang='lat' dir='ltr'><strong>quam</strong></span> <span class='ocrx_word' id='word_1_201' title='bbox 875 3132 951 3177; x_wconf 89' lang='lat' dir='ltr'><strong>natu·</strong></span> 
     </span>
     <span class='ocr_line' id='line_1_30' title="bbox 207 3207 952 3291; baseline 0.004 -23"><span class='ocrx_word' id='word_1_202' title='bbox 207 3227 256 3268; x_wconf 72' lang='lat' dir='ltr'><strong>re.</strong></span> <span class='ocrx_word' id='word_1_203' title='bbox 273 3209 391 3268; x_wconf 88' lang='lat' dir='ltr'><strong>Demurn</strong></span> <span class='ocrx_word' id='word_1_204' title='bbox 415 3207 454 3268; x_wconf 89' lang='lat' dir='ltr'><strong>ait</strong></span> <span class='ocrx_word' id='word_1_205' title='bbox 470 3208 639 3269; x_wconf 88' lang='lat' dir='ltr'><strong>mulieribus</strong></span> <span class='ocrx_word' id='word_1_206' title='bbox 663 3209 784 3269; x_wconf 83' lang='lat' dir='ltr'><strong>maxime</strong></span> <span class='ocrx_word' id='word_1_207' title='bbox 801 3225 952 3291; x_wconf 87' lang='lat' dir='ltr'><strong>competere</strong></span> 
     </span>
     <span class='ocr_line' id='line_1_31' title="bbox 207 3299 951 3385; baseline 0.004 -24"><span class='ocrx_word' id='word_1_208' title='bbox 207 3299 395 3370; x_wconf 87' lang='lat' dir='ltr'><strong>educationem</strong></span> <span class='ocrx_word' id='word_1_209' title='bbox 422 3300 683 3382; x_wconf 90' lang='lat' dir='ltr'><strong>liberorum,idque</strong></span> <span class='ocrx_word' id='word_1_210' title='bbox 705 3302 804 3383; x_wconf 83' lang='lat' dir='ltr'><strong>probat</strong></span> <span class='ocrx_word' id='word_1_211' title='bbox 827 3304 951 3385; x_wconf 82' lang='lat' dir='ltr'><strong>exemplo</strong></span> 
     </span>
     <span class='ocr_line' id='line_1_32' title="bbox 207 3392 951 3479; baseline 0.004 -25"><span class='ocrx_word' id='word_1_212' title='bbox 207 3395 294 3454; x_wconf 77' lang='lat' dir='ltr'><strong>Anne</strong></span> <span class='ocrx_word' id='word_1_213' title='bbox 312 3392 408 3454; x_wconf 85' lang='lat' dir='ltr'><strong>matris</strong></span> <span class='ocrx_word' id='word_1_214' title='bbox 428 3393 578 3468; x_wconf 86' lang='lat' dir='ltr'><strong>Samuelis,</strong></span> <span class='ocrx_word' id='word_1_215' title='bbox 592 3393 684 3479; x_wconf 85' lang='lat' dir='ltr'><strong>sinque</strong></span> <span class='ocrx_word' id='word_1_216' title='bbox 699 3394 811 3455; x_wconf 90' lang='lat' dir='ltr'><strong>demum</strong></span> <span class='ocrx_word' id='word_1_217' title='bbox 831 3394 869 3457; x_wconf 91' lang='lat' dir='ltr'><strong>ad</strong></span> <span class='ocrx_word' id='word_1_218' title='bbox 891 3418 951 3456; x_wconf 88' lang='lat' dir='ltr'><strong>sco·</strong></span> 
     </span>
     <span class='ocr_line' id='line_1_33' title="bbox 206 3484 951 3568; baseline 0.007 -24"><span class='ocrx_word' id='word_1_219' title='bbox 206 3505 274 3567; x_wconf 85' lang='lat' dir='ltr'><strong>pum</strong></span> <span class='ocrx_word' id='word_1_220' title='bbox 289 3486 364 3547; x_wconf 83' lang='lat' dir='ltr'><strong>venit</strong></span> <span class='ocrx_word' id='word_1_221' title='bbox 387 3499 414 3547; x_wconf 94' lang='lat' dir='ltr'><strong>et</strong></span> <span class='ocrx_word' id='word_1_222' title='bbox 435 3484 472 3546; x_wconf 89' lang='lat' dir='ltr'><strong>ad</strong></span> <span class='ocrx_word' id='word_1_223' title='bbox 495 3486 631 3547; x_wconf 88' lang='lat' dir='ltr'><strong>concionis</strong></span> <span class='ocrx_word' id='word_1_224' title='bbox 651 3502 852 3568; x_wconf 80' lang='lat' dir='ltr'><strong>argumentum.</strong></span> <span class='ocrx_word' id='word_1_225' title='bbox 868 3493 951 3549; x_wconf 77' lang='lat' dir='ltr'><strong>Anne</strong></span> 
     </span>
     <span class='ocr_line' id='line_1_34' title="bbox 207 3576 951 3658; baseline 0.005 -21"><span class='ocrx_word' id='word_1_226' title='bbox 207 3576 337 3639; x_wconf 80' lang='lat' dir='ltr'><strong>virtutem</strong></span> <span class='ocrx_word' id='word_1_227' title='bbox 358 3590 386 3638; x_wconf 87' lang='lat' dir='ltr'><strong>et</strong></span> <span class='ocrx_word' id='word_1_228' title='bbox 411 3576 504 3638; x_wconf 80' lang='lat' dir='ltr'><strong>landes</strong></span> <span class='ocrx_word' id='word_1_229' title='bbox 527 3577 675 3658; x_wconf 77' lang='lat' dir='ltr'><strong>praedicat,</strong></span> <span class='ocrx_word' id='word_1_230' title='bbox 699 3581 795 3640; x_wconf 89' lang='lat' dir='ltr'><strong>seriem</strong></span> <span class='ocrx_word' id='word_1_231' title='bbox 819 3602 855 3640; x_wconf 86' lang='lat' dir='ltr'><strong>ex</strong></span> <span class='ocrx_word' id='word_1_232' title='bbox 877 3602 951 3641; x_wconf 85' lang='lat' dir='ltr'><strong>sacra</strong></span> 
     </span>
     <span class='ocr_line' id='line_1_35' title="bbox 207 3667 951 3752; baseline 0.007 -24"><span class='ocrx_word' id='word_1_233' title='bbox 207 3667 348 3749; x_wconf 86' lang='lat' dir='ltr'><strong>Scriptura</strong></span> <span class='ocrx_word' id='word_1_234' title='bbox 361 3682 509 3729; x_wconf 90' lang='lat' dir='ltr'><strong>mutuatus.</strong></span> <span class='ocrx_word' id='word_1_235' title='bbox 527 3670 603 3729; x_wconf 86' lang='lat' dir='ltr'><strong>Hanc</strong></span> <span class='ocrx_word' id='word_1_236' title='bbox 622 3692 705 3752; x_wconf 86' lang='lat' dir='ltr'><strong>porro</strong></span> <span class='ocrx_word' id='word_1_237' title='bbox 726 3671 881 3731; x_wconf 89' lang='lat' dir='ltr'><strong>concionem</strong></span> <span class='ocrx_word' id='word_1_238' title='bbox 902 3672 951 3733; x_wconf 89' lang='lat' dir='ltr'><strong>ha·</strong></span> 
     </span>
     <span class='ocr_line' id='line_1_36' title="bbox 207 3759 952 3845; baseline 0.008 -25"><span class='ocrx_word' id='word_1_239' title='bbox 207 3759 327 3825; x_wconf 67' lang='lat' dir='ltr'><strong>buitael</strong></span> <span class='ocrx_word' id='word_1_240' title='bbox 340 3775 402 3822; x_wconf 88' lang='lat' dir='ltr'><strong>ante</strong></span> <span class='ocrx_word' id='word_1_241' title='bbox 416 3761 603 3824; x_wconf 64' lang='lat' dir='ltr'><strong>mensionem</strong></span> <span class='ocrx_word' id='word_1_242' title='bbox 624 3762 707 3843; x_wconf 84' lang='lat' dir='ltr'><strong>hujus</strong></span> <span class='ocrx_word' id='word_1_243' title='bbox 725 3763 788 3822; x_wconf 92' lang='lat' dir='ltr'><strong>anni</strong></span> <span class='ocrx_word' id='word_1_244' title='bbox 812 3777 872 3845; x_wconf 91' lang='lat' dir='ltr'><strong>post</strong></span> <span class='ocrx_word' id='word_1_245' title='bbox 896 3767 952 3826; x_wconf 90' lang='lat' dir='ltr'><strong>Do·</strong></span> 
     </span>
     <span class='ocr_line' id='line_1_37' title="bbox 209 3851 951 3934; baseline 0.008 -24"><span class='ocrx_word' id='word_1_246' title='bbox 209 3851 338 3913; x_wconf 81' lang='lat' dir='ltr'><strong>mininam</strong></span> <span class='ocrx_word' id='word_1_247' title='bbox 356 3852 499 3932; x_wconf 90' lang='lat' dir='ltr'><strong>quintam,</strong></span> <span class='ocrx_word' id='word_1_248' title='bbox 512 3854 556 3913; x_wconf 86' lang='lat' dir='ltr'><strong>vel</strong></span> <span class='ocrx_word' id='word_1_249' title='bbox 570 3854 674 3934; x_wconf 85' lang='lat' dir='ltr'><strong>aliquot</strong></span> <span class='ocrx_word' id='word_1_250' title='bbox 687 3852 784 3914; x_wconf 90' lang='lat' dir='ltr'><strong>diebus</strong></span> <span class='ocrx_word' id='word_1_251' title='bbox 804 3867 865 3913; x_wconf 87' lang='lat' dir='ltr'><strong>ante</strong></span> <span class='ocrx_word' id='word_1_252' title='bbox 878 3858 951 3916; x_wconf 90' lang='lat' dir='ltr'><strong>Pen-</strong></span> 
     </span>
     <span class='ocr_line' id='line_1_38' title="bbox 208 3956 335 4006; baseline 0.016 -2"><span class='ocrx_word' id='word_1_253' title='bbox 208 3956 335 4006; x_wconf 87' lang='lat' dir='ltr'><strong>teoosten.</strong></span> 
     </span>
    </p>

    <p class='ocr_par' dir='ltr' id='par_1_4' title="bbox 205 4038 952 4931">
     <span class='ocr_line' id='line_1_39' title="bbox 249 4038 951 4125; baseline 0.003 -24"><span class='ocrx_word' id='word_1_254' title='bbox 249 4038 407 4101; x_wconf 88' lang='lat' dir='ltr'><strong>Secundum</strong></span> <span class='ocrx_word' id='word_1_255' title='bbox 426 4061 577 4102; x_wconf 89' lang='lat' dir='ltr'><strong>sermonem</strong></span> <span class='ocrx_word' id='word_1_256' title='bbox 598 4040 626 4102; x_wconf 90' lang='lat' dir='ltr'><strong>in</strong></span> <span class='ocrx_word' id='word_1_257' title='bbox 641 4044 747 4103; x_wconf 78' lang='lat' dir='ltr'><strong>Annam</strong></span> <span class='ocrx_word' id='word_1_258' title='bbox 774 4043 868 4125; x_wconf 88' lang='lat' dir='ltr'><strong>paneis</strong></span> <span class='ocrx_word' id='word_1_259' title='bbox 890 4058 951 4125; x_wconf 90' lang='lat' dir='ltr'><strong>post</strong></span> 
     </span>
     <span class='ocr_line' id='line_1_40' title="bbox 208 4131 951 4216; baseline 0.007 -24"><span class='ocrx_word' id='word_1_260' title='bbox 208 4131 329 4216; x_wconf 90' lang='lat' dir='ltr'><strong>primum</strong></span> <span class='ocrx_word' id='word_1_261' title='bbox 344 4134 442 4194; x_wconf 90' lang='lat' dir='ltr'><strong>diebus</strong></span> <span class='ocrx_word' id='word_1_262' title='bbox 455 4134 656 4215; x_wconf 83' lang='lat' dir='ltr'><strong>pronuntiavit,</strong></span> <span class='ocrx_word' id='word_1_263' title='bbox 672 4136 830 4215; x_wconf 90' lang='lat' dir='ltr'><strong>etquidem,</strong></span> <span class='ocrx_word' id='word_1_264' title='bbox 844 4150 874 4195; x_wconf 91' lang='lat' dir='ltr'><strong>ut</strong></span> <span class='ocrx_word' id='word_1_265' title='bbox 889 4158 951 4197; x_wconf 90' lang='lat' dir='ltr'><strong>cre-</strong></span> 
     </span>
     <span class='ocr_line' id='line_1_41' title="bbox 207 4228 952 4313; baseline 0.005 -25"><span class='ocrx_word' id='word_1_266' title='bbox 207 4228 272 4289; x_wconf 83' lang='lat' dir='ltr'><strong>dere</strong></span> <span class='ocrx_word' id='word_1_267' title='bbox 291 4242 347 4302; x_wconf 90' lang='lat' dir='ltr'><strong>est,</strong></span> <span class='ocrx_word' id='word_1_268' title='bbox 367 4243 429 4290; x_wconf 86' lang='lat' dir='ltr'><strong>ante</strong></span> <span class='ocrx_word' id='word_1_269' title='bbox 441 4232 621 4292; x_wconf 86' lang='lat' dir='ltr'><strong>Pentecosten.</strong></span> <span class='ocrx_word' id='word_1_270' title='bbox 635 4231 726 4291; x_wconf 92' lang='lat' dir='ltr'><strong>Primo</strong></span> <span class='ocrx_word' id='word_1_271' title='bbox 743 4245 833 4291; x_wconf 91' lang='lat' dir='ltr'><strong>autem</strong></span> <span class='ocrx_word' id='word_1_272' title='bbox 853 4234 952 4313; x_wconf 84' lang='lat' dir='ltr'><strong>probat</strong></span> 
     </span>
     <span class='ocr_line' id='line_1_42' title="bbox 206 4319 950 4400; baseline 0.003 -21"><span class='ocrx_word' id='word_1_273' title='bbox 206 4320 313 4379; x_wconf 79' lang='lat' dir='ltr'><strong>Annam</strong></span> <span class='ocrx_word' id='word_1_274' title='bbox 324 4333 350 4379; x_wconf 92' lang='lat' dir='ltr'><strong>et</strong></span> <span class='ocrx_word' id='word_1_275' title='bbox 364 4332 467 4400; x_wconf 91' lang='lat' dir='ltr'><strong>patrem</strong></span> <span class='ocrx_word' id='word_1_276' title='bbox 486 4319 606 4379; x_wconf 86' lang='lat' dir='ltr'><strong>simulet</strong></span> <span class='ocrx_word' id='word_1_277' title='bbox 620 4335 731 4380; x_wconf 86' lang='lat' dir='ltr'><strong>matrem</strong></span> <span class='ocrx_word' id='word_1_278' title='bbox 748 4321 882 4380; x_wconf 87' lang='lat' dir='ltr'><strong>Samuelis</strong></span> <span class='ocrx_word' id='word_1_279' title='bbox 895 4322 950 4382; x_wconf 90' lang='lat' dir='ltr'><strong>dici</strong></span> 
     </span>
     <span class='ocr_line' id='line_1_43' title="bbox 205 4412 950 4493; baseline 0.007 -22"><span class='ocrx_word' id='word_1_280' title='bbox 205 4428 295 4490; x_wconf 78' lang='lat' dir='ltr'><strong>posse,</strong></span> <span class='ocrx_word' id='word_1_281' title='bbox 308 4413 419 4493; x_wconf 86' lang='lat' dir='ltr'><strong>ejusque</strong></span> <span class='ocrx_word' id='word_1_282' title='bbox 432 4413 568 4493; x_wconf 88' lang='lat' dir='ltr'><strong>duplicem</strong></span> <span class='ocrx_word' id='word_1_283' title='bbox 584 4412 714 4473; x_wconf 82' lang='lat' dir='ltr'><strong>virtutem</strong></span> <span class='ocrx_word' id='word_1_284' title='bbox 727 4414 856 4486; x_wconf 89' lang='lat' dir='ltr'><strong>celebrat,</strong></span> <span class='ocrx_word' id='word_1_285' title='bbox 873 4436 950 4475; x_wconf 90' lang='lat' dir='ltr'><strong>nem-</strong></span> 
     </span>
     <span class='ocr_line' id='line_1_44' title="bbox 205 4503 948 4585; baseline 0.008 -24"><span class='ocrx_word' id='word_1_286' title='bbox 205 4521 240 4583; x_wconf 91' lang='lat' dir='ltr'><strong>pe</strong></span> <span class='ocrx_word' id='word_1_287' title='bbox 252 4503 279 4562; x_wconf 93' lang='lat' dir='ltr'><strong>in</strong></span> <span class='ocrx_word' id='word_1_288' title='bbox 291 4503 418 4584; x_wconf 90' lang='lat' dir='ltr'><strong>precibus</strong></span> <span class='ocrx_word' id='word_1_289' title='bbox 428 4503 615 4563; x_wconf 86' lang='lat' dir='ltr'><strong>assiduitatem</strong></span> <span class='ocrx_word' id='word_1_290' title='bbox 631 4517 656 4564; x_wconf 88' lang='lat' dir='ltr'><strong>et</strong></span> <span class='ocrx_word' id='word_1_291' title='bbox 669 4505 753 4564; x_wconf 86' lang='lat' dir='ltr'><strong>animi</strong></span> <span class='ocrx_word' id='word_1_292' title='bbox 767 4506 948 4585; x_wconf 80' lang='lat' dir='ltr'><strong>vigilantiam,</strong></span> 
     </span>
     <span class='ocr_line' id='line_1_45' title="bbox 206 4592 949 4677; baseline 0.011 -25"><span class='ocrx_word' id='word_1_293' title='bbox 206 4592 307 4671; x_wconf 91' lang='lat' dir='ltr'><strong>quibus</strong></span> <span class='ocrx_word' id='word_1_294' title='bbox 317 4592 417 4654; x_wconf 89' lang='lat' dir='ltr'><strong>deinde</strong></span> <span class='ocrx_word' id='word_1_295' title='bbox 429 4595 536 4654; x_wconf 86' lang='lat' dir='ltr'><strong>tertiam</strong></span> <span class='ocrx_word' id='word_1_296' title='bbox 549 4594 643 4668; x_wconf 89' lang='lat' dir='ltr'><strong>addit,</strong></span> <span class='ocrx_word' id='word_1_297' title='bbox 655 4617 752 4677; x_wconf 85' lang='lat' dir='ltr'><strong>nempe</strong></span> <span class='ocrx_word' id='word_1_298' title='bbox 763 4598 949 4660; x_wconf 87' lang='lat' dir='ltr'><strong>conviciorum</strong></span> 
     </span>
     <span class='ocr_line' id='line_1_46' title="bbox 206 4686 949 4770; baseline 0.011 -25"><span class='ocrx_word' id='word_1_299' title='bbox 206 4686 376 4747; x_wconf 88' lang='lat' dir='ltr'><strong>tolerantiam</strong></span> <span class='ocrx_word' id='word_1_300' title='bbox 394 4701 421 4747; x_wconf 88' lang='lat' dir='ltr'><strong>ct</strong></span> <span class='ocrx_word' id='word_1_301' title='bbox 440 4687 694 4767; x_wconf 89' lang='lat' dir='ltr'><strong>mansuetudinem,</strong></span> <span class='ocrx_word' id='word_1_302' title='bbox 712 4691 881 4770; x_wconf 88' lang='lat' dir='ltr'><strong>carptimqne</strong></span> <span class='ocrx_word' id='word_1_303' title='bbox 901 4692 949 4752; x_wconf 92' lang='lat' dir='ltr'><strong>di-</strong></span> 
     </span>
     <span class='ocr_line' id='line_1_47' title="bbox 206 4777 948 4860; baseline 0.008 -22"><span class='ocrx_word' id='word_1_304' title='bbox 206 4778 244 4840; x_wconf 89' lang='lat' dir='ltr'><strong>cit</strong></span> <span class='ocrx_word' id='word_1_305' title='bbox 262 4777 428 4860; x_wconf 86' lang='lat' dir='ltr'><strong>precandum</strong></span> <span class='ocrx_word' id='word_1_306' title='bbox 448 4799 505 4841; x_wconf 89' lang='lat' dir='ltr'><strong>esse</strong></span> <span class='ocrx_word' id='word_1_307' title='bbox 526 4793 669 4860; x_wconf 89' lang='lat' dir='ltr'><strong>antequam</strong></span> <span class='ocrx_word' id='word_1_308' title='bbox 685 4779 720 4841; x_wconf 86' lang='lat' dir='ltr'><strong>ad</strong></span> <span class='ocrx_word' id='word_1_309' title='bbox 734 4802 854 4842; x_wconf 90' lang='lat' dir='ltr'><strong>mensam</strong></span> <span class='ocrx_word' id='word_1_310' title='bbox 874 4804 948 4844; x_wconf 85' lang='lat' dir='ltr'><strong>acce·</strong></span> 
     </span>
     <span class='ocr_line' id='line_1_48' title="bbox 206 4870 894 4931; baseline -0.009 0"><span class='ocrx_word' id='word_1_311' title='bbox 206 4870 299 4931; x_wconf 87' lang='lat' dir='ltr'><strong>datur.</strong></span> <span class='ocrx_word' id='word_1_312' title='bbox 891 4920 894 4925; x_wconf 82' lang='grc'><strong>.</strong></span> 
     </span>
    </p>

    <p class='ocr_par' dir='ltr' id='par_1_5' title="bbox 204 4962 950 5331">
     <span class='ocr_line' id='line_1_49' title="bbox 246 4962 949 5043; baseline 0.007 -20"><span class='ocrx_word' id='word_1_313' title='bbox 246 4962 389 5038; x_wconf 86' lang='lat' dir='ltr'><strong>Tertium,</strong></span> <span class='ocrx_word' id='word_1_314' title='bbox 403 4985 484 5043; x_wconf 90' lang='lat' dir='ltr'><strong>quem</strong></span> <span class='ocrx_word' id='word_1_315' title='bbox 498 4978 559 5024; x_wconf 89' lang='lat' dir='ltr'><strong>ante</strong></span> <span class='ocrx_word' id='word_1_316' title='bbox 576 4967 747 5025; x_wconf 87' lang='lat' dir='ltr'><strong>Pentecosten</strong></span> <span class='ocrx_word' id='word_1_317' title='bbox 768 4966 858 5040; x_wconf 87' lang='lat' dir='ltr'><strong>dixit,</strong></span> <span class='ocrx_word' id='word_1_318' title='bbox 871 4969 949 5029; x_wconf 92' lang='lat' dir='ltr'><strong>ordi-</strong></span> 
     </span>
     <span class='ocr_line' id='line_1_50' title="bbox 206 5055 949 5140; baseline 0.011 -26"><span class='ocrx_word' id='word_1_319' title='bbox 206 5069 252 5115; x_wconf 90' lang='lat' dir='ltr'><strong>tur</strong></span> <span class='ocrx_word' id='word_1_320' title='bbox 262 5076 278 5115; x_wconf 88' lang='lat' dir='ltr'><strong>a</strong></span> <span class='ocrx_word' id='word_1_321' title='bbox 289 5055 419 5138; x_wconf 79' lang='lat' dir='ltr'><strong>lacrymis</strong></span> <span class='ocrx_word' id='word_1_322' title='bbox 427 5059 511 5116; x_wconf 77' lang='lat' dir='ltr'><strong>Anne</strong></span> <span class='ocrx_word' id='word_1_323' title='bbox 520 5079 530 5134; x_wconf 77' lang='lat'>3</span> <span class='ocrx_word' id='word_1_324' title='bbox 538 5058 631 5136; x_wconf 87' lang='lat' dir='ltr'><strong>aitque</strong></span> <span class='ocrx_word' id='word_1_325' title='bbox 639 5057 824 5140; x_wconf 85' lang='lat' dir='ltr'><strong>lacrymarum</strong></span> <span class='ocrx_word' id='word_1_326' title='bbox 835 5060 949 5123; x_wconf 85' lang='lat' dir='ltr'><strong>imbrem</strong></span> 
     </span>
     <span class='ocr_line' id='line_1_51' title="bbox 205 5148 949 5231; baseline 0.015 -24"><span class='ocrx_word' id='word_1_327' title='bbox 205 5148 319 5230; x_wconf 81' lang='lat' dir='ltr'><strong>irrigare</strong></span> <span class='ocrx_word' id='word_1_328' title='bbox 329 5149 450 5231; x_wconf 88' lang='lat' dir='ltr'><strong>plantam</strong></span> <span class='ocrx_word' id='word_1_329' title='bbox 466 5150 643 5230; x_wconf 86' lang='lat' dir='ltr'><strong>precationis;</strong></span> <span class='ocrx_word' id='word_1_330' title='bbox 656 5152 692 5213; x_wconf 86' lang='lat' dir='ltr'><strong>ita</strong></span> <span class='ocrx_word' id='word_1_331' title='bbox 705 5167 734 5211; x_wconf 92' lang='lat' dir='ltr'><strong>ut</strong></span> <span class='ocrx_word' id='word_1_332' title='bbox 750 5154 854 5215; x_wconf 81' lang='lat' dir='ltr'><strong>fructus</strong></span> <span class='ocrx_word' id='word_1_333' title='bbox 866 5171 891 5217; x_wconf 91' lang='lat' dir='ltr'><strong>et</strong></span> <span class='ocrx_word' id='word_1_334' title='bbox 903 5179 949 5217; x_wconf 87' lang='lat' dir='ltr'><strong>ce-</strong></span> 
     </span>
     <span class='ocr_line' id='line_1_52' title="bbox 204 5241 950 5331; baseline 0.012 -30"><span class='ocrx_word' id='word_1_335' title='bbox 204 5241 288 5302; x_wconf 88' lang='lat' dir='ltr'><strong>lerior</strong></span> <span class='ocrx_word' id='word_1_336' title='bbox 309 5255 336 5302; x_wconf 92' lang='lat' dir='ltr'><strong>et</strong></span> <span class='ocrx_word' id='word_1_337' title='bbox 352 5241 441 5324; x_wconf 82' lang='lat' dir='ltr'><strong>major</strong></span> <span class='ocrx_word' id='word_1_338' title='bbox 460 5242 612 5322; x_wconf 86' lang='lat' dir='ltr'><strong>pmveniat.</strong></span> <span class='ocrx_word' id='word_1_339' title='bbox 624 5247 729 5304; x_wconf 75' lang='lat' dir='ltr'><strong>Annam</strong></span> <span class='ocrx_word' id='word_1_340' title='bbox 748 5245 950 5331; x_wconf 82' lang='lat' dir='ltr'><strong>inexemplum</strong></span> 
     </span>
    </p>
   </div>
   <div class='ocr_carea' id='block_1_4' title="bbox 207 5333 949 5417">
    <p class='ocr_par' dir='ltr' id='par_1_6' title="bbox 207 5333 949 5417">
     <span class='ocr_line' id='line_1_53' title="bbox 207 5333 949 5417; baseline 0.015 -25"><span class='ocrx_word' id='word_1_341' title='bbox 207 5333 353 5416; x_wconf 85' lang='lat' dir='ltr'><strong>proponit,</strong></span> <span class='ocrx_word' id='word_1_342' title='bbox 365 5355 421 5413; x_wconf 89' lang='lat' dir='ltr'><strong>quo</strong></span> <span class='ocrx_word' id='word_1_343' title='bbox 434 5348 514 5417; x_wconf 89' lang='lat' dir='ltr'><strong>pacto</strong></span> <span class='ocrx_word' id='word_1_344' title='bbox 534 5335 616 5398; x_wconf 87' lang='lat' dir='ltr'><strong>liberi</strong></span> <span class='ocrx_word' id='word_1_345' title='bbox 639 5336 694 5398; x_wconf 92' lang='lat' dir='ltr'><strong>sint</strong></span> <span class='ocrx_word' id='word_1_346' title='bbox 715 5335 861 5402; x_wconf 86' lang='lat' dir='ltr'><strong>educandi.</strong></span> <span class='ocrx_word' id='word_1_347' title='bbox 878 5343 949 5402; x_wconf 90' lang='lat' dir='ltr'><strong>Cum</strong></span> 
     </span>
    </p>
   </div>
   <div class='ocr_carea' id='block_1_5' title="bbox 0 0 1862 5970">
    <p class='ocr_par' dir='ltr' id='par_1_7' title="bbox 0 0 1862 5970">
     <span class='ocr_line' id='line_1_54' title="bbox 0 0 1862 5970; baseline 0 0"><span class='ocrx_word' id='word_1_348' title='bbox 0 0 1862 5970; x_wconf 95' lang='lat' dir='ltr'><strong> </strong></span> 
     </span>
    </p>
   </div>
  </div>
 </body>
</html>
