3750 6052
701 572 791 618 nunc
817 556 949 619 ιιιιιιιιι
976 569 1176 620 anonnara.
1649 560 1714 628 133

178 696 352 759 Parasceven.
369 721 384 753 a
400 699 465 773 Ῑιιιο
478 694 576 776 viginti
589 690 744 768 diebusssi
759 692 917 772 vigesimam

177 806 281 852 sextam
306 791 423 862 Martii,
446 810 507 873 qua
530 789 710 860 Paraseevet,
735 799 764 845 et
785 784 918 846 decimam

177 899 281 945 sextam
293 882 412 965 Aprilis,
428 904 483 962 qua
496 895 593 942 sancte
607 878 749 939 Domninae
762 879 859 938 festum
876 898 919 936 ce-

178 975 353 1053 lebrabatur,
369 995 552 1036 connumeres.

217 1068 268 1126 His
276 1067 434 1148 adjicimus,
446 1086 494 1125 nos
504 1087 539 1124 ex
549 1063 811 1125 admonitioneeirca
820 1062 922 1122 tumul-

177 1175 238 1221 tum
253 1162 279 1220 in
293 1159 441 1237 accedendo
452 1159 485 1218 ad
500 1179 602 1231 meram
616 1159 851 1231 communionem,
866 1174 919 1213 non

178 1256 297 1314 multum
311 1254 430 1326 moveri,
444 1264 475 1312 ιιι
493 1273 553 1311 eam
565 1252 608 1312 vel
624 1251 652 1310 in
667 1271 768 1310 annum
782 1249 842 1311 386
850 1294 860 1321 ‚
877 1246 920 1308 vel

178 1346 206 1405 in
220 1338 320 1405 annum
330 1345 388 1406 587
399 1344 584 1425 conjiciamus.
599 1345 693 1422 Neque
705 1342 777 1400 enim
793 1341 820 1399 in
833 1339 920 1398 homi·

177 1439 224 1497 liis
240 1451 345 1497 tantum
356 1435 392 1497 de
405 1436 497 1496 Natali
510 1448 537 1495 et
555 1434 589 1494 de
606 1434 759 1516 Epiphania
773 1432 921 1491 admonitio

178 1529 336 1609 hujusmodi
352 1529 481 1603 occurrit,
497 1526 546 1588 sed
564 1527 645 1586 etiam
655 1527 684 1587 in
696 1525 808 1585 homilia
822 1545 923 1606 praece·

177 1621 251 1680 denti
264 1620 300 1680 de
320 1621 393 1682 luda
408 1620 563 1701 proditore,
577 1619 656 1699 eujus
668 1637 769 1676 annum
788 1616 924 1693 assignare

178 1733 232 1773 non
243 1713 393 1794 potuimus.
407 1713 484 1785 Quid
495 1712 568 1772 enim
579 1711 741 1772 incommodi
761 1710 864 1770 accidat
876 1755 885 1783 ‚
900 1709 923 1769 si

178 1825 311 1886 ponamus
325 1804 548 1887 Chrysostomum
571 1804 664 1864 multis
678 1803 815 1883 variisque
824 1804 901 1862 annis
915 1848 924 1877 ,

179 1897 243 1976 quia
258 1919 310 1977 par
329 1899 464 1958 tumultus
475 1920 490 1957 a
502 1899 605 1980 populo
618 1897 819 1968 concitabatur,
831 1895 923 1956 eadem

131 2011 169 2051 ιιι
181 1992 220 2051 uti
231 1989 416 2051 admonitione
424 2012 493 2073 opus
505 1991 642 2051 habuisse.
654 1989 766 2050 Meliori
776 1990 859 2069 igitur
872 1990 925 2049 cal-

179 2083 241 2144 culo
265 2083 292 2143 in
316 2105 417 2143 annum
438 2085 498 2144 599
515 2084 677 2159 relerimus,
696 2083 746 2142 etsi
765 2103 817 2142 non
837 2082 926 2141 omnis

178 2195 293 2256 prorsus
306 2175 411 2235 tollitur
419 2174 564 2235 dubitandi
576 2195 667 2234 eausa.
683 2177 753 2234 Nam
764 2188 793 2233 ut
804 2173 925 2233 diximus

179 2265 207 2323 in
219 2267 324 2325 Monito
336 2266 375 2325 ad·
387 2265 513 2325 homilias
525 2281 551 2325 et
561 2265 642 2340 alibi,
655 2265 753 2324 tabulae
763 2263 923 2337 Paschales,

178 2379 237 2436 qua
256 2373 319 2418 aunt
332 2359 526 2440 posterioribus
546 2358 652 2418 seculis
669 2359 847 2430 concinnate,
861 2378 923 2417 curn

177 2450 315 2509 veteribus
328 2451 441 2511 calculis
458 2472 510 2510 non
528 2472 634 2533 sempor
652 2448 827 2525 concordant,
838 2448 925 2528 iisque

179 2563 232 2601 non
246 2543 356 2603 omnino
367 2543 436 2604 sudes
449 2560 488 2607 est
501 2544 635 2608 habenda.

218 2637 347 2695 Nondum
371 2638 469 2718 elapsis
491 2638 589 2717 viginti
610 2637 707 2698 diebus
733 2659 749 2696 a
773 2639 922 2697 Parasceve

179 2729 303 2804 Pascha,
318 2731 410 2809 inqua
424 2731 579 2817 concionem
593 2729 628 2790 de
640 2731 799 2791 Coemeterio
813 2744 839 2805 et
853 2732 923 2790 Cru-

131 2845 209 2895 33,oe
229 2823 318 2898 dixit,
334 2824 481 2884 Homiliam
504 2825 601 2884 habuit
626 2825 661 2885 de
685 2826 735 2886 55.
758 2826 869 2885 Bernice
896 2840 923 2885 et

179 2915 311 2976 Prosdoce
334 2917 489 2996 virginibus
512 2931 536 2977 et
560 2916 595 2977 de
615 2919 645 2976 S.
671 2917 806 2976 Domnina
830 2939 922 2976 earum

180 3021 275 3087 matre,
292 3021 322 3067 ut
333 3009 390 3090 ipse
410 3010 621 3090 Chrysostomus
631 3009 773 3091 perspicue
783 3009 856 3069 dixit
872 3010 922 3069 ini·

179 3101 229 3163 tio.
247 3100 364 3159 Orditur
382 3115 473 3160 autern
493 3103 634 3161 ostendens
652 3102 828 3161 antechristi
848 3122 923 3162 mor·

180 3208 327 3269 tem,cum
351 3184 473 3253 nondum
494 3195 553 3275 ipse
576 3208 666 3275 portas
685 3215 767 3254 aereas
787 3207 813 3254 et
834 3207 923 3254 vectes

181 3285 280 3344 ferreas
303 3286 451 3344 crucifixus
473 3287 667 3366 confregisset,
681 3277 805 3346 homines
825 3286 923 3346 admo-

179 3379 247 3439 dum
271 3392 384 3440 mortem
402 3381 547 3451 metuissee
569 3381 597 3438 in
617 3382 826 3462 exemplumque
846 3383 925 3441 affert

180 3472 255 3531 viros
281 3471 309 3531 in
334 3472 421 3532 veteri
440 3472 500 3552 lege
516 3472 712 3546 sanctissimos,
737 3472 923 3533 Abrahamum

180 3584 292 3645 nempe,
303 3564 436 3625 iacobum
447 3578 473 3624 et
484 3564 610 3637 Heliam,
621 3564 668 3643 qui
680 3564 815 3643 ingentem
829 3565 925 3626 mortis

179 3659 302 3718 timorem
317 3679 372 3738 prae
386 3678 415 3717 se
424 3657 553 3717 tulerunt.
566 3658 630 3716 Post
643 3670 759 3717 mortem
773 3676 836 3716 vero
845 3657 925 3716 Cirri-

177 3751 229 3824 sti,
245 3751 264 3810 ii
285 3751 331 3830 qui
355 3751 444 3829 quiin
460 3753 550 3832 ipsum
565 3749 678 3809 credunt
692 3749 821 3828 illiusque
833 3770 925 3810 amore

176 3856 316 3916 tenentur,
328 3842 442 3902 mortem
452 3842 562 3902 omnino
575 3854 764 3918 contemnunt,
777 3841 833 3900 imo
847 3841 922 3901 illam

175 3948 326 4017 appetunt;
342 3956 390 3995 nee
409 3935 461 3994 viri
487 3934 585 4008 modo,
600 3933 647 3993 sed
670 3933 751 3992 etiam
776 3933 919 4006 mulieres,

178 4029 276 4107 puellae
291 4043 317 4088 et
330 4028 457 4109 virgines.
469 4026 539 4086 Hine
547 4025 690 4087 historiam
699 4026 768 4085 texit
779 4026 923 4101 Bernices,

178 4122 327 4181 Prosdoees
346 4135 372 4180 et
395 4122 538 4180 Domninae
562 4140 656 4179 earrrm
677 4118 788 4189 matris,
804 4139 864 4197 qua
886 4118 922 4178 ad

177 4226 292 4271 mortem
304 4233 355 4293 pro
369 4211 478 4272 Christo
488 4211 621 4290 quaesite,
630 4210 728 4271 divino
741 4209 849 4271 afflante
858 4211 921 4291 Spi-

177 4304 254 4379 ritu,
267 4304 295 4363 in
309 4304 411 4364 flumen
425 4325 453 4363 se
467 4306 615 4384 conjecere.

131 4434 164 4500 p,
217 4348 289 4459 ilitio
311 4396 430 4456 homilia
449 4394 532 4454 eliam
555 4394 764 4475 subjungimus,
780 4416 841 4474 qua
860 4395 923 4456 lieet

177 4512 230 4551 non
244 4489 353 4565 edem,
371 4487 449 4548 sed
440 4500 534 4566 ignoto
551 4486 633 4547 nobis
646 4506 716 4546 anno
729 4487 802 4546 dicta
822 4489 923 4564 luerit,

177 4584 223 4643 hic
236 4598 324 4642 tamen
335 4579 571 4642 commemoranda
585 4591 643 4650 ast,
657 4579 720 4657 quia
734 4579 857 4658 quadam
875 4581 924 4638 ha-

177 4675 224 4734 bet
236 4674 271 4733 ad
285 4673 473 4755 explicandam
491 4671 610 4752 priorem
621 4685 784 4752 opportuna.
802 4671 923 4732 Antehac

177 4765 270 4847 ignota
290 4768 439 4845 primuma
456 4766 534 4828 nobis
552 4765 624 4824 edita
639 4765 702 4828 suit.
725 4764 825 4823 Habita
839 4785 922 4846 porro

179 4872 218 4920 est
231 4858 325 4940 paucis
345 4873 406 4940 post
426 4859 659 4918 Resurrectionem
675 4857 784 4917 Domini
804 4858 921 4931 diebus,

179 4965 205 5012 et
220 4948 345 5028 quidem,
357 4962 387 5007 ιιι
396 4949 425 5007 in
437 4950 491 5010 line
504 4950 641 5011 concionis
654 4950 792 5024 innuitur,
807 4950 835 5008 in
855 4952 924 5010 lesto

179 5055 334 5103 sanctarum
349 5041 489 5117 Bernices,
505 5043 651 5104 Prosdoees
663 5058 690 5103 et
703 5040 845 5103 Domninte
860 5065 923 5103 ma-

179 5136 239 5195 tris.
265 5133 318 5194 Hic
344 5147 434 5193 autem
459 5133 521 5194 illas
544 5137 704 5195 nominatim
730 5157 787 5197 non
807 5152 924 5198 recenset

182 5229 410 5310 Chrysostomus,
422 5226 470 5286 sed
481 5225 548 5286 adeo
560 5227 631 5288 clare
641 5228 759 5306 indicat,
771 5242 801 5288 ut
811 5230 925 5311 perinde

181 5335 284 5382 certum
299 5319 335 5379 sit
347 5319 383 5380 de
396 5319 452 5380 illis
466 5321 531 5400 agi,
545 5333 625 5398 atque
642 5321 665 5381 si
687 5322 801 5402 proprio
817 5325 925 5384 nomine

182 5412 395 5495 apqrellarentur.
405 5412 503 5493 Agitur
515 5410 644 5473 nimirum
657 5411 691 5472 da
703 5427 824 5478 matteet
836 5415 872 5476 de
885 5416 925 5475 fi-

970 691 1145 773 liabus‚quae
1159 695 1298 757 servande
1317 696 1382 756 lidei
1404 696 1593 779 pudicitiaque
1611 722 1713 776 eausa,

970 797 1031 862 post
1046 783 1166 844 relictam
1179 784 1295 866 patriam
1313 810 1370 848 sese
1385 788 1414 848 in
1433 789 1534 850 llumen
1555 793 1713 874 precipita-

971 889 1044 947 runt.
1061 877 1353 962 singularequidpiam
1364 881 1534 963 hioearptim
1545 883 1612 943 dicit
1618 885 1713 966 ,quod

971 969 999 1027 in
1010 968 1144 1048 priorede
1156 971 1204 1031 55.
1217 971 1331 1031 Berniee
1344 987 1370 1033 et
1384 973 1518 1034 Prosdoce
1531 976 1645 1036 homilia
1660 984 1713 1037 non

970 1076 1122 1143 comparet3
1144 1082 1240 1145 nempe
1256 1077 1404 1146 tyrannum
1427 1067 1570 1146 quemdam
1592 1069 1713 1129 caelibem

972 1155 1156 1234 virginitatem
1171 1177 1278 1231 earum,
1298 1179 1395 1240 nempe
1415 1161 1557 1220 Domninae
1572 1162 1712 1236 filiarum,

972 1261 1075 1307 tentare
1093 1250 1227 1325 voluisse,
1238 1250 1286 1310 sed
1305 1253 1451 1312 inaccessas
1470 1254 1552 1313 luisse
1571 1255 1713 1335 virgines:

972 1340 1045 1420 qrrod
1057 1341 1152 1420 utique
1161 1343 1224 1403 licet
1235 1343 1347 1404 sileatur
1361 1345 1388 1403 in
1402 1345 1512 1426 priore,
1527 1349 1651 1427 congruit
1669 1362 1713 1407 ta-

972 1455 1032 1493 men
1044 1455 1106 1493 curn
1126 1434 1175 1511 iis,
1185 1456 1246 1515 qum
1264 1458 1340 1498 num.
1353 1440 1372 1496 'l
1387 1437 1530 1514 dicuntur,
1542 1461 1638 1521 nempe
1662 1444 1716 1501 Do·

972 1526 1093 1587 mninam
1104 1549 1160 1587 sese
1174 1549 1235 1611 curn
1250 1530 1360 1590 filiabus
1371 1531 1399 1590 in
1409 1531 1510 1593 flumen
1524 1531 1714 1614 p'raecipitasse,

974 1638 1026 1679 non
1040 1618 1114 1703 quod
1128 1633 1259 1681 tormenta
1276 1637 1425 1701 metueret,
1446 1625 1493 1683 sed
1513 1625 1587 1704 quod
1609 1625 1718 1686 timeret

975 1733 1008 1771 ne
1020 1713 1082 1792 quis
1093 1713 1214 1774 filiarum
1227 1736 1338 1775 suanam
1352 1710 1537 1796 virginitatem
1555 1740 1720 1800 corrumpe.

974 1819 1031 1865 ret:
1042 1828 1096 1884 quo
1107 1807 1244 1889 innuitur]
1248 1806 1353 1868 adicem
1362 1830 1407 1868 seu
1417 1822 1563 1890 tyrannum
1573 1811 1716 1870 Domninm

974 1896 1083 1956 filiabus
1096 1897 1254 1980 cupiditatis
1263 1901 1355 1961 oculos
1369 1901 1508 1984 adjecisse.
1522 1902 1595 1962 Huic
1605 1902 1640 1963 dc
1654 1908 1714 1963 sa'n-

975 1990 1025 2048 ctis
1038 1989 1198 2050 mulieribus
1216 1994 1331 2053 sermoni
1352 1996 1494 2074 praemittit
1508 1996 1719 2077 Chrysostomus
1761 2028 1766 2034 ·

975 2081 1109 2141 concionis
1123 2085 1262 2163 preteritae
1276 2085 1419 2164 reliquias,
1433 2088 1480 2146 ubi
1495 2101 1637 2171 postquam
1648 2110 1719 2168 qum-

975 2173 1057 2231 situm
1078 2174 1242 2247 sumat,cur
1262 2179 1377 2237 loannes
1399 2179 1471 2238 solus
1492 2180 1717 2259 evangelistarum

976 2265 1010 2324 de
1024 2267 1123 2326 Lazaro
1143 2268 1325 2345 quatriduano
1340 2271 1468 2348 loquutus
1479 2285 1544 2333 esset
1556 2296 1566 2353 3
1578 2293 1639 2332 eum
1651 2294 1719 2332 cau-

976 2380 1034 2418 sam
1048 2360 1196 2433 attulisset,
1209 2360 1244 2419 de
1256 2363 1357 2421 Lazaro
1369 2383 1421 2423 non
1441 2383 1527 2444 pauca
1550 2365 1629 2425 solito
1648 2367 1720 2447 stylo

975 2449 1108 2511 edisserit.
1122 2451 1167 2510 Ex
1178 2466 1298 2534 tempore
1306 2468 1396 2514 autem
1405 2456 1576 2536 pronuntiata
1586 2457 1670 2517 luisse
1677 2458 1723 2516 vi·

916 2612 921 2622 Ι
974 2541 1054 2602 detur
1065 2542 1122 2602 haee
1133 2544 1244 2624 concio,
1263 2547 1364 2606 utalia
1376 2567 1429 2607 non
1442 2568 1555 2628 patrea,
1569 2569 1630 2628 qnae
1647 2550 1720 2631 paris

975 2650 1038 2695 sunt
1049 2637 1201 2697 brevitatis.

1016 2732 1046 2790 ln
1060 2732 1132 2791 hunc
1146 2752 1248 2791 annum
1256 2732 1449 2793 Tillemontius
1460 2736 1563 2794 confert
1573 2735 1721 2796 Homiliam
1732 2749 1862 2810 'rapam

975 2822 1010 2882 de
1033 2825 1210 2897 Ascensione,
1236 2827 1300 2903 quia
1322 2847 1418 2907 nempe
1437 2843 1497 2908 post
1519 2828 1667 2891 Homiliam
1687 2829 1722 2890 dc

975 2918 1133 2977 Coemeterio
1153 2931 1180 2977 et
1204 2919 1309 2990 cruce,
1323 2941 1384 2997 qum
1404 2920 1496 2980 habita
1508 2921 1593 2983 luisse
1607 2937 1720 3004 putatur

974 3030 1045 3069 anno
1058 3012 1116 3069 392
1127 3056 1135 3086 ,
1146 3009 1221 3069 dieta
1236 3011 1307 3070 luit:
1324 3032 1386 3070 nam
1401 3012 1428 3070 iu
1443 3012 1578 3093 principio
1597 3014 1722 3074 llomiliae

975 3100 1011 3160 de
1025 3102 1187 3162 ascensione
1199 3101 1285 3161 dicit:
1300 3128 1315 3158 a
1333 3102 1423 3162 Etiam
1438 3125 1500 3163 cum
1516 3107 1603 3165 crucis
1616 3128 1722 3166 memo-

976 3194 1045 3254 riam
1059 3194 1240 3266 recoluimus,
1254 3208 1331 3253 extra
1346 3196 1440 3255 urbem
1452 3197 1510 3276 ejus
1527 3197 1723 3258 solemnitatem

977 3284 1173 3345 celebravimus
1181 3308 1208 3359 ς»
1218 3285 1335 3364 indeque
1342 3286 1431 3364 arguit
1441 3286 1534 3346 'eodem
1542 3309 1612 3348 anno
1623 3303 1723 3348 utram·

976 3396 1028 3455 que
1038 3375 1159 3435 habitam
1170 3376 1261 3452 luisse,
1270 3398 1322 3437 non
1338 3378 1553 3447 animadvertens
1560 3381 1724 3463 Chryscsto·

976 3467 1144 3528 muminitio
1160 3469 1297 3528 concionis
1310 3467 1346 3528 de
1359 3469 1517 3530 coemeterio
1531 3485 1557 3530 et
1571 3473 1657 3531 Ceuee
1677 3473 1720 3532 di-

976 3580 1100 3635 cere,ex
1120 3560 1183 3639 lege.
1203 3561 1257 3620 lata
1272 3583 1287 3620 a
1304 3560 1453 3640 majoribus
1472 3574 1604 3623 statutum
1617 3565 1722 3637 luisse,

977 3668 1007 3713 ut
1023 3654 1176 3713 solemnitas
1205 3653 1281 3712 istaec
1303 3667 1379 3714 extra
1402 3653 1537 3714 civitatem
1559 3655 1587 3714 in
1601 3655 1720 3739 quodam
1821 3694 1824 3699 -

976 3745 1111 3826 assignato
1125 3747 1184 3806 loco
1198 3745 1387 3806 celebraretur.
1400 3745 1475 3826 Ergo
1485 3749 1629 3826 quotannis
1643 3764 1721 3811 extra

976 3838 1071 3898 urbem
1087 3838 1115 3898 in
1127 3838 1172 3898 die
1185 3841 1345 3900 parasceves
1359 3853 1507 3899 conventus
1527 3836 1696 3902 habebantur
1712 3865 1720 3899 r

975 3949 1024 3990 nec
1038 3944 1125 4012 potest
1138 3930 1288 4011 quidquam
1311 3952 1346 3991 ex
1369 3952 1452 4012 supra
1474 3932 1563 3992 allatis
1583 3935 1673 3994 verbis
1687 3936 1722 3996 ad

975 4042 1076 4082 annum
1091 4022 1264 4083 statuendum
1279 4023 1382 4104 colligi
1394 4024 1459 4084 ldeo
1471 4039 1562 4085 autem
1582 4041 1657 4087 extra
1677 4051 1721 4088 ur-

975 4113 1037 4174 bem
1051 4115 1183 4176 celebrari
1198 4116 1251 4177 hoe
1264 4116 1364 4176 festum
1376 4114 1445 4175 dicit
1450 4118 1540 4198 ,quia
1556 4100 1606 4179 isto
1618 4121 1647 4180 in
1663 4121 1721 4182 loeo

974 4221 1108 4290 martyres
1122 4208 1221 4290 sepulti
1240 4222 1324 4267 erant.
1347 4208 1483 4283 Quoniam
1504 4231 1568 4269 vero
1585 4209 1701 4271 eodem
1694 4235 1720 4272 m

975 4300 1034 4360 loco
1045 4300 1126 4360 edam
1139 4300 1257 4359 haretici
1275 4292 1389 4378 quidam
1409 4300 1509 4380 sepulti
1526 4303 1650 4376 lucrant,
1673 4326 1721 4364 nee

974 4392 1033 4452 sine
1041 4393 1170 4474 scrupulo
1183 4392 1301 4472 populus
1314 4391 1350 4450 ad
1362 4393 1485 4472 sepulcra
1496 4408 1650 4474 martyrum
1661 4418 1720 4477 pre-

975 4505 1019 4547 ces
1031 4482 1160 4543 fundebat
1168 4529 1178 4561 ,
1191 4484 1227 4542 ob
1241 4483 1319 4542 illam
1331 4481 1459 4543 viciniam
1470 4507 1479 4560 ;
1495 4484 1557 4544 ideo
1572 4487 1721 4548 Flavianus

975 4579 1116 4661 episcopus
1134 4598 1197 4637 vera
1212 4590 1366 4656 martyrum
1377 4596 1436 4635 ossa
1457 4577 1537 4637 istinc
1552 4580 1651 4639 auferri
1668 4602 1720 4641 eu-

976 4684 1123 4747 raverat,et
1137 4670 1164 4729 in
1174 4669 1313 4728 ecclesiam
1323 4669 1510 4730 Romuheslam
1520 4670 1619 4731 dictam
1633 4685 1722 4733 trans·

976 4764 1097 4846 portari,
1121 4762 1169 4820 ubi
1191 4760 1310 4842 populus
1327 4761 1510 4842 precabatur,
1529 4777 1555 4824 et
1579 4767 1721 4827 conciones

976 4857 1154 4918 habebantur.
1174 4852 1284 4914 Exhinc
1294 4874 1361 4913 vero
1373 4851 1408 4913 de
1418 4855 1522 4935 angelis
1534 4858 1637 4937 ubique
1651 4872 1677 4917 et
1693 4859 1721 4918 in

977 4947 1096 5010 eeclesiis
1108 4945 1409 5026 maximepraesentibus
1418 4945 1651 5028 loquitur:aitque
1661 4950 1722 5010 dia·

977 5063 1074 5102 conum
1091 5042 1119 5100 in
1133 5040 1257 5120 biturgia
1271 5037 1378 5116 dicere,
1395 5040 1546 5120 Angelum
1565 5047 1649 5121 pacis
1671 5065 1732 5102 ro·.

977 5149 1057 5218 gete.
1074 5139 1168 5196 Postea
1182 5133 1218 5193 de
1232 5133 1392 5193 Aseeosione
1406 5133 1518 5192 Domini
1532 5134 1589 5212 agit
1604 5180 1612 5209 ,
1626 5134 1722 5196 docet-

978 5250 1033 5310 que
1042 5226 1177 5308 quomodo
1188 5227 1313 5286 Christus
1323 5225 1360 5284 ad
1368 5225 1508 5284 dexteram
1519 5227 1608 5285 Patris
1616 5227 1721 5304 sedens,
1742 5239 1746 5246 '

980 5322 1111 5382 mediator
1127 5320 1177 5381 Dei
1188 5334 1214 5380 et
1226 5318 1369 5379 bominum
1382 5317 1428 5377 sit.
1447 5317 1580 5389 Quaenam
1593 5317 1723 5381 disseres·

979 5418 1018 5478 tia
1029 5417 1065 5477 sit
1079 5414 1147 5476 iuter
1162 5411 1352 5474 ascensionem
1370 5408 1474 5492 Christi
1495 5423 1521 5468 et
1542 5413 1723 5473 ascensionem
