3714 5970
130 476 136 484 ·
160 444 234 514 arii
775 457 935 507 sruorsrs
961 456 1090 520 norun,

158 682 272 763 parietes
283 701 336 740 non
346 680 428 738 inere.
444 705 459 735 u
764 700 771 709 ·
955 686 1035 732 natus
1049 685 1116 731 esset
1129 672 1264 751 Christus,
1276 693 1329 734 non
1342 673 1493 754 baptisatus
1505 673 1620 748 fuisset3
1638 692 1701 731 nam

198 777 267 835 Rem
292 772 457 853 singularem
485 770 561 831 docet
589 771 798 853 chrysostomus
826 770 902 851 quod
956 763 987 824 id
1000 765 1097 825 sestam
1112 765 1405 849 Theophaniorumest
1420 790 1428 824 a
1444 765 1702 846 nequaquamluis-

7 866 146 932 T-⁸·r·l⁶l·
159 887 255 947 nempe
267 866 293 924 in
311 864 446 945 mysteriis
460 863 606 924 Christiani
622 864 780 925 Antiocheni
799 887 827 924 se
840 887 902 924 mn·
955 869 995 915 ὅθί
1008 856 1168 930 crflclfimir
1184 855 1258 938 q⁰⁰d
1270 871 1310 919 ⁶⁸⁸
1323 859 1420 918 stilum
1434 858 1547 918 pach&
1560 881 1568 915 ²
1581 877 1637 916 ”⁰¹¹
1651 856 1703 916 ml·

6 934 31 981 rt.
159 973 207 1019 tuo
220 958 444 1039 amplecterentur
451 979 461 1033 ;
478 970 508 1015 ut
522 958 600 1017 multi
618 979 702 1018 unum
718 959 899 1039 efficerentur,
955 951 1032 1011 518301
1047 953 1183 1033 Spiritum.
1194 968 1327 1031 5111011113,
1339 953 1413 1035 quod
1433 955 1587 1014 5116111111
1604 953 1704 1012 Pente·

159 1066 239 1132 atque
252 1070 406 1127 communes
422 1070 513 1129 preces
528 1049 670 1110 funderent
680 1072 730 1134 pro
743 1072 796 1111 non
810 1051 902 1112 initia·
956 1057 1051 1134 003183.
1067 1069 1081 1103 ³

160 1143 206 1217 tis,
225 1165 275 1224 pro
289 1142 415 1217 inlirmis,
431 1164 482 1223 pro
499 1142 573 1203 orbis
590 1142 735 1219 fructibus,
756 1166 805 1225 pro
822 1157 901 1218 terra,
995 1141 1063 1197 Post
1075 1137 1199 1198 Natalem
1211 1158 1276 1218 ergo
1286 1138 1388 1200 Christi
1399 1138 1458 1198 dies
1470 1136 1649 1220 Epiphaniae,
1657 1158 1704 1198 sen

159 1257 211 1317 pro
225 1236 305 1295 mari.
320 1235 426 1295 Morem
441 1249 531 1294 autem
548 1250 676 1307 veterem,
694 1258 774 1316 quem
789 1237 904 1298 mirabi·
957 1227 1198 1310 Thfflphffllffl'llm
1214 1235 1226 1307 (
1240 1253 1304 1292 ΜΨ
1318 1246 1432 1312 uimque
1450 1231 1564 1291 ”limine
1584 1230 1705 1312 ιΡΡθΠίῑ·

8 1332 148 1396 [διν-111·
161 1326 216 1388 lem
235 1327 316 1403 dicit,
336 1326 364 1386 in
383 1328 539 1388 memoriam
559 1343 667 1390 revocat
683 1354 717 1387 :r
737 1329 827 1389 Coacti
848 1350 902 1389 an-
958 1327 1025 1398 tur)
1043 1343 1142 1403 magno
1157 1324 1232 1384 cultu
1247 1324 1378 1386 celebrari
1390 1325 1504 1401 solebat·
1520 1323 1575 1385 lllo
1594 1323 1751 1391 dicht-tm

9 1412 31 1441 ‘'
161 1433 228 1496 tem,
243 1444 258 1476 o
272 1420 372 1500 inquit,
385 1443 401 1476 e
415 1433 480 1480 tunc
494 1420 589 1482 fideles
603 1442 695 1482 omnes
707 1434 767 1503 post
780 1421 902 1482 auditam
958 1415 1094 1495 ptismatis
1109 1417 1211 1478 Christi
1226 1439 1335 1499 quoque
1351 1420 1449 1481 festum
1469 1417 1614 1497 agebatur,
1631 1430 1659 1476 et
1670 1415 1705 1475 ad

161 1513 321 1586 doctrinam,
334 1526 393 1593 post
408 1513 550 1586 orationes,
562 1527 624 1595 post
638 1514 829 1596 mysteriorum
841 1535 904 1596 par-
959 1510 1151 1590 mysteriorum
1164 1512 1398 1593 participationem
1414 1509 1622 1571 advocabantur
1635 1507 1703 1568 lide-

162 1604 358 1686 ticipationem,
378 1605 465 1665 soluta
478 1606 587 1687 synaxi,
608 1628 661 1667 non
683 1608 773 1668 statim
790 1607 904 1668 domum
958 1601 998 1662 les
1011 1624 1115 1663 omnes.
1131 1605 1173 1663 Dc
1189 1605 1327 1666 Pascbatis
1340 1605 1407 1664 sesto
1420 1602 1548 1682 quedam
1564 1622 1648 1682 supra
1664 1601 1703 1661 di·

162 1695 359 1775 conmdebam5
372 1696 418 1757 sed
432 1696 532 1759 divites
544 1712 569 1759 et
579 1699 769 1781 opulentiores,
778 1700 905 1760 alimenta
959 1693 996 1753 cit
1010 1694 1221 1778 Chtytostomns
1233 1718 1295 1776 qoae
1306 1696 1490 1778 explicatione
1500 1715 1572 1776 opos
1585 1693 1701 1753 habente

162 1802 189 1850 et
201 1789 302 1848 fercula
314 1809 329 1848 e
343 1789 472 1849 domibus
484 1790 541 1850 suis
552 1791 701 1869 afferentes,
715 1813 845 1874 pauperes
856 1791 905 1852 ad·
959 1786 991 1847 Si
1004 1785 1141 1859 Christus,
1157 1788 1257 1867 inquit,
1273 1788 1422 1850 meandum
1436 1808 1546 1848 carnem
1559 1798 1641 1849 natus
1653 1807 1702 1846 nott

162 1881 307 1961 rorabant,
323 1885 514 1961 communique
530 1884 612 1944 simul
629 1907 720 1946 mensa
736 1886 905 1963 fruebantur,
959 1891 1047 1952 3⁵21,
1070 1900 1124 1940 non
1144 1880 1237 1942 luisset
1254 1882 1415 1956 cmcilixus,
1432 1880 1509 1960 quod
1528 1894 1571 1941 est
1590 1879 1702 1955 Pascha,

162 1971 352 2032 communibus
361 1971 448 2052 epulis
458 1984 540 2051 atque
553 1974 687 2034 conviviis
703 1973 732 2034 in
749 1975 808 2056 ipsa
818 1973 906 2034 eccle-
959 1971 1231 2054 resisteremus,
1251 1974 1316 2057 ὅπερ
1327 1974 1385 2035 ieri
1402 1973 1435 2034 rh
1447 1973 1553 2053 πάσχα.
1567 1972 1654 2048 Qneis
1664 1972 1703 2031 si-

161 2062 232 2122 sia.»
250 2063 296 2121 tir
313 2083 393 2142 porro
409 2061 577 2125 celebritates
594 2065 655 2127 illas
671 2066 700 2127 i'n
718 2065 842 2144 meridie,
856 2071 906 2140 τῆς
960 2061 1090 2142 gnilirare
1100 2064 1219 2140 ridetur,
1234 2066 1375 2128 Christum
1386 2065 1414 2126 in
1430 2063 1476 2124 die
1491 2064 1634 2126 Pascbatis
1645 2086 1704 2124 crn-

161 2150 266 2232 ἡμέρας
274 2151 419 2229 μεσούσης,
432 2151 593 2232 plerumque
603 2153 684 2215 solvi.
873 2178 881 2187 ·
960 2153 1075 2214 cilixum
1088 2155 1179 2216 [nime.
1193 2156 1250 2218 Ubi
1263 2155 1462 2217 observandum
1479 2155 1552 2216 illud
1566 2168 1618 2231 est,
1634 2155 1705 2235 qood

201 2244 244 2303 De
257 2243 400 2325 precipuis
415 2264 465 2325 per
477 2265 578 2308 annum
590 2246 688 2306 diebus
702 2247 775 2306 lestis
787 2267 841 2306 non
858 2266 905 2306 se-
955 2245 990 2326 jn
1009 2247 1127 2307 emunda
1140 2251 1317 2329 parteoctam
1330 2249 1397 2310 torni
1411 2248 1533 2309 diximus
1555 2248 1586 2308 in
1599 2248 1705 2309 Monito
1742 2268 1751 2319 r

151 2337 216 2397 mel
229 2336 286 2416 agit
299 2335 393 2397 doctm
405 2351 503 2399 noster.
519 2339 561 2398 De
575 2339 659 2398 natali
672 2360 737 2398 vero
746 2337 792 2399 die
803 2337 905 2398 Christi
960 2339 995 2399 ad
1009 2360 1158 2400 sermonem
1170 2340 1205 2400 de
1219 2342 1360 2415 Pascbate,
1372 2362 1454 2421 qoem
1470 2343 1544 2401 inter
1555 2340 1650 2422 spuria
1665 2337 1751 2400 tuh·

161 2427 221 2487 haec
234 2441 325 2487 neman
339 2429 368 2487 in
389 2428 516 2489 concione
527 2450 610 2508 quarn
622 2431 720 2490 habuit
732 2451 803 2491 anno
823 2431 904 2494 3862
961 2432 1095 2496 cavimus.
1116 2434 1240 2514 Scriptor
1253 2435 1326 2494 enim
1343 2434 1391 2494 ille
1411 2432 1522 2494 ridetur
1535 2433 1649 2493 omnino
1660 2433 1705 2493 di-
1714 2398 1751 2457 *l

8 2516 149 2579 T·⁸·r·³⁵l·
163 2522 240 2582 illam
256 2541 353 2600 nempe
366 2520 551 2581 solennitatem
564 2542 650 2604 nuper
665 2543 697 2581 ac
710 2521 830 2583 nondum
848 2522 905 2582 ela·
961 2524 1097 2602 stinguere
1111 2526 1216 2585 Pascha
1228 2548 1245 2586 a
1261 2526 1403 2587 Dominica
1415 2525 1646 2587 Resurrectionis.
1658 2525 1706 2586 tte

9 2597 153 2706 {mmm
164 2617 220 2701 psis
237 2616 331 2676 decem
348 2617 428 2702 annis
444 2616 479 2676 ch
497 2616 653 2690 Occidente,
670 2618 717 2678 ubi
738 2619 773 2678 cb
793 2618 907 2680 exordio
961 2624 1015 2693 que
1028 2614 1109 2675 modo
1121 2618 1150 2676 in
1163 2618 1285 2696 Oriente,
1298 2619 1439 2679 sedetiam
1453 2617 1483 2677 ia
1496 2618 1649 2680 Occidente
1663 2632 1706 2678 ta·

164 2709 297 2770 celebrata
310 2708 407 2781 iuerat,
423 2711 593 2770 Antiochiam
606 2711 716 2770 allatam
729 2712 821 2771 fuisse.
833 2712 906 2783 Quia
961 2707 1014 2768 lem
1030 2708 1115 2769 luisse
1129 2709 1330 2772 distinctionem
1343 2711 1538 2794 comperimus.
1558 2711 1708 2792 Gregorius

164 2822 229 2862 vero
248 2800 361 2881 plurimi
376 2800 450 2861 diem
468 2803 567 2863 festum
586 2796 744 2884 hujusmodi
758 2804 835 2884 quasi
855 2827 908 2867 no-
962 2803 1033 2862 euim
1059 2803 1247 2881 Turonensis,
1277 2805 1400 2865 ordinem
1428 2824 1445 2862 a
1475 2805 1614 2884 Papetuo
1632 2816 1707 2864 ante-

165 2915 233 2954 rum
245 2915 278 2954 ac
291 2915 378 2976 nuper
392 2894 536 2955 inductum
548 2896 742 2969 detrectabant,
756 2897 850 2957 multis
863 2920 908 2958 ar·
961 2914 1066 2955 cessore
1094 2916 1143 2954 suo
1166 2910 1299 2956 statutum
1320 2897 1462 2979 referens,¹
1475 2897 1708 2956 Resurrectionem
1727 2934 1751 2981 α

165 2987 300 3068 gumentis
320 2982 418 3069 probat
436 2987 482 3047 ille
501 2989 617 3048 natalem
638 2989 739 3050 Christi
758 2990 786 3049 in
806 2990 909 3070 vigesi-
963 2988 1075 3048 Domini
1095 2989 1172 3070 prius
1192 3010 1274 3070 quam
1292 2989 1394 3049 Pascha
1416 2986 1584 3048 celebratam
1598 2988 1751 3048 exhibetur

165 3098 238 3137 mam
250 3078 372 3157 quintam
384 3079 541 3140 Decembris
555 3079 683 3142 incidere.
695 3083 805 3143 Veteres
817 3094 905 3143 tamen
962 3080 1014 3140 boc
1026 3074 1125 3162 pacto:
1560 3104 1564 3110 ’

164 3168 328 3251 AEgyptiiet
340 3170 490 3230 Orientales
504 3192 605 3247 omnes,
617 3185 648 3231 ut
663 3193 772 3232 concors
784 3173 907 3233 omnium
1002 3175 1089 3234 Sexto
1112 3175 1259 3236 calendas
1279 3175 1396 3255 Aprilis
1409 3175 1638 3234 Resurrectione
1651 3174 1710 3232 Do-

163 3262 294 3337 sententia
306 3276 358 3340 est,
372 3262 454 3322 simul
466 3264 627 3345 Epiphaniae
641 3265 799 3345 Natalisque
810 3267 906 3327 Domi·
963 3274 1038 3329 mini
1059 3275 1152 3329 nostri
1177 3270 1252 3329 lesu
1267 3269 1385 3344 Christi,
1399 3264 1438 3325 ad
1457 3267 1630 3328 Basilicam
1654 3267 1710 3325 Do
1736 3278 1740 3283 ·

162 3353 192 3413 ni
204 3354 302 3414 festum
313 3353 359 3414 die
371 3369 446 3414 sexta
457 3356 580 3417 ianuarii
593 3356 764 3416 celebrabant
777 3381 783 3415 ι
797 3371 825 3417 at
836 3358 907 3418 circa
962 3368 1024 3420 mru'
1039 3365 1174 3422 Martini.

163 3446 286 3507 medium
303 3447 394 3506 saeculi
408 3448 497 3526 quarti
514 3449 620 3508 inrecta
634 3447 741 3509 easdem
751 3451 778 3508 in
787 3451 907 3529 regiones
1002 3455 1133 3529 Pascha,
1148 3459 1180 3512 irr
1193 3453 1341 3514 Ecclesia.

164 3537 330 3600 consuetudo
355 3540 407 3598 init
427 3555 456 3600 ut
478 3542 608 3621 vigesima
634 3542 729 3621 quinta
750 3543 907 3603 Decembris
1003 3549 1063 3606 Die
1079 3548 1272 3606 Ascensionis
1289 3549 1322 3605 in
1339 3543 1476 3608 Basilica
1490 3546 1606 3604 Domni
1626 3546 1710 3604 llar-

164 3632 281 3692 netalem
302 3629 373 3691 diem
389 3632 564 3693 celebrarent.
581 3635 684 3693 Verum
700 3634 817 3716 priscam
830 3635 906 3694 illam
965 3643 1032 3699 tini.

165 3722 385 3784 consuetudinem
399 3723 434 3783 ad
448 3739 553 3784 atatem
570 3747 655 3805 usque
673 3747 750 3787 suam
768 3728 797 3788 in
813 3728 909 3789 Eccle-
1005 3732 1062 3796 Ubi
1073 3730 1317 3792 notatRuinartius
1327 3742 1417 3790 noster
1427 3751 1434 3785 r
1446 3730 1569 3789 Festum
1578 3731 1709 3790 Pascha·

166 3819 207 3879 sia
232 3818 457 3900 ierosolymitana
487 3820 609 3881 obtinere
630 3822 704 3881 testis
734 3836 773 3881 est
796 3823 909 3884 Cosmas
965 3826 1002 3882 tis
1013 3846 1032 3880 a
1034 3827 1119 3903 sesto
1133 3822 1359 3880 Resurrectionis
1372 3817 1566 3892 distingrcitur
1578 3820 1613 3876 irs
1627 3830 1708 3877 oete·

166 3910 324 3992 AEgyptius,
336 3931 416 3988 quem
429 3911 567 3972 edidimus
584 3934 654 3972 anno
664 3915 744 3974 1706
757 3938 764 3972 =
776 3913 910 3995 idipsum·
964 3917 1101 3976 stioribus
1123 3914 1314 3973 Kalendariis
1328 3955 1337 3985 ,
1350 3914 1401 3970 ubi
1413 3911 1648 3971 Resurrectionis
1666 3912 1709 3991 i‘·

167 4025 220 4084 que
232 4004 374 4063 confirmat
386 4006 502 4066 ioannes
515 4006 652 4081 Nicaenus,
667 4005 733 4065 dum
753 4007 791 4065 ait
805 4028 911 4067 assere·
965 4021 1042 4069 stum
1053 4007 1101 4066 die
1114 4008 1152 4066 at
1167 4008 1274 4065 Martii
1288 4004 1426 4064 recolitur
1438 4025 1451 4072 ‚·
1465 4003 1592 4062 Pascha
1607 4018 1708 4076 actm,

167 4118 228 4158 rare
242 4097 495 4177 ierosolymitanos,
513 4097 645 4158 iacobum
663 4100 772 4160 fratrem
788 4101 911 4177 Domini,
966 4117 998 4187 ut
1011 4121 1111 4161 omnes
1125 4113 1245 4173 norunt,
1267 4118 1321 4179 pro
1334 4098 1482 4155 varietate
1501 4095 1582 4155 lrmoe
1603 4113 1710 4176 sempe·

166 4191 288 4271 primum
307 4189 539 4271 ierosolymorum
554 4191 721 4271 episcopum,
741 4190 776 4251 ad
795 4193 912 4252 natalem
965 4198 1143 4256 celebratum
1168 4201 1199 4252 r'n
1221 4192 1358 4252 Ecclesia
1371 4190 1512 4271 siritio
1537 4188 1608 4267 quid
1626 4188 1709 4250 aude

168 4284 272 4345 Christi
287 4283 476 4343 celebrandam
489 4285 612 4345 ianuarii
626 4297 733 4343 sextum
753 4285 825 4345 diem
840 4286 911 4345 assi·
967 4292 1086 4368 tempore
1095 4284 1283 4368 Chrysostomi
1297 4283 1472 4343 observatum
1485 4282 1642 4342 Antiochire
1654 4282 1705 4341 tue

167 4377 303 4460 gnarisse.
966 4380 1001 4438 rit
1020 4379 1131 4439 rideant
1150 4375 1261 4437 eruditi.
1286 4376 1367 4435 Diem
1385 4394 1449 4433 rero
1467 4373 1587 4434 natalem
1608 4373 1705 4438 Christi

208 4472 313 4528 Verum
324 4467 372 4527 diu
385 4481 447 4527 ante
459 4469 485 4528 in
499 4461 691 4528 Antiochenam
701 4466 852 4529 Ecclesiam
870 4470 911 4529 in·
967 4485 1046 4530 vocat
1063 4491 1145 4551 supra
1161 4469 1370 4551 Chrysostomus
1383 4465 1547 4545 metropolin
1560 4467 1703 4527 lectorum:

169 4573 262 4619 rectus
276 4559 362 4618 iuerat
376 4561 445 4620 ritus
458 4559 611 4620 celebrandi
625 4562 741 4621 natalem
753 4561 855 4621 Christi
867 4560 913 4623 die
967 4565 995 4623 in
1014 4564 1074 4623 loco
1093 4563 1176 4623 etiam
1194 4582 1275 4642 supra
1290 4572 1437 4618 memorato
1450 4558 1628 4619 Pentecosten
1642 4578 1705 4638 quo-

15 4693 59 4750 p'
77 4697 159 4762 ΡΜ.
169 4653 211 4712 25
225 4653 394 4712 Decembris.
412 4655 458 4711 Ait
473 4654 544 4712 enim
561 4653 607 4713 ille
620 4654 739 4713 Homilia
758 4653 786 4712 in
800 4654 832 4714 S.
848 4655 915 4713 Phi·
966 4678 1020 4735 que
1038 4669 1117 4716 vocat
1133 4653 1292 4733 metropolin
1306 4653 1436 4710 festorum
1452 4673 1460 4707 t
1476 4649 1525 4709 sed
1540 4651 1605 4711 talis
1621 4649 1704 4732 appel·

16 4756 40 4805 n.
65 4735 71 4749 ’
93 4733 100 4748 ’
170 4743 307 4824 logonium
323 4766 329 4799 ε
345 4766 360 4797 a
375 4743 542 4802 instatenim
562 4745 669 4819 festum,
689 4745 811 4810 omnium
829 4746 914 4805 lesto-
968 4748 1032 4808 latio
1053 4748 1160 4825 utrique
1176 4759 1326 4826 competere
1338 4756 1437 4824 potest,
1459 4741 1524 4819 quia
1543 4741 1606 4803 dies
1618 4742 1704 4803 natalis

170 4860 232 4899 rum
255 4835 375 4896 maxime
398 4834 581 4895 venerandum
610 4852 690 4914 atque
716 4839 912 4898 tremendum:
968 4854 1008 4900 est
1027 4837 1244 4917 fundamentum,
1263 4838 1418 4895 Pentecoste
1434 4854 1500 4895 vero
1526 4834 1703 4916 complanen-

169 4930 243 5012 quod
259 4930 281 4989 si
297 4927 359 5007 quis
371 4926 489 5008 appellet
501 4926 621 4985 omnium
635 4929 764 4988 festorum
778 4944 914 5011 metropo·
968 4948 1027 4994 tum
1041 4934 1180 4992 festorum.
1739 4918 1751 4949 u'

169 5026 221 5102 lin,
235 5022 444 5102 haudquaquam
462 5020 578 5079 aberret.
593 5020 739 5093 Quodnam
758 5037 848 5082 autem
864 5024 915 5083 boc
1009 5028 1050 5085 De
1069 5023 1191 5085 diaconis
1208 5021 1283 5101 loqui
1297 5020 1417 5092 videtur,
1433 5018 1544 5099 quando
1561 5019 1631 5080 dicit
1647 5019 1751 5103 illo-14

66 5166 69 5171 <
169 5120 230 5180 est?
244 5117 345 5177 Christi
366 5117 393 5175 in
408 5135 487 5174 carne
501 5114 613 5174 Natalis.
630 5115 673 5174 Ab
688 5115 739 5174 boc
759 5130 850 5176 autem
870 5119 914 5177 le·
970 5141 1029 5178 rum
1044 5117 1165 5178 officium
1183 5136 1249 5187 csse,
1271 5129 1301 5173 ut
1316 5113 1455 5194 improbos
1474 5126 1501 5171 et
1515 5113 1608 5195 palam
1628 5111 1751 5172 sehs-

171 5224 241 5272 stum
256 5208 473 5292 Epiphaniorum
485 5207 528 5268 rel
542 5207 793 5288 Theophaniorum,
806 5230 913 5269 sacrum
969 5226 1024 5272 stos
1036 5223 1169 5270 arceanta
1183 5205 1387 5289 participatione
1401 5205 1523 5286 corporis
1532 5219 1560 5265 et
1575 5200 1700 5285 sanguinis

171 5306 284 5382 Pascha,
300 5304 436 5385 hscensio,
448 5318 474 5366 et
488 5305 641 5365 Pentecoste
653 5302 786 5385 originem
802 5325 834 5364 ac
848 5305 913 5364 iun·
970 5303 1082 5366 Christi.
1100 5300 1237 5380 lldditque
1254 5298 1316 5360 illos
1334 5296 1425 5360 tunica
1437 5297 1500 5358 alba
1518 5310 1544 5359 ct
1557 5293 1699 5380 splendente
