<?xml version="1.0" encoding="UTF-8"?>
<!DOCTYPE html PUBLIC "-//W3C//DTD XHTML 1.0 Transitional//EN"
    "http://www.w3.org/TR/xhtml1/DTD/xhtml1-transitional.dtd">
<html xmlns="http://www.w3.org/1999/xhtml" xml:lang="en" lang="en">
 <head>
  <title>
</title>
<meta http-equiv="Content-Type" content="text/html;charset=utf-8" />
  <meta name='ocr-system' content='tesseract 3.04.00' />
  <meta name='ocr-capabilities' content='ocr_page ocr_carea ocr_par ocr_line ocrx_word'/>
</head>
<body>
  <div class='ocr_page' id='page_1' title='image "./sanctipatrisnos00chrygoog/sanctipatrisnos00chrygoog_0198.png"; bbox 0 0 3714 5970; ppageno 0'>
   <div class='ocr_carea' id='block_1_1' title="bbox 612 429 1627 530">
    <p class='ocr_par' dir='ltr' id='par_1_1' title="bbox 612 429 1627 530">
     <span class='ocr_line' id='line_1_1' title="bbox 612 429 1627 530; baseline -0.001 -28"><span class='ocrx_word' id='word_1_1' title='bbox 612 450 703 502; x_wconf 84' lang='lat' dir='ltr'><strong>rouo</strong></span> <span class='ocrx_word' id='word_1_2' title='bbox 728 448 859 502; x_wconf 84' lang='lat' dir='ltr'><strong>rnruuu</strong></span> <span class='ocrx_word' id='word_1_3' title='bbox 885 449 1082 503; x_wconf 75' lang='lat' dir='ltr'><strong>anonam.</strong></span> <span class='ocrx_word' id='word_1_4' title='bbox 1560 429 1627 530; x_wconf 81' lang='lat'><strong>169</strong></span> 
     </span>
    </p>
   </div>
   <div class='ocr_carea' id='block_1_2' title="bbox 10 576 1778 5277">
    <p class='ocr_par' dir='ltr' id='par_1_2' title="bbox 10 576 1778 5277">
     <span class='ocr_line' id='line_1_2' title="bbox 108 576 1621 661; baseline -0.004 -17"><span class='ocrx_word' id='word_1_5' title='bbox 108 583 227 646; x_wconf 78' lang='lat' dir='ltr'><strong>ioannes</strong></span> <span class='ocrx_word' id='word_1_6' title='bbox 242 600 310 642; x_wconf 85' lang='lat' dir='ltr'><strong>vero</strong></span> <span class='ocrx_word' id='word_1_7' title='bbox 325 592 434 661; x_wconf 81' lang='lat' dir='ltr'><strong>accepte</strong></span> <span class='ocrx_word' id='word_1_8' title='bbox 452 579 574 656; x_wconf 89' lang='lat' dir='ltr'><strong>lectaque</strong></span> <span class='ocrx_word' id='word_1_9' title='bbox 594 578 742 660; x_wconf 72' lang='lat' dir='ltr'>Theophili</span> <span class='ocrx_word' id='word_1_10' title='bbox 760 576 819 658; x_wconf 90' lang='lat' dir='ltr'><strong>epi·</strong></span> <span class='ocrx_word' id='word_1_11' title='bbox 871 576 992 657; x_wconf 87' lang='lat' dir='ltr'><strong>spicuus,</strong></span> <span class='ocrx_word' id='word_1_12' title='bbox 1006 577 1054 638; x_wconf 84' lang='lat' dir='ltr'><strong>sed</strong></span> <span class='ocrx_word' id='word_1_13' title='bbox 1067 579 1117 656; x_wconf 91' lang='lat' dir='ltr'><strong>qui</strong></span> <span class='ocrx_word' id='word_1_14' title='bbox 1133 599 1185 639; x_wconf 91' lang='lat' dir='ltr'><strong>nou</strong></span> <span class='ocrx_word' id='word_1_15' title='bbox 1200 599 1306 661; x_wconf 81' lang='lat' dir='ltr'><strong>semper</strong></span> <span class='ocrx_word' id='word_1_16' title='bbox 1325 579 1449 641; x_wconf 88' lang='lat' dir='ltr'><strong>tutiorem</strong></span> <span class='ocrx_word' id='word_1_17' title='bbox 1464 578 1621 639; x_wconf 87' lang='lat' dir='ltr'><strong>meliorem·</strong></span> 
     </span>
     <span class='ocr_line' id='line_1_3' title="bbox 70 660 1621 752; baseline -0.003 -17"><span class='ocrx_word' id='word_1_18' title='bbox 70 675 153 747; x_wconf 85' lang='lat' dir='ltr'><strong>stola,</strong></span> <span class='ocrx_word' id='word_1_19' title='bbox 166 695 227 734; x_wconf 87' lang='lat' dir='ltr'><strong>eam</strong></span> <span class='ocrx_word' id='word_1_20' title='bbox 239 694 321 752; x_wconf 90' lang='lat' dir='ltr'><strong>penes</strong></span> <span class='ocrx_word' id='word_1_21' title='bbox 331 693 360 732; x_wconf 91' lang='lat' dir='ltr'><strong>se</strong></span> <span class='ocrx_word' id='word_1_22' title='bbox 368 669 497 731; x_wconf 88' lang='lat' dir='ltr'><strong>servavit.</strong></span> <span class='ocrx_word' id='word_1_23' title='bbox 518 669 553 728; x_wconf 85' lang='lat' dir='ltr'><strong>Et</strong></span> <span class='ocrx_word' id='word_1_24' title='bbox 566 670 630 748; x_wconf 90' lang='lat' dir='ltr'><strong>quia</strong></span> <span class='ocrx_word' id='word_1_25' title='bbox 646 667 818 748; x_wconf 82' lang='lat' dir='ltr'><strong>Theophilus</strong></span> <span class='ocrx_word' id='word_1_26' title='bbox 872 690 924 748; x_wconf 90' lang='lat' dir='ltr'><strong>que</strong></span> <span class='ocrx_word' id='word_1_27' title='bbox 941 682 1045 749; x_wconf 88' lang='lat' dir='ltr'><strong>partem</strong></span> <span class='ocrx_word' id='word_1_28' title='bbox 1064 670 1270 751; x_wconf 75' lang='lat' dir='ltr'><strong>amplecteretur</strong></span> <span class='ocrx_word' id='word_1_29' title='bbox 1295 660 1358 733; x_wconf 82' lang='lat' dir='ltr'><strong>lam</strong></span> <span class='ocrx_word' id='word_1_30' title='bbox 1370 668 1493 731; x_wconf 80' lang='lat' dir='ltr'><strong>vidimus</strong></span> <span class='ocrx_word' id='word_1_31' title='bbox 1511 669 1540 729; x_wconf 88' lang='lat' dir='ltr'><strong>in</strong></span> <span class='ocrx_word' id='word_1_32' title='bbox 1554 669 1621 733; x_wconf 88' lang='lat' dir='ltr'><strong>Vita</strong></span> 
     </span>
     <span class='ocr_line' id='line_1_4' title="bbox 72 760 1620 844; baseline -0.004 -16"><span class='ocrx_word' id='word_1_33' title='bbox 72 769 216 828; x_wconf 84' lang='lat' dir='ltr'><strong>monachos</strong></span> <span class='ocrx_word' id='word_1_34' title='bbox 229 766 298 827; x_wconf 92' lang='lat' dir='ltr'><strong>alios</strong></span> <span class='ocrx_word' id='word_1_35' title='bbox 307 766 361 826; x_wconf 93' lang='lat' dir='ltr'><strong>sibi</strong></span> <span class='ocrx_word' id='word_1_36' title='bbox 371 763 495 825; x_wconf 91' lang='lat' dir='ltr'><strong>addictos</strong></span> <span class='ocrx_word' id='word_1_37' title='bbox 505 761 754 843; x_wconf 89' lang='lat' dir='ltr'><strong>Constantinopolin</strong></span> <span class='ocrx_word' id='word_1_38' title='bbox 766 762 819 819; x_wconf 88' lang='lat' dir='ltr'><strong>mi·</strong></span> <span class='ocrx_word' id='word_1_39' title='bbox 874 761 1032 834; x_wconf 77' lang='lat' dir='ltr'>Athanasii,</span> <span class='ocrx_word' id='word_1_40' title='bbox 1051 783 1132 840; x_wconf 89' lang='lat' dir='ltr'><strong>quam</strong></span> <span class='ocrx_word' id='word_1_41' title='bbox 1146 783 1217 822; x_wconf 90' lang='lat' dir='ltr'><strong>anno</strong></span> <span class='ocrx_word' id='word_1_42' title='bbox 1236 760 1465 844; x_wconf 73' lang='lat' dir='ltr'><strong>l698publicam</strong></span> <span class='ocrx_word' id='word_1_43' title='bbox 1486 762 1620 839; x_wconf 80' lang='lat' dir='ltr'><strong>fecimus,</strong></span> 
     </span>
     <span class='ocr_line' id='line_1_5' title="bbox 72 851 1775 940; baseline -0.001 -21"><span class='ocrx_word' id='word_1_44' title='bbox 72 873 141 919; x_wconf 89' lang='lat' dir='ltr'><strong>serat</strong></span> <span class='ocrx_word' id='word_1_45' title='bbox 149 859 197 940; x_wconf 91' lang='lat' dir='ltr'><strong>qui</strong></span> <span class='ocrx_word' id='word_1_46' title='bbox 209 880 271 918; x_wconf 84' lang='lat' dir='ltr'><strong>suas</strong></span> <span class='ocrx_word' id='word_1_47' title='bbox 281 868 523 939; x_wconf 80' lang='lat' dir='ltr'><strong>pertestuereutur‚</strong></span> <span class='ocrx_word' id='word_1_48' title='bbox 531 854 671 914; x_wconf 91' lang='lat' dir='ltr'><strong>monachis</strong></span> <span class='ocrx_word' id='word_1_49' title='bbox 680 853 821 930; x_wconf 87' lang='lat' dir='ltr'><strong>utriusque</strong></span> <span class='ocrx_word' id='word_1_50' title='bbox 873 852 1059 932; x_wconf 82' lang='lat' dir='ltr'><strong>Epiphaniam</strong></span> <span class='ocrx_word' id='word_1_51' title='bbox 1078 874 1139 912; x_wconf 94' lang='lat' dir='ltr'><strong>cum</strong></span> <span class='ocrx_word' id='word_1_52' title='bbox 1153 852 1186 912; x_wconf 88' lang='lat' dir='ltr'><strong>de</strong></span> <span class='ocrx_word' id='word_1_53' title='bbox 1199 851 1308 913; x_wconf 89' lang='lat' dir='ltr'><strong>Meletio</strong></span> <span class='ocrx_word' id='word_1_54' title='bbox 1329 851 1399 932; x_wconf 78' lang='lat' dir='ltr'><strong>agit,</strong></span> <span class='ocrx_word' id='word_1_55' title='bbox 1414 852 1462 932; x_wconf 91' lang='lat' dir='ltr'><strong>qui</strong></span> <span class='ocrx_word' id='word_1_56' title='bbox 1483 852 1620 913; x_wconf 77' lang='lat' dir='ltr'><strong>meletiani</strong></span> <span class='ocrx_word' id='word_1_57' title='bbox 1663 859 1775 932; x_wconf 70' lang='lat' dir='ltr'><strong>epiphan.</strong></span> 
     </span>
     <span class='ocr_line' id='line_1_6' title="bbox 74 918 1772 1032; baseline -0.002 -22"><span class='ocrx_word' id='word_1_58' title='bbox 74 952 157 1032; x_wconf 90' lang='lat' dir='ltr'><strong>partis</strong></span> <span class='ocrx_word' id='word_1_59' title='bbox 172 950 288 1010; x_wconf 75' lang='lat' dir='ltr'><strong>suadere</strong></span> <span class='ocrx_word' id='word_1_60' title='bbox 308 964 421 1009; x_wconf 90' lang='lat' dir='ltr'><strong>conatus</strong></span> <span class='ocrx_word' id='word_1_61' title='bbox 439 961 479 1007; x_wconf 89' lang='lat' dir='ltr'><strong>est</strong></span> <span class='ocrx_word' id='word_1_62' title='bbox 497 946 706 1028; x_wconf 85' lang='lat' dir='ltr'><strong>Chrysostomus</strong></span> <span class='ocrx_word' id='word_1_63' title='bbox 721 958 752 1003; x_wconf 88' lang='lat' dir='ltr'><strong>ut</strong></span> <span class='ocrx_word' id='word_1_64' title='bbox 769 964 820 1024; x_wconf 89' lang='lat' dir='ltr'><strong>pa·</strong></span> <span class='ocrx_word' id='word_1_65' title='bbox 874 944 1026 1003; x_wconf 77' lang='lat' dir='ltr'><strong>schismatis</strong></span> <span class='ocrx_word' id='word_1_66' title='bbox 1037 959 1132 1004; x_wconf 89' lang='lat' dir='ltr'><strong>auctor</strong></span> <span class='ocrx_word' id='word_1_67' title='bbox 1140 945 1201 1017; x_wconf 89' lang='lat' dir='ltr'><strong>luit,</strong></span> <span class='ocrx_word' id='word_1_68' title='bbox 1214 946 1378 1024; x_wconf 90' lang='lat' dir='ltr'><strong>quiqueaS.</strong></span> <span class='ocrx_word' id='word_1_69' title='bbox 1391 948 1471 1007; x_wconf 92' lang='lat' dir='ltr'><strong>Petro</strong></span> <span class='ocrx_word' id='word_1_70' title='bbox 1482 962 1617 1029; x_wconf 76' lang='lat' dir='ltr'>martyre,</span> <span class='ocrx_word' id='word_1_71' title='bbox 1630 921 1714 967; x_wconf 57' lang='lat' dir='ltr'><strong>Hm*</strong></span> <span class='ocrx_word' id='word_1_72' title='bbox 1731 918 1772 968; x_wconf 57' lang='grc' dir='ltr'><strong>ω’</strong></span> 
     </span>
     <span class='ocr_line' id='line_1_7' title="bbox 73 1035 1619 1119; baseline -0.003 -16"><span class='ocrx_word' id='word_1_73' title='bbox 73 1065 129 1103; x_wconf 88' lang='lat' dir='ltr'><strong>cem</strong></span> <span class='ocrx_word' id='word_1_74' title='bbox 144 1044 215 1102; x_wconf 92' lang='lat' dir='ltr'><strong>iuter</strong></span> <span class='ocrx_word' id='word_1_75' title='bbox 224 1065 253 1103; x_wconf 91' lang='lat' dir='ltr'><strong>se</strong></span> <span class='ocrx_word' id='word_1_76' title='bbox 266 1042 378 1104; x_wconf 90' lang='lat' dir='ltr'><strong>inirent.</strong></span> <span class='ocrx_word' id='word_1_77' title='bbox 392 1041 501 1112; x_wconf 89' lang='lat' dir='ltr'><strong>Quibus</strong></span> <span class='ocrx_word' id='word_1_78' title='bbox 513 1039 615 1101; x_wconf 90' lang='lat' dir='ltr'><strong>auditis</strong></span> <span class='ocrx_word' id='word_1_79' title='bbox 629 1038 670 1097; x_wconf 91' lang='lat' dir='ltr'><strong>illi</strong></span> <span class='ocrx_word' id='word_1_80' title='bbox 685 1037 821 1115; x_wconf 83' lang='lat' dir='ltr'><strong>utrimque</strong></span> <span class='ocrx_word' id='word_1_81' title='bbox 875 1035 1058 1097; x_wconf 85' lang='lat' dir='ltr'><strong>Alexandrino</strong></span> <span class='ocrx_word' id='word_1_82' title='bbox 1072 1039 1197 1119; x_wconf 85' lang='lat' dir='ltr'><strong>praesule,</strong></span> <span class='ocrx_word' id='word_1_83' title='bbox 1212 1052 1237 1098; x_wconf 90' lang='lat' dir='ltr'><strong>et</strong></span> <span class='ocrx_word' id='word_1_84' title='bbox 1248 1060 1264 1097; x_wconf 91' lang='lat' dir='ltr'><strong>a</strong></span> <span class='ocrx_word' id='word_1_85' title='bbox 1277 1039 1390 1119; x_wconf 84' lang='lat' dir='ltr'><strong>Synodo</strong></span> <span class='ocrx_word' id='word_1_86' title='bbox 1402 1039 1550 1099; x_wconf 90' lang='lat' dir='ltr'><strong>multorum</strong></span> <span class='ocrx_word' id='word_1_87' title='bbox 1564 1061 1619 1099; x_wconf 91' lang='lat' dir='ltr'><strong>sce·</strong></span> 
     </span>
     <span class='ocr_line' id='line_1_8' title="bbox 73 1128 1620 1216; baseline -0.001 -24"><span class='ocrx_word' id='word_1_88' title='bbox 73 1134 159 1214; x_wconf 83' lang='lat' dir='ltr'><strong>magis</strong></span> <span class='ocrx_word' id='word_1_89' title='bbox 171 1133 324 1216; x_wconf 83' lang='lat' dir='ltr'><strong>exasperati</strong></span> <span class='ocrx_word' id='word_1_90' title='bbox 339 1147 421 1204; x_wconf 90' lang='lat' dir='ltr'><strong>sunt,</strong></span> <span class='ocrx_word' id='word_1_91' title='bbox 439 1135 545 1192; x_wconf 78' lang='lat' dir='ltr'><strong>Fratres</strong></span> <span class='ocrx_word' id='word_1_92' title='bbox 561 1130 673 1210; x_wconf 89' lang='lat' dir='ltr'><strong>quidem</strong></span> <span class='ocrx_word' id='word_1_93' title='bbox 690 1128 778 1206; x_wconf 78' lang='lat' dir='ltr'><strong>Longi</strong></span> <span class='ocrx_word' id='word_1_94' title='bbox 791 1142 822 1187; x_wconf 92' lang='grc' dir='ltr'><strong>ιιι</strong></span> <span class='ocrx_word' id='word_1_95' title='bbox 873 1128 960 1187; x_wconf 91' lang='lat' dir='ltr'><strong>lerum</strong></span> <span class='ocrx_word' id='word_1_96' title='bbox 975 1151 1054 1189; x_wconf 89' lang='lat' dir='ltr'><strong>causa</strong></span> <span class='ocrx_word' id='word_1_97' title='bbox 1071 1130 1215 1190; x_wconf 87' lang='lat' dir='ltr'><strong>damnatus</strong></span> <span class='ocrx_word' id='word_1_98' title='bbox 1228 1130 1419 1211; x_wconf 84' lang='lat' dir='ltr'><strong>depositusque</strong></span> <span class='ocrx_word' id='word_1_99' title='bbox 1436 1133 1540 1203; x_wconf 87' lang='lat' dir='ltr'><strong>luerat,</strong></span> <span class='ocrx_word' id='word_1_100' title='bbox 1556 1130 1620 1193; x_wconf 87' lang='lat' dir='ltr'><strong>lacti</strong></span> 
     </span>
     <span class='ocr_line' id='line_1_9' title="bbox 73 1218 1622 1309; baseline -0.003 -22"><span class='ocrx_word' id='word_1_101' title='bbox 73 1227 221 1309; x_wconf 81' lang='lat' dir='ltr'><strong>Theophili</strong></span> <span class='ocrx_word' id='word_1_102' title='bbox 236 1224 382 1308; x_wconf 72' lang='lat' dir='ltr'><strong>tyrannide</strong></span> <span class='ocrx_word' id='word_1_103' title='bbox 398 1225 532 1306; x_wconf 80' lang='lat' dir='ltr'><strong>oppressi3</strong></span> <span class='ocrx_word' id='word_1_104' title='bbox 546 1223 594 1283; x_wconf 93' lang='lat' dir='ltr'><strong>alii</strong></span> <span class='ocrx_word' id='word_1_105' title='bbox 606 1242 672 1282; x_wconf 87' lang='lat' dir='ltr'><strong>vern</strong></span> <span class='ocrx_word' id='word_1_106' title='bbox 686 1219 820 1295; x_wconf 88' lang='lat' dir='ltr'><strong>dicebant,</strong></span> <span class='ocrx_word' id='word_1_107' title='bbox 875 1218 1011 1282; x_wconf 81' lang='lat' dir='ltr'><strong>insidiam</strong></span> <span class='ocrx_word' id='word_1_108' title='bbox 1025 1223 1105 1281; x_wconf 91' lang='lat' dir='ltr'><strong>Petro</strong></span> <span class='ocrx_word' id='word_1_109' title='bbox 1118 1222 1231 1303; x_wconf 79' lang='lat' dir='ltr'><strong>martyri</strong></span> <span class='ocrx_word' id='word_1_110' title='bbox 1243 1222 1329 1301; x_wconf 79' lang='lat' dir='ltr'><strong>magis</strong></span> <span class='ocrx_word' id='word_1_111' title='bbox 1343 1243 1425 1300; x_wconf 91' lang='lat' dir='ltr'><strong>quam</strong></span> <span class='ocrx_word' id='word_1_112' title='bbox 1434 1223 1544 1282; x_wconf 86' lang='lat' dir='ltr'><strong>Meletio</strong></span> <span class='ocrx_word' id='word_1_113' title='bbox 1557 1242 1622 1282; x_wconf 90' lang='lat' dir='ltr'><strong>eon·</strong></span> 
     </span>
     <span class='ocr_line' id='line_1_10' title="bbox 73 1312 1620 1401; baseline -0.004 -21"><span class='ocrx_word' id='word_1_114' title='bbox 73 1342 100 1380; x_wconf 89' lang='lat' dir='ltr'><strong>se</strong></span> <span class='ocrx_word' id='word_1_115' title='bbox 111 1321 217 1399; x_wconf 85' lang='lat' dir='ltr'><strong>absque</strong></span> <span class='ocrx_word' id='word_1_116' title='bbox 230 1318 382 1401; x_wconf 79' lang='lat' dir='ltr'><strong>Theophili</strong></span> <span class='ocrx_word' id='word_1_117' title='bbox 396 1338 525 1377; x_wconf 89' lang='lat' dir='ltr'><strong>consensu</strong></span> <span class='ocrx_word' id='word_1_118' title='bbox 539 1331 565 1377; x_wconf 92' lang='lat' dir='ltr'><strong>et</strong></span> <span class='ocrx_word' id='word_1_119' title='bbox 575 1318 654 1397; x_wconf 86' lang='lat' dir='ltr'><strong>jussu</strong></span> <span class='ocrx_word' id='word_1_120' title='bbox 668 1313 821 1373; x_wconf 77' lang='lat' dir='ltr'><strong>facultatem</strong></span> <span class='ocrx_word' id='word_1_121' title='bbox 874 1312 962 1372; x_wconf 88' lang='lat' dir='ltr'><strong>lerre:</strong></span> <span class='ocrx_word' id='word_1_122' title='bbox 977 1315 1014 1373; x_wconf 90' lang='lat' dir='ltr'><strong>ita</strong></span> <span class='ocrx_word' id='word_1_123' title='bbox 1033 1328 1064 1373; x_wconf 92' lang='lat' dir='ltr'><strong>ut</strong></span> <span class='ocrx_word' id='word_1_124' title='bbox 1081 1315 1172 1395; x_wconf 90' lang='lat' dir='ltr'><strong>palam</strong></span> <span class='ocrx_word' id='word_1_125' title='bbox 1188 1316 1223 1374; x_wconf 91' lang='lat' dir='ltr'><strong>sit</strong></span> <span class='ocrx_word' id='word_1_126' title='bbox 1242 1336 1303 1374; x_wconf 88' lang='lat' dir='ltr'><strong>curn</strong></span> <span class='ocrx_word' id='word_1_127' title='bbox 1323 1315 1461 1375; x_wconf 87' lang='lat' dir='ltr'><strong>llleletiaui</strong></span> <span class='ocrx_word' id='word_1_128' title='bbox 1478 1314 1620 1394; x_wconf 83' lang='lat' dir='ltr'><strong>cujusdam</strong></span> 
     </span>
     <span class='ocr_line' id='line_1_11' title="bbox 73 1404 1624 1492; baseline -0.003 -20"><span class='ocrx_word' id='word_1_129' title='bbox 73 1410 372 1472; x_wconf 78' lang='lat' dir='ltr'><strong>mahebereineundae</strong></span> <span class='ocrx_word' id='word_1_130' title='bbox 389 1409 471 1492; x_wconf 86' lang='lat' dir='ltr'><strong>pacis.</strong></span> <span class='ocrx_word' id='word_1_131' title='bbox 484 1410 692 1470; x_wconf 85' lang='lat' dir='ltr'><strong>TuncJoannes</strong></span> <span class='ocrx_word' id='word_1_132' title='bbox 709 1404 822 1485; x_wconf 85' lang='lat' dir='ltr'><strong>hujusce</strong></span> <span class='ocrx_word' id='word_1_133' title='bbox 874 1406 969 1467; x_wconf 85' lang='lat' dir='ltr'><strong>fraude</strong></span> <span class='ocrx_word' id='word_1_134' title='bbox 984 1408 1039 1468; x_wconf 84' lang='lat' dir='ltr'><strong>tale</strong></span> <span class='ocrx_word' id='word_1_135' title='bbox 1056 1421 1236 1468; x_wconf 88' lang='lat' dir='ltr'><strong>commentum</strong></span> <span class='ocrx_word' id='word_1_136' title='bbox 1263 1407 1393 1483; x_wconf 84' lang='lat' dir='ltr'><strong>edidisse,</strong></span> <span class='ocrx_word' id='word_1_137' title='bbox 1417 1408 1460 1468; x_wconf 94' lang='lat' dir='ltr'><strong>cui</strong></span> <span class='ocrx_word' id='word_1_138' title='bbox 1479 1409 1624 1468; x_wconf 87' lang='lat' dir='ltr'><strong>reclamant</strong></span> 
     </span>
     <span class='ocr_line' id='line_1_12' title="bbox 72 1500 1578 1584; baseline -0.003 -19"><span class='ocrx_word' id='word_1_139' title='bbox 72 1507 109 1565; x_wconf 87' lang='lat' dir='ltr'><strong>rei</strong></span> <span class='ocrx_word' id='word_1_140' title='bbox 122 1527 221 1565; x_wconf 84' lang='lat' dir='ltr'><strong>curam</strong></span> <span class='ocrx_word' id='word_1_141' title='bbox 237 1505 349 1564; x_wconf 87' lang='lat' dir='ltr'><strong>omnino</strong></span> <span class='ocrx_word' id='word_1_142' title='bbox 362 1502 496 1584; x_wconf 85' lang='lat' dir='ltr'><strong>deposuit.</strong></span> <span class='ocrx_word' id='word_1_143' title='bbox 876 1517 939 1557; x_wconf 87' lang='lat' dir='ltr'><strong>cunr</strong></span> <span class='ocrx_word' id='word_1_144' title='bbox 959 1500 1105 1560; x_wconf 79' lang='lat' dir='ltr'><strong>Athanasio</strong></span> <span class='ocrx_word' id='word_1_145' title='bbox 1122 1522 1215 1561; x_wconf 89' lang='lat' dir='ltr'><strong>omnes</strong></span> <span class='ocrx_word' id='word_1_146' title='bbox 1229 1500 1409 1561; x_wconf 89' lang='lat' dir='ltr'><strong>Ecclesiastici</strong></span> <span class='ocrx_word' id='word_1_147' title='bbox 1423 1503 1578 1581; x_wconf 85' lang='lat' dir='ltr'><strong>scriptores.</strong></span> 
     </span>
     <span class='ocr_line' id='line_1_13' title="bbox 110 1589 1621 1675; baseline -0.002 -19"><span class='ocrx_word' id='word_1_148' title='bbox 110 1599 190 1656; x_wconf 90' lang='lat' dir='ltr'><strong>Tum</strong></span> <span class='ocrx_word' id='word_1_149' title='bbox 203 1596 351 1672; x_wconf 88' lang='lat' dir='ltr'><strong>monachi,</strong></span> <span class='ocrx_word' id='word_1_150' title='bbox 364 1597 411 1674; x_wconf 89' lang='lat' dir='ltr'><strong>qui</strong></span> <span class='ocrx_word' id='word_1_151' title='bbox 424 1616 440 1653; x_wconf 89' lang='lat' dir='ltr'><strong>a</strong></span> <span class='ocrx_word' id='word_1_152' title='bbox 453 1592 606 1675; x_wconf 85' lang='lat' dir='ltr'><strong>Theophila</strong></span> <span class='ocrx_word' id='word_1_153' title='bbox 621 1589 692 1672; x_wconf 88' lang='lat' dir='ltr'><strong>pulsi</strong></span> <span class='ocrx_word' id='word_1_154' title='bbox 705 1589 821 1663; x_wconf 88' lang='lat' dir='ltr'><strong>lucrant,</strong></span> <span class='ocrx_word' id='word_1_155' title='bbox 915 1591 985 1650; x_wconf 88' lang='lat' dir='ltr'><strong>Cum</strong></span> <span class='ocrx_word' id='word_1_156' title='bbox 999 1591 1080 1652; x_wconf 90' lang='lat' dir='ltr'><strong>sciret</strong></span> <span class='ocrx_word' id='word_1_157' title='bbox 1091 1606 1180 1651; x_wconf 88' lang='lat' dir='ltr'><strong>autem</strong></span> <span class='ocrx_word' id='word_1_158' title='bbox 1197 1591 1366 1673; x_wconf 90' lang='lat' dir='ltr'><strong>Theophilus</strong></span> <span class='ocrx_word' id='word_1_159' title='bbox 1379 1591 1567 1674; x_wconf 81' lang='lat' dir='ltr'><strong>Epiphaniam</strong></span> <span class='ocrx_word' id='word_1_160' title='bbox 1581 1592 1621 1653; x_wconf 90' lang='lat' dir='ltr'><strong>li·</strong></span> 
     </span>
     <span class='ocr_line' id='line_1_14' title="bbox 71 1679 1622 1771; baseline -0.003 -23"><span class='ocrx_word' id='word_1_161' title='bbox 71 1689 179 1750; x_wconf 83' lang='lat' dir='ltr'><strong>hbellos</strong></span> <span class='ocrx_word' id='word_1_162' title='bbox 199 1689 324 1771; x_wconf 80' lang='lat' dir='ltr'><strong>prolixos</strong></span> <span class='ocrx_word' id='word_1_163' title='bbox 337 1687 496 1759; x_wconf 89' lang='lat' dir='ltr'><strong>edidemut,</strong></span> <span class='ocrx_word' id='word_1_164' title='bbox 515 1684 592 1765; x_wconf 88' lang='lat' dir='ltr'><strong>queis</strong></span> <span class='ocrx_word' id='word_1_165' title='bbox 605 1681 750 1743; x_wconf 86' lang='lat' dir='ltr'><strong>monachos</strong></span> <span class='ocrx_word' id='word_1_166' title='bbox 767 1681 821 1741; x_wconf 87' lang='lat' dir='ltr'><strong>ad·</strong></span> <span class='ocrx_word' id='word_1_167' title='bbox 875 1679 938 1740; x_wconf 89' lang='lat' dir='ltr'><strong>bros</strong></span> <span class='ocrx_word' id='word_1_168' title='bbox 949 1683 1075 1761; x_wconf 76' lang='lat' dir='ltr'><strong>Origenis</strong></span> <span class='ocrx_word' id='word_1_169' title='bbox 1086 1683 1214 1754; x_wconf 87' lang='lat' dir='ltr'><strong>aversari,</strong></span> <span class='ocrx_word' id='word_1_170' title='bbox 1230 1683 1265 1742; x_wconf 90' lang='lat' dir='ltr'><strong>ad</strong></span> <span class='ocrx_word' id='word_1_171' title='bbox 1274 1704 1335 1745; x_wconf 89' lang='lat' dir='ltr'><strong>euru</strong></span> <span class='ocrx_word' id='word_1_172' title='bbox 1347 1704 1456 1763; x_wconf 93' lang='lat' dir='ltr'><strong>quoque</strong></span> <span class='ocrx_word' id='word_1_173' title='bbox 1464 1683 1557 1745; x_wconf 89' lang='lat' dir='ltr'><strong>literas</strong></span> <span class='ocrx_word' id='word_1_174' title='bbox 1567 1685 1622 1746; x_wconf 89' lang='lat' dir='ltr'><strong>mi·</strong></span> 
     </span>
     <span class='ocr_line' id='line_1_15' title="bbox 71 1772 1621 1864; baseline -0.002 -24"><span class='ocrx_word' id='word_1_175' title='bbox 71 1804 153 1842; x_wconf 71' lang='lat' dir='ltr'><strong>versa</strong></span> <span class='ocrx_word' id='word_1_176' title='bbox 171 1784 267 1864; x_wconf 84' lang='lat' dir='ltr'><strong>&#39;partis</strong></span> <span class='ocrx_word' id='word_1_177' title='bbox 284 1793 425 1859; x_wconf 89' lang='lat' dir='ltr'><strong>tamquam</strong></span> <span class='ocrx_word' id='word_1_178' title='bbox 445 1777 653 1839; x_wconf 87' lang='lat' dir='ltr'><strong>calumniatores</strong></span> <span class='ocrx_word' id='word_1_179' title='bbox 674 1774 821 1854; x_wconf 90' lang='lat' dir='ltr'><strong>propulsa·</strong></span> <span class='ocrx_word' id='word_1_180' title='bbox 875 1772 923 1846; x_wconf 79' lang='lat' dir='ltr'><strong>eit,</strong></span> <span class='ocrx_word' id='word_1_181' title='bbox 937 1774 1014 1852; x_wconf 90' lang='lat' dir='ltr'><strong>queis</strong></span> <span class='ocrx_word' id='word_1_182' title='bbox 1025 1775 1186 1834; x_wconf 89' lang='lat' dir='ltr'><strong>hortabatur</strong></span> <span class='ocrx_word' id='word_1_183' title='bbox 1196 1773 1287 1849; x_wconf 91' lang='lat' dir='ltr'><strong>illurn,</strong></span> <span class='ocrx_word' id='word_1_184' title='bbox 1303 1789 1334 1834; x_wconf 92' lang='lat' dir='ltr'><strong>ut</strong></span> <span class='ocrx_word' id='word_1_185' title='bbox 1345 1789 1371 1835; x_wconf 93' lang='lat' dir='ltr'><strong>et</strong></span> <span class='ocrx_word' id='word_1_186' title='bbox 1381 1775 1440 1857; x_wconf 90' lang='lat' dir='ltr'><strong>ipse</strong></span> <span class='ocrx_word' id='word_1_187' title='bbox 1449 1791 1541 1836; x_wconf 90' lang='lat' dir='ltr'><strong>eontra</strong></span> <span class='ocrx_word' id='word_1_188' title='bbox 1554 1777 1621 1837; x_wconf 92' lang='lat' dir='ltr'><strong>Ori·</strong></span> 
     </span>
     <span class='ocr_line' id='line_1_16' title="bbox 71 1865 1777 1954; baseline -0.004 -19"><span class='ocrx_word' id='word_1_189' title='bbox 71 1875 155 1954; x_wconf 76' lang='lat' dir='ltr'><strong>hant3</strong></span> <span class='ocrx_word' id='word_1_190' title='bbox 177 1889 274 1936; x_wconf 79' lang='lat' dir='ltr'><strong>onnma</strong></span> <span class='ocrx_word' id='word_1_191' title='bbox 292 1872 479 1953; x_wconf 87' lang='lat' dir='ltr'><strong>Theophilum</strong></span> <span class='ocrx_word' id='word_1_192' title='bbox 496 1871 583 1930; x_wconf 82' lang='lat' dir='ltr'><strong>multa</strong></span> <span class='ocrx_word' id='word_1_193' title='bbox 597 1868 743 1940; x_wconf 87' lang='lat' dir='ltr'><strong>dicebant,</strong></span> <span class='ocrx_word' id='word_1_194' title='bbox 759 1885 820 1943; x_wconf 79' lang='lat' dir='ltr'><strong>qnae</strong></span> <span class='ocrx_word' id='word_1_195' title='bbox 876 1866 951 1943; x_wconf 81' lang='lat' dir='ltr'><strong>genis</strong></span> <span class='ocrx_word' id='word_1_196' title='bbox 969 1865 1053 1926; x_wconf 91' lang='lat' dir='ltr'><strong>libros</strong></span> <span class='ocrx_word' id='word_1_197' title='bbox 1065 1867 1224 1927; x_wconf 87' lang='lat' dir='ltr'><strong>seutentiam</strong></span> <span class='ocrx_word' id='word_1_198' title='bbox 1243 1867 1333 1926; x_wconf 84' lang='lat' dir='ltr'><strong>ferret.</strong></span> <span class='ocrx_word' id='word_1_199' title='bbox 1347 1867 1520 1948; x_wconf 81' lang='lat' dir='ltr'><strong>Epiphanius</strong></span> <span class='ocrx_word' id='word_1_200' title='bbox 1534 1889 1621 1945; x_wconf 89' lang='lat' dir='ltr'><strong>vern,</strong></span> <span class='ocrx_word' id='word_1_201' title='bbox 1628 1903 1643 1946; x_wconf 70' lang='lat' dir='ltr'>s</span> <span class='ocrx_word' id='word_1_202' title='bbox 1673 1901 1777 1947; x_wconf 60' lang='lat' dir='ltr'><strong>m„</strong></span> 
     </span>
     <span class='ocr_line' id='line_1_17' title="bbox 73 1918 1778 2041; baseline -0.001 -18"><span class='ocrx_word' id='word_1_203' title='bbox 73 1964 202 2024; x_wconf 89' lang='lat' dir='ltr'><strong>omnibus</strong></span> <span class='ocrx_word' id='word_1_204' title='bbox 215 1977 279 2024; x_wconf 88' lang='lat' dir='ltr'><strong>nota</strong></span> <span class='ocrx_word' id='word_1_205' title='bbox 293 1975 379 2023; x_wconf 65' lang='lat' dir='ltr'><strong>aaut.</strong></span> <span class='ocrx_word' id='word_1_206' title='bbox 397 1959 515 2022; x_wconf 84' lang='lat' dir='ltr'><strong>Libellos</strong></span> <span class='ocrx_word' id='word_1_207' title='bbox 527 1973 616 2018; x_wconf 90' lang='lat' dir='ltr'><strong>autem</strong></span> <span class='ocrx_word' id='word_1_208' title='bbox 630 1954 761 2036; x_wconf 77' lang='lat' dir='ltr'><strong>Augustis</strong></span> <span class='ocrx_word' id='word_1_209' title='bbox 774 1952 822 2013; x_wconf 90' lang='lat' dir='ltr'><strong>ob·</strong></span> <span class='ocrx_word' id='word_1_210' title='bbox 877 1972 965 2017; x_wconf 87' lang='lat' dir='ltr'><strong>coacta</strong></span> <span class='ocrx_word' id='word_1_211' title='bbox 979 1959 1143 2040; x_wconf 84' lang='lat' dir='ltr'><strong>Cypriorum</strong></span> <span class='ocrx_word' id='word_1_212' title='bbox 1155 1959 1342 2039; x_wconf 90' lang='lat' dir='ltr'><strong>episcoporum</strong></span> <span class='ocrx_word' id='word_1_213' title='bbox 1356 1958 1478 2041; x_wconf 88' lang='lat' dir='ltr'><strong>Synodo‚</strong></span> <span class='ocrx_word' id='word_1_214' title='bbox 1494 1960 1680 2041; x_wconf 71' lang='lat' dir='ltr'><strong>origenisntp</strong></span> <span class='ocrx_word' id='word_1_215' title='bbox 1694 1918 1778 2037; x_wconf 60' lang='lat' dir='ltr'><strong>phiram</strong></span> 
     </span>
     <span class='ocr_line' id='line_1_18' title="bbox 73 2025 1777 2147; baseline -0.001 -33"><span class='ocrx_word' id='word_1_216' title='bbox 73 2055 210 2132; x_wconf 78' lang='lat' dir='ltr'><strong>tuleram,</strong></span> <span class='ocrx_word' id='word_1_217' title='bbox 230 2054 443 2132; x_wconf 81' lang='lat' dir='ltr'><strong>Eudoxiamque</strong></span> <span class='ocrx_word' id='word_1_218' title='bbox 455 2050 657 2130; x_wconf 83' lang='lat' dir='ltr'><strong>Imperatrieem</strong></span> <span class='ocrx_word' id='word_1_219' title='bbox 676 2047 820 2117; x_wconf 88' lang='lat' dir='ltr'><strong>adierunt,</strong></span> <span class='ocrx_word' id='word_1_220' title='bbox 875 2048 960 2109; x_wconf 89' lang='lat' dir='ltr'><strong>libros</strong></span> <span class='ocrx_word' id='word_1_221' title='bbox 973 2048 1028 2130; x_wconf 77' lang='lat' dir='ltr'><strong>legi</strong></span> <span class='ocrx_word' id='word_1_222' title='bbox 1052 2050 1195 2132; x_wconf 89' lang='lat' dir='ltr'><strong>prohibuit</strong></span> <span class='ocrx_word' id='word_1_223' title='bbox 1208 2050 1407 2132; x_wconf 78' lang='lat' dir='ltr'><strong>:epistolasque</strong></span> <span class='ocrx_word' id='word_1_224' title='bbox 1425 2051 1499 2110; x_wconf 89' lang='lat' dir='ltr'><strong>misit</strong></span> <span class='ocrx_word' id='word_1_225' title='bbox 1513 2066 1570 2111; x_wconf 88' lang='lat' dir='ltr'><strong>tuna</strong></span> <span class='ocrx_word' id='word_1_226' title='bbox 1586 2052 1621 2112; x_wconf 91' lang='lat' dir='ltr'><strong>ad</strong></span> <span class='ocrx_word' id='word_1_227' title='bbox 1629 2025 1777 2147; x_wconf 47' lang='grc' dir='ltr'><strong>ἓᾎὶζῗᾷζῖ</strong></span> 
     </span>
     <span class='ocr_line' id='line_1_19' title="bbox 73 2141 1623 2233; baseline -0.005 -22"><span class='ocrx_word' id='word_1_228' title='bbox 73 2164 136 2210; x_wconf 87' lang='lat' dir='ltr'><strong>tnnc</strong></span> <span class='ocrx_word' id='word_1_229' title='bbox 149 2151 179 2210; x_wconf 92' lang='lat' dir='ltr'><strong>in</strong></span> <span class='ocrx_word' id='word_1_230' title='bbox 191 2150 327 2233; x_wconf 82' lang='lat' dir='ltr'><strong>martyrio</strong></span> <span class='ocrx_word' id='word_1_231' title='bbox 338 2150 367 2210; x_wconf 86' lang='lat' dir='ltr'><strong>S.</strong></span> <span class='ocrx_word' id='word_1_232' title='bbox 379 2147 489 2211; x_wconf 88' lang='lat' dir='ltr'><strong>Joanuis</strong></span> <span class='ocrx_word' id='word_1_233' title='bbox 498 2159 649 2205; x_wconf 80' lang='lat' dir='ltr'><strong>versantem</strong></span> <span class='ocrx_word' id='word_1_234' title='bbox 662 2167 669 2199; x_wconf 79' lang='lat' dir='ltr'><strong>r</strong></span> <span class='ocrx_word' id='word_1_235' title='bbox 683 2143 824 2224; x_wconf 88' lang='lat' dir='ltr'><strong>ipsamque</strong></span> <span class='ocrx_word' id='word_1_236' title='bbox 876 2141 1097 2224; x_wconf 90' lang='lat' dir='ltr'><strong>aliosepiscopos‚</strong></span> <span class='ocrx_word' id='word_1_237' title='bbox 1109 2155 1166 2201; x_wconf 88' lang='lat' dir='ltr'><strong>turn</strong></span> <span class='ocrx_word' id='word_1_238' title='bbox 1176 2141 1212 2201; x_wconf 90' lang='lat' dir='ltr'><strong>ad</strong></span> <span class='ocrx_word' id='word_1_239' title='bbox 1219 2142 1545 2221; x_wconf 78' lang='lat' dir='ltr'><strong>constantinopolitanum</strong></span> <span class='ocrx_word' id='word_1_240' title='bbox 1556 2165 1623 2224; x_wconf 78' lang='lat' dir='ltr'><strong>prce·</strong></span> 
     </span>
     <span class='ocr_line' id='line_1_20' title="bbox 73 2233 1622 2322; baseline -0.004 -18"><span class='ocrx_word' id='word_1_241' title='bbox 73 2245 273 2322; x_wconf 71' lang='lat' dir='ltr'><strong>premuniat,</strong></span> <span class='ocrx_word' id='word_1_242' title='bbox 292 2255 323 2301; x_wconf 92' lang='lat' dir='ltr'><strong>ut</strong></span> <span class='ocrx_word' id='word_1_243' title='bbox 337 2239 530 2301; x_wconf 85' lang='lat' dir='ltr'><strong>monachorum</strong></span> <span class='ocrx_word' id='word_1_244' title='bbox 548 2236 667 2305; x_wconf 82' lang='lat' dir='ltr'><strong>adversae</strong></span> <span class='ocrx_word' id='word_1_245' title='bbox 683 2236 766 2316; x_wconf 85' lang='lat' dir='ltr'><strong>partis</strong></span> <span class='ocrx_word' id='word_1_246' title='bbox 785 2235 822 2293; x_wconf 90' lang='lat' dir='ltr'><strong>li·</strong></span> <span class='ocrx_word' id='word_1_247' title='bbox 877 2235 983 2311; x_wconf 91' lang='lat' dir='ltr'><strong>sulem,</strong></span> <span class='ocrx_word' id='word_1_248' title='bbox 1004 2235 1073 2314; x_wconf 91' lang='lat' dir='ltr'><strong>quid</strong></span> <span class='ocrx_word' id='word_1_249' title='bbox 1095 2257 1111 2294; x_wconf 89' lang='lat' dir='ltr'><strong>a</strong></span> <span class='ocrx_word' id='word_1_250' title='bbox 1127 2235 1228 2315; x_wconf 84' lang='lat' dir='ltr'><strong>Cypria</strong></span> <span class='ocrx_word' id='word_1_251' title='bbox 1243 2233 1356 2317; x_wconf 87' lang='lat' dir='ltr'><strong>Synodo</strong></span> <span class='ocrx_word' id='word_1_252' title='bbox 1377 2249 1506 2296; x_wconf 89' lang='lat' dir='ltr'><strong>statutum</strong></span> <span class='ocrx_word' id='word_1_253' title='bbox 1527 2238 1622 2298; x_wconf 85' lang='lat' dir='ltr'><strong>fuisset</strong></span> 
     </span>
     <span class='ocr_line' id='line_1_21' title="bbox 72 2326 1619 2418; baseline -0.003 -23"><span class='ocrx_word' id='word_1_254' title='bbox 72 2335 160 2396; x_wconf 90' lang='lat' dir='ltr'><strong>hellus</strong></span> <span class='ocrx_word' id='word_1_255' title='bbox 178 2335 256 2418; x_wconf 87' lang='lat' dir='ltr'><strong>apud</strong></span> <span class='ocrx_word' id='word_1_256' title='bbox 269 2335 412 2395; x_wconf 77' lang='lat' dir='ltr'><strong>Praelectos</strong></span> <span class='ocrx_word' id='word_1_257' title='bbox 424 2332 623 2392; x_wconf 84' lang='lat' dir='ltr'><strong>examinaretur</strong></span> <span class='ocrx_word' id='word_1_258' title='bbox 628 2352 637 2405; x_wconf 68' lang='grc' dir='ltr'><strong><em>ς</em></strong></span> <span class='ocrx_word' id='word_1_259' title='bbox 651 2326 822 2409; x_wconf 88' lang='lat' dir='ltr'><strong>Theophilus</strong></span> <span class='ocrx_word' id='word_1_260' title='bbox 876 2326 1030 2404; x_wconf 86' lang='lat' dir='ltr'><strong>declarans,</strong></span> <span class='ocrx_word' id='word_1_261' title='bbox 1053 2326 1249 2405; x_wconf 90' lang='lat' dir='ltr'><strong>cohortansque</strong></span> <span class='ocrx_word' id='word_1_262' title='bbox 1260 2327 1340 2404; x_wconf 91' lang='lat' dir='ltr'><strong>illos,</strong></span> <span class='ocrx_word' id='word_1_263' title='bbox 1355 2340 1386 2387; x_wconf 95' lang='grc' dir='ltr'><strong>ιιι</strong></span> <span class='ocrx_word' id='word_1_264' title='bbox 1397 2327 1540 2410; x_wconf 87' lang='lat' dir='ltr'><strong>Synodum</strong></span> <span class='ocrx_word' id='word_1_265' title='bbox 1553 2351 1619 2390; x_wconf 92' lang='lat' dir='ltr'><strong>con·</strong></span> 
     </span>
     <span class='ocr_line' id='line_1_22' title="bbox 72 2419 1621 2502; baseline -0.003 -15"><span class='ocrx_word' id='word_1_266' title='bbox 72 2450 136 2489; x_wconf 79' lang='lat' dir='ltr'><strong>vero</strong></span> <span class='ocrx_word' id='word_1_267' title='bbox 149 2429 196 2488; x_wconf 85' lang='lat' dir='ltr'><strong>vel</strong></span> <span class='ocrx_word' id='word_1_268' title='bbox 210 2428 315 2488; x_wconf 86' lang='lat' dir='ltr'><strong>invitus</strong></span> <span class='ocrx_word' id='word_1_269' title='bbox 326 2425 446 2502; x_wconf 80' lang='lat' dir='ltr'><strong>adesset,</strong></span> <span class='ocrx_word' id='word_1_270' title='bbox 458 2424 544 2502; x_wconf 88' lang='lat' dir='ltr'><strong>deque</strong></span> <span class='ocrx_word' id='word_1_271' title='bbox 557 2421 604 2481; x_wconf 92' lang='lat' dir='ltr'><strong>illo</strong></span> <span class='ocrx_word' id='word_1_272' title='bbox 617 2441 708 2480; x_wconf 91' lang='lat' dir='ltr'><strong>coram</strong></span> <span class='ocrx_word' id='word_1_273' title='bbox 720 2421 824 2481; x_wconf 86' lang='lat' dir='ltr'><strong>Joanne</strong></span> <span class='ocrx_word' id='word_1_274' title='bbox 876 2433 1003 2479; x_wconf 89' lang='lat' dir='ltr'><strong>vocarent</strong></span> <span class='ocrx_word' id='word_1_275' title='bbox 1015 2419 1162 2499; x_wconf 85' lang='lat' dir='ltr'><strong>eademque</strong></span> <span class='ocrx_word' id='word_1_276' title='bbox 1172 2420 1354 2480; x_wconf 88' lang='lat' dir='ltr'><strong>decernerent.</strong></span> <span class='ocrx_word' id='word_1_277' title='bbox 1369 2420 1539 2502; x_wconf 86' lang='lat' dir='ltr'><strong>Theophilus</strong></span> <span class='ocrx_word' id='word_1_278' title='bbox 1553 2444 1621 2502; x_wconf 92' lang='lat' dir='ltr'><strong>quo·</strong></span> 
     </span>
     <span class='ocr_line' id='line_1_23' title="bbox 71 2512 1619 2601; baseline -0.002 -22"><span class='ocrx_word' id='word_1_279' title='bbox 71 2520 251 2601; x_wconf 85' lang='lat' dir='ltr'><strong>judicaretur.</strong></span> <span class='ocrx_word' id='word_1_280' title='bbox 264 2518 388 2580; x_wconf 77' lang='lat' dir='ltr'><strong>Admisso</strong></span> <span class='ocrx_word' id='word_1_281' title='bbox 396 2516 583 2600; x_wconf 88' lang='lat' dir='ltr'><strong>postulatione,</strong></span> <span class='ocrx_word' id='word_1_282' title='bbox 594 2512 820 2588; x_wconf 63' lang='lat' dir='ltr'><strong>mandaturuluit</strong></span> <span class='ocrx_word' id='word_1_283' title='bbox 877 2533 930 2589; x_wconf 92' lang='lat' dir='ltr'><strong>que</strong></span> <span class='ocrx_word' id='word_1_284' title='bbox 949 2533 1010 2571; x_wconf 89' lang='lat' dir='ltr'><strong>cum</strong></span> <span class='ocrx_word' id='word_1_285' title='bbox 1025 2512 1162 2594; x_wconf 79' lang='lat' dir='ltr'><strong>AEgyptiis</strong></span> <span class='ocrx_word' id='word_1_286' title='bbox 1179 2513 1313 2594; x_wconf 73' lang='lat' dir='ltr'><strong>episcopis</strong></span> <span class='ocrx_word' id='word_1_287' title='bbox 1331 2513 1422 2573; x_wconf 91' lang='lat' dir='ltr'><strong>eadem</strong></span> <span class='ocrx_word' id='word_1_288' title='bbox 1444 2528 1537 2579; x_wconf 87' lang='lat' dir='ltr'><strong>eontra</strong></span> <span class='ocrx_word' id='word_1_289' title='bbox 1551 2518 1619 2577; x_wconf 89' lang='lat' dir='ltr'><strong>Ori-</strong></span> 
     </span>
     <span class='ocr_line' id='line_1_24' title="bbox 73 2605 1621 2692; baseline -0.001 -22"><span class='ocrx_word' id='word_1_290' title='bbox 73 2626 103 2671; x_wconf 88' lang='lat' dir='ltr'><strong>nt</strong></span> <span class='ocrx_word' id='word_1_291' title='bbox 120 2611 297 2692; x_wconf 87' lang='lat' dir='ltr'><strong>Theophilus</strong></span> <span class='ocrx_word' id='word_1_292' title='bbox 316 2609 411 2670; x_wconf 92' lang='lat' dir='ltr'><strong>voleus</strong></span> <span class='ocrx_word' id='word_1_293' title='bbox 425 2608 532 2682; x_wconf 90' lang='lat' dir='ltr'><strong>nolens,</strong></span> <span class='ocrx_word' id='word_1_294' title='bbox 547 2605 687 2665; x_wconf 87' lang='lat' dir='ltr'><strong>exhibitus</strong></span> <span class='ocrx_word' id='word_1_295' title='bbox 699 2625 747 2684; x_wconf 90' lang='lat' dir='ltr'><strong>per</strong></span> <span class='ocrx_word' id='word_1_296' title='bbox 761 2605 823 2661; x_wconf 88' lang='lat' dir='ltr'><strong>hla-</strong></span> <span class='ocrx_word' id='word_1_297' title='bbox 877 2624 970 2683; x_wconf 78' lang='lat' dir='ltr'><strong>genem</strong></span> <span class='ocrx_word' id='word_1_298' title='bbox 982 2606 1132 2675; x_wconf 91' lang='lat' dir='ltr'><strong>constituit,</strong></span> <span class='ocrx_word' id='word_1_299' title='bbox 1147 2605 1289 2684; x_wconf 75' lang='lat' dir='ltr'><strong>literaeque</strong></span> <span class='ocrx_word' id='word_1_300' title='bbox 1305 2605 1379 2665; x_wconf 88' lang='lat' dir='ltr'><strong>misit</strong></span> <span class='ocrx_word' id='word_1_301' title='bbox 1392 2606 1428 2665; x_wconf 90' lang='lat' dir='ltr'><strong>ad</strong></span> <span class='ocrx_word' id='word_1_302' title='bbox 1441 2608 1580 2690; x_wconf 89' lang='lat' dir='ltr'><strong>episcopos</strong></span> <span class='ocrx_word' id='word_1_303' title='bbox 1594 2623 1621 2669; x_wconf 89' lang='lat' dir='ltr'><strong>et</strong></span> 
     </span>
     <span class='ocr_line' id='line_1_25' title="bbox 73 2694 1620 2786; baseline -0.001 -25"><span class='ocrx_word' id='word_1_304' title='bbox 73 2704 189 2782; x_wconf 79' lang='lat' dir='ltr'><strong>gistrum</strong></span> <span class='ocrx_word' id='word_1_305' title='bbox 205 2724 297 2763; x_wconf 88' lang='lat' dir='ltr'><strong>noram</strong></span> <span class='ocrx_word' id='word_1_306' title='bbox 308 2704 412 2764; x_wconf 87' lang='lat' dir='ltr'><strong>Joanne</strong></span> <span class='ocrx_word' id='word_1_307' title='bbox 422 2701 569 2771; x_wconf 87' lang='lat' dir='ltr'><strong>sisteretur,</strong></span> <span class='ocrx_word' id='word_1_308' title='bbox 585 2709 615 2756; x_wconf 95' lang='lat' dir='ltr'><strong>ut</strong></span> <span class='ocrx_word' id='word_1_309' title='bbox 628 2717 735 2756; x_wconf 84' lang='lat' dir='ltr'><strong>causam</strong></span> <span class='ocrx_word' id='word_1_310' title='bbox 750 2694 824 2754; x_wconf 89' lang='lat' dir='ltr'><strong>dice·</strong></span> <span class='ocrx_word' id='word_1_311' title='bbox 877 2696 913 2756; x_wconf 91' lang='lat' dir='ltr'><strong>ad</strong></span> <span class='ocrx_word' id='word_1_312' title='bbox 925 2699 1073 2770; x_wconf 81' lang='lat' dir='ltr'><strong>ioannem,</strong></span> <span class='ocrx_word' id='word_1_313' title='bbox 1089 2711 1118 2757; x_wconf 91' lang='grc' dir='ltr'><strong>ιιι</strong></span> <span class='ocrx_word' id='word_1_314' title='bbox 1137 2698 1215 2786; x_wconf 69' lang='lat' dir='ltr'><strong>erittt</strong></span> <span class='ocrx_word' id='word_1_315' title='bbox 1230 2699 1303 2779; x_wconf 90' lang='lat' dir='ltr'><strong>paria</strong></span> <span class='ocrx_word' id='word_1_316' title='bbox 1319 2712 1483 2778; x_wconf 76' lang='lat' dir='ltr'><strong>prestarent.</strong></span> <span class='ocrx_word' id='word_1_317' title='bbox 1504 2703 1620 2762; x_wconf 81' lang='lat' dir='ltr'><strong>ioannes</strong></span> 
     </span>
     <span class='ocr_line' id='line_1_26' title="bbox 73 2789 1665 2874; baseline -0.002 -19"><span class='ocrx_word' id='word_1_318' title='bbox 73 2809 127 2870; x_wconf 87' lang='lat' dir='ltr'><strong>ret;</strong></span> <span class='ocrx_word' id='word_1_319' title='bbox 143 2795 274 2857; x_wconf 85' lang='lat' dir='ltr'><strong>monachi</strong></span> <span class='ocrx_word' id='word_1_320' title='bbox 289 2816 354 2855; x_wconf 88' lang='lat' dir='ltr'><strong>vero</strong></span> <span class='ocrx_word' id='word_1_321' title='bbox 372 2793 493 2854; x_wconf 81' lang='lat' dir='ltr'><strong>adversae</strong></span> <span class='ocrx_word' id='word_1_322' title='bbox 513 2790 597 2874; x_wconf 90' lang='lat' dir='ltr'><strong>partis</strong></span> <span class='ocrx_word' id='word_1_323' title='bbox 616 2791 658 2850; x_wconf 85' lang='lat' dir='ltr'><strong>vel</strong></span> <span class='ocrx_word' id='word_1_324' title='bbox 679 2789 823 2872; x_wconf 88' lang='lat' dir='ltr'><strong>probarent</strong></span> <span class='ocrx_word' id='word_1_325' title='bbox 877 2810 941 2851; x_wconf 88' lang='lat' dir='ltr'><strong>vero</strong></span> <span class='ocrx_word' id='word_1_326' title='bbox 954 2791 1013 2850; x_wconf 79' lang='lat' dir='ltr'><strong>hec</strong></span> <span class='ocrx_word' id='word_1_327' title='bbox 1029 2812 1088 2870; x_wconf 82' lang='lat' dir='ltr'><strong>quae</strong></span> <span class='ocrx_word' id='word_1_328' title='bbox 1103 2790 1156 2850; x_wconf 92' lang='lat' dir='ltr'><strong>sihi</strong></span> <span class='ocrx_word' id='word_1_329' title='bbox 1169 2790 1393 2869; x_wconf 78' lang='lat' dir='ltr'><strong>significabantur</strong></span> <span class='ocrx_word' id='word_1_330' title='bbox 1408 2793 1616 2872; x_wconf 85' lang='lat' dir='ltr'><strong>parvipendens,</strong></span> <span class='ocrx_word' id='word_1_331' title='bbox 1627 2805 1665 2846; x_wconf 82' lang='lat' dir='ltr'><strong>att</strong></span> 
     </span>
     <span class='ocr_line' id='line_1_27' title="bbox 72 2882 1620 2968; baseline -0.001 -21"><span class='ocrx_word' id='word_1_332' title='bbox 72 2909 102 2947; x_wconf 77' lang='lat' dir='ltr'><strong>aa</strong></span> <span class='ocrx_word' id='word_1_333' title='bbox 124 2911 187 2968; x_wconf 83' lang='lat' dir='ltr'><strong>qnae</strong></span> <span class='ocrx_word' id='word_1_334' title='bbox 202 2887 334 2948; x_wconf 78' lang='lat' dir='ltr'><strong>adversm</strong></span> <span class='ocrx_word' id='word_1_335' title='bbox 351 2900 457 2947; x_wconf 85' lang='lat' dir='ltr'><strong>sanctos</strong></span> <span class='ocrx_word' id='word_1_336' title='bbox 476 2906 552 2946; x_wconf 85' lang='lat' dir='ltr'><strong>senes</strong></span> <span class='ocrx_word' id='word_1_337' title='bbox 572 2883 755 2965; x_wconf 88' lang='lat' dir='ltr'><strong>protulerant,</strong></span> <span class='ocrx_word' id='word_1_338' title='bbox 778 2882 822 2942; x_wconf 89' lang='lat' dir='ltr'><strong>vel</strong></span> <span class='ocrx_word' id='word_1_339' title='bbox 877 2905 959 2944; x_wconf 89' lang='lat' dir='ltr'><strong>unam</strong></span> <span class='ocrx_word' id='word_1_340' title='bbox 971 2883 1129 2944; x_wconf 91' lang='lat' dir='ltr'><strong>instituendi</strong></span> <span class='ocrx_word' id='word_1_341' title='bbox 1142 2897 1168 2943; x_wconf 91' lang='lat' dir='ltr'><strong>et</strong></span> <span class='ocrx_word' id='word_1_342' title='bbox 1180 2884 1225 2963; x_wconf 91' lang='lat' dir='ltr'><strong>pia</strong></span> <span class='ocrx_word' id='word_1_343' title='bbox 1238 2883 1358 2943; x_wconf 88' lang='lat' dir='ltr'><strong>doctriua</strong></span> <span class='ocrx_word' id='word_1_344' title='bbox 1370 2884 1508 2944; x_wconf 88' lang='lat' dir='ltr'><strong>imbuendi</strong></span> <span class='ocrx_word' id='word_1_345' title='bbox 1524 2886 1620 2966; x_wconf 91' lang='lat' dir='ltr'><strong>populi</strong></span> 
     </span>
     <span class='ocr_line' id='line_1_28' title="bbox 72 2976 1620 3061; baseline -0.001 -21"><span class='ocrx_word' id='word_1_346' title='bbox 72 2981 300 3040; x_wconf 73' lang='lat' dir='ltr'><strong>calumniatorum</strong></span> <span class='ocrx_word' id='word_1_347' title='bbox 313 3000 405 3061; x_wconf 83' lang='lat' dir='ltr'><strong>poeuas</strong></span> <span class='ocrx_word' id='word_1_348' title='bbox 416 2979 550 3038; x_wconf 86' lang='lat' dir='ltr'><strong>subirent.</strong></span> <span class='ocrx_word' id='word_1_349' title='bbox 876 2976 929 3035; x_wconf 91' lang='lat' dir='ltr'><strong>sibi</strong></span> <span class='ocrx_word' id='word_1_350' title='bbox 944 2976 1080 3036; x_wconf 87' lang='lat' dir='ltr'><strong>commissi</strong></span> <span class='ocrx_word' id='word_1_351' title='bbox 1097 2997 1189 3036; x_wconf 90' lang='lat' dir='ltr'><strong>curam</strong></span> <span class='ocrx_word' id='word_1_352' title='bbox 1208 2976 1332 3055; x_wconf 74' lang='lat' dir='ltr'><strong>gerebat,</strong></span> <span class='ocrx_word' id='word_1_353' title='bbox 1354 2988 1380 3034; x_wconf 94' lang='lat' dir='ltr'><strong>et</strong></span> <span class='ocrx_word' id='word_1_354' title='bbox 1393 2997 1423 3035; x_wconf 88' lang='lat' dir='ltr'><strong>ca</strong></span> <span class='ocrx_word' id='word_1_355' title='bbox 1440 2977 1467 3036; x_wconf 91' lang='lat' dir='ltr'><strong>iu</strong></span> <span class='ocrx_word' id='word_1_356' title='bbox 1481 2999 1511 3037; x_wconf 90' lang='lat' dir='ltr'><strong>re</strong></span> <span class='ocrx_word' id='word_1_357' title='bbox 1522 2977 1620 3038; x_wconf 87' lang='lat' dir='ltr'><strong>admn-</strong></span> 
     </span>
     <span class='ocr_line' id='line_1_29' title="bbox 111 3067 1620 3151; baseline 0.001 -20"><span class='ocrx_word' id='word_1_358' title='bbox 111 3074 145 3132; x_wconf 90' lang='lat' dir='ltr'><strong>ln</strong></span> <span class='ocrx_word' id='word_1_359' title='bbox 164 3072 316 3133; x_wconf 85' lang='lat' dir='ltr'><strong>monachos</strong></span> <span class='ocrx_word' id='word_1_360' title='bbox 328 3085 419 3131; x_wconf 89' lang='lat' dir='ltr'><strong>autern</strong></span> <span class='ocrx_word' id='word_1_361' title='bbox 438 3092 453 3130; x_wconf 93' lang='lat' dir='ltr'><strong>a</strong></span> <span class='ocrx_word' id='word_1_362' title='bbox 467 3067 621 3150; x_wconf 90' lang='lat' dir='ltr'><strong>Theophilo</strong></span> <span class='ocrx_word' id='word_1_363' title='bbox 642 3067 737 3127; x_wconf 86' lang='lat' dir='ltr'><strong>missos</strong></span> <span class='ocrx_word' id='word_1_364' title='bbox 750 3068 822 3147; x_wconf 78' lang='lat' dir='ltr'><strong>leges</strong></span> <span class='ocrx_word' id='word_1_365' title='bbox 876 3068 943 3128; x_wconf 89' lang='lat' dir='ltr'><strong>dum</strong></span> <span class='ocrx_word' id='word_1_366' title='bbox 961 3070 1081 3129; x_wconf 87' lang='lat' dir='ltr'><strong>llorebat.</strong></span> <span class='ocrx_word' id='word_1_367' title='bbox 1096 3067 1225 3143; x_wconf 86' lang='lat' dir='ltr'><strong>insidias,</strong></span> <span class='ocrx_word' id='word_1_368' title='bbox 1239 3067 1372 3146; x_wconf 81' lang='lat' dir='ltr'><strong>quaesibi</strong></span> <span class='ocrx_word' id='word_1_369' title='bbox 1386 3069 1476 3151; x_wconf 89' lang='lat' dir='ltr'><strong>parari</strong></span> <span class='ocrx_word' id='word_1_370' title='bbox 1496 3071 1620 3151; x_wconf 80' lang='lat' dir='ltr'><strong>ignorare</strong></span> 
     </span>
     <span class='ocr_line' id='line_1_30' title="bbox 72 3159 1618 3243; baseline 0 -19"><span class='ocrx_word' id='word_1_371' title='bbox 72 3163 183 3242; x_wconf 85' lang='lat' dir='ltr'><strong>quidem</strong></span> <span class='ocrx_word' id='word_1_372' title='bbox 198 3164 353 3240; x_wconf 86' lang='lat' dir='ltr'><strong>instabant,</strong></span> <span class='ocrx_word' id='word_1_373' title='bbox 368 3163 532 3242; x_wconf 91' lang='lat' dir='ltr'><strong>illorumque</strong></span> <span class='ocrx_word' id='word_1_374' title='bbox 544 3182 622 3221; x_wconf 87' lang='lat' dir='ltr'><strong>causa</strong></span> <span class='ocrx_word' id='word_1_375' title='bbox 642 3159 820 3220; x_wconf 87' lang='lat' dir='ltr'><strong>examinanda</strong></span> <span class='ocrx_word' id='word_1_376' title='bbox 875 3181 928 3221; x_wconf 93' lang='lat' dir='ltr'><strong>non</strong></span> <span class='ocrx_word' id='word_1_377' title='bbox 942 3174 1062 3242; x_wconf 89' lang='lat' dir='ltr'><strong>poterat,</strong></span> <span class='ocrx_word' id='word_1_378' title='bbox 1079 3175 1246 3220; x_wconf 90' lang='lat' dir='ltr'><strong>contemnere</strong></span> <span class='ocrx_word' id='word_1_379' title='bbox 1259 3181 1288 3219; x_wconf 88' lang='lat' dir='ltr'><strong>so</strong></span> <span class='ocrx_word' id='word_1_380' title='bbox 1305 3181 1382 3241; x_wconf 89' lang='lat' dir='ltr'><strong>posse</strong></span> <span class='ocrx_word' id='word_1_381' title='bbox 1400 3161 1531 3243; x_wconf 89' lang='lat' dir='ltr'><strong>putabat,</strong></span> <span class='ocrx_word' id='word_1_382' title='bbox 1552 3184 1618 3224; x_wconf 87' lang='lat' dir='ltr'><strong>cou-</strong></span> 
     </span>
     <span class='ocr_line' id='line_1_31' title="bbox 72 3249 1411 3325; baseline -0.002 -9"><span class='ocrx_word' id='word_1_383' title='bbox 72 3279 138 3318; x_wconf 82' lang='lat' dir='ltr'><strong>mox</strong></span> <span class='ocrx_word' id='word_1_384' title='bbox 155 3271 236 3317; x_wconf 86' lang='lat' dir='ltr'><strong>erat:</strong></span> <span class='ocrx_word' id='word_1_385' title='bbox 249 3257 291 3316; x_wconf 91' lang='lat' dir='ltr'><strong>illi</strong></span> <span class='ocrx_word' id='word_1_386' title='bbox 305 3277 370 3317; x_wconf 89' lang='lat' dir='ltr'><strong>vern</strong></span> <span class='ocrx_word' id='word_1_387' title='bbox 382 3268 509 3315; x_wconf 86' lang='lat' dir='ltr'><strong>eventum</strong></span> <span class='ocrx_word' id='word_1_388' title='bbox 527 3254 607 3313; x_wconf 83' lang='lat' dir='ltr'><strong>veriti</strong></span> <span class='ocrx_word' id='word_1_389' title='bbox 620 3299 627 3325; x_wconf 88' lang='lat'><strong>,</strong></span> <span class='ocrx_word' id='word_1_390' title='bbox 645 3274 702 3312; x_wconf 92' lang='lat' dir='ltr'><strong>rcm</strong></span> <span class='ocrx_word' id='word_1_391' title='bbox 716 3249 821 3310; x_wconf 87' lang='lat' dir='ltr'><strong>dillerri</strong></span> <span class='ocrx_word' id='word_1_392' title='bbox 874 3253 984 3312; x_wconf 87' lang='lat' dir='ltr'><strong>scicntia</strong></span> <span class='ocrx_word' id='word_1_393' title='bbox 998 3253 1069 3312; x_wconf 92' lang='lat' dir='ltr'><strong>nihil</strong></span> <span class='ocrx_word' id='word_1_394' title='bbox 1081 3253 1226 3314; x_wconf 90' lang='lat' dir='ltr'><strong>adversum</strong></span> <span class='ocrx_word' id='word_1_395' title='bbox 1242 3253 1411 3313; x_wconf 85' lang='lat' dir='ltr'><strong>testificante.</strong></span> 
     </span>
     <span class='ocr_line' id='line_1_32' title="bbox 71 3344 1769 3429; baseline 0 -20"><span class='ocrx_word' id='word_1_396' title='bbox 71 3364 168 3429; x_wconf 80' lang='lat' dir='ltr'><strong>rogant</strong></span> <span class='ocrx_word' id='word_1_397' title='bbox 191 3370 280 3428; x_wconf 83' lang='lat' dir='ltr'><strong>usque</strong></span> <span class='ocrx_word' id='word_1_398' title='bbox 292 3347 328 3407; x_wconf 89' lang='lat' dir='ltr'><strong>ad</strong></span> <span class='ocrx_word' id='word_1_399' title='bbox 342 3346 490 3426; x_wconf 90' lang='lat' dir='ltr'><strong>Theophili</strong></span> <span class='ocrx_word' id='word_1_400' title='bbox 504 3345 668 3415; x_wconf 88' lang='lat' dir='ltr'><strong>adventum,</strong></span> <span class='ocrx_word' id='word_1_401' title='bbox 692 3346 739 3423; x_wconf 91' lang='lat' dir='ltr'><strong>qui</strong></span> <span class='ocrx_word' id='word_1_402' title='bbox 759 3344 821 3404; x_wconf 92' lang='lat' dir='ltr'><strong>illos</strong></span> <span class='ocrx_word' id='word_1_403' title='bbox 916 3346 1091 3405; x_wconf 89' lang='lat' dir='ltr'><strong>Tillemnutio</strong></span> <span class='ocrx_word' id='word_1_404' title='bbox 1106 3344 1304 3425; x_wconf 89' lang='lat' dir='ltr'><strong>adstipulamur</strong></span> <span class='ocrx_word' id='word_1_405' title='bbox 1322 3346 1371 3424; x_wconf 93' lang='lat' dir='ltr'><strong>qui</strong></span> <span class='ocrx_word' id='word_1_406' title='bbox 1392 3359 1468 3426; x_wconf 86' lang='lat' dir='ltr'><strong>putat</strong></span> <span class='ocrx_word' id='word_1_407' title='bbox 1486 3347 1769 3421; x_wconf 71' lang='lat' dir='ltr'><strong>Humilias&#39;r.5.p.5ol»3</strong></span> 
     </span>
     <span class='ocr_line' id='line_1_33' title="bbox 72 3436 1619 3506; baseline 0.001 -4"><span class='ocrx_word' id='word_1_408' title='bbox 72 3444 270 3503; x_wconf 83' lang='lat' dir='ltr'><strong>subornaverat</strong></span> <span class='ocrx_word' id='word_1_409' title='bbox 282 3455 308 3502; x_wconf 90' lang='lat' dir='ltr'><strong>et</strong></span> <span class='ocrx_word' id='word_1_410' title='bbox 322 3440 429 3500; x_wconf 90' lang='lat' dir='ltr'><strong>libellos</strong></span> <span class='ocrx_word' id='word_1_411' title='bbox 442 3439 602 3499; x_wconf 85' lang='lat' dir='ltr'><strong>dictaverat.</strong></span> <span class='ocrx_word' id='word_1_412' title='bbox 620 3437 741 3496; x_wconf 85' lang='lat' dir='ltr'><strong>Praelecti</strong></span> <span class='ocrx_word' id='word_1_413' title='bbox 758 3458 821 3496; x_wconf 85' lang='lat' dir='ltr'><strong>vern</strong></span> <span class='ocrx_word' id='word_1_414' title='bbox 875 3436 943 3496; x_wconf 91' lang='lat' dir='ltr'><strong>duas</strong></span> <span class='ocrx_word' id='word_1_415' title='bbox 956 3438 983 3496; x_wconf 94' lang='lat' dir='ltr'><strong>in</strong></span> <span class='ocrx_word' id='word_1_416' title='bbox 999 3436 1067 3496; x_wconf 92' lang='lat' dir='ltr'><strong>illud</strong></span> <span class='ocrx_word' id='word_1_417' title='bbox 1080 3437 1180 3497; x_wconf 88' lang='lat' dir='ltr'><strong>Psalmi</strong></span> <span class='ocrx_word' id='word_1_418' title='bbox 1193 3439 1243 3506; x_wconf 83' lang='lat' dir='ltr'><strong>t8,</strong></span> <span class='ocrx_word' id='word_1_419' title='bbox 1259 3440 1307 3497; x_wconf 87' lang='lat' dir='ltr'><strong>Ne</strong></span> <span class='ocrx_word' id='word_1_420' title='bbox 1317 3442 1446 3499; x_wconf 82' lang='lat' dir='ltr'><strong>timueris</strong></span> <span class='ocrx_word' id='word_1_421' title='bbox 1458 3461 1526 3501; x_wconf 83' lang='lat' dir='ltr'><strong>cum</strong></span> <span class='ocrx_word' id='word_1_422' title='bbox 1540 3444 1619 3505; x_wconf 79' lang='lat' dir='ltr'><strong>dives</strong></span> 
     </span>
     <span class='ocr_line' id='line_1_34' title="bbox 72 3528 1619 3615; baseline 0.001 -22"><span class='ocrx_word' id='word_1_423' title='bbox 72 3535 133 3595; x_wconf 87' lang='lat' dir='ltr'><strong>illos</strong></span> <span class='ocrx_word' id='word_1_424' title='bbox 145 3536 175 3595; x_wconf 92' lang='lat' dir='ltr'><strong>in</strong></span> <span class='ocrx_word' id='word_1_425' title='bbox 189 3554 326 3594; x_wconf 89' lang='lat' dir='ltr'><strong>carcerem</strong></span> <span class='ocrx_word' id='word_1_426' title='bbox 338 3534 509 3614; x_wconf 86' lang='lat' dir='ltr'><strong>conjecerunt</strong></span> <span class='ocrx_word' id='word_1_427' title='bbox 526 3552 610 3609; x_wconf 90' lang='lat' dir='ltr'><strong>usque</strong></span> <span class='ocrx_word' id='word_1_428' title='bbox 622 3528 658 3588; x_wconf 90' lang='lat' dir='ltr'><strong>ad</strong></span> <span class='ocrx_word' id='word_1_429' title='bbox 674 3530 820 3609; x_wconf 88' lang='lat' dir='ltr'><strong>Theophili</strong></span> <span class='ocrx_word' id='word_1_430' title='bbox 866 3530 1077 3613; x_wconf 78' lang='lat' dir='ltr'><strong>sactussuera&#39;t</strong></span> <span class='ocrx_word' id='word_1_431' title='bbox 1090 3531 1197 3599; x_wconf 86' lang='lat' dir='ltr'><strong>homo,</strong></span> <span class='ocrx_word' id='word_1_432' title='bbox 1216 3542 1286 3607; x_wconf 81' lang='lat' dir='ltr'><strong>etc,</strong></span> <span class='ocrx_word' id='word_1_433' title='bbox 1309 3530 1361 3590; x_wconf 89' lang='lat' dir='ltr'><strong>hoc</strong></span> <span class='ocrx_word' id='word_1_434' title='bbox 1375 3531 1482 3591; x_wconf 91' lang='lat' dir='ltr'><strong>circiter</strong></span> <span class='ocrx_word' id='word_1_435' title='bbox 1500 3546 1619 3615; x_wconf 89' lang='lat' dir='ltr'><strong>tempore</strong></span> 
     </span>
     <span class='ocr_line' id='line_1_35' title="bbox 71 3621 1663 3704; baseline 0.001 -18"><span class='ocrx_word' id='word_1_436' title='bbox 71 3627 239 3701; x_wconf 79' lang='lat' dir='ltr'><strong>adrentum,</strong></span> <span class='ocrx_word' id='word_1_437' title='bbox 255 3627 374 3686; x_wconf 88' lang='lat' dir='ltr'><strong>nolentes</strong></span> <span class='ocrx_word' id='word_1_438' title='bbox 387 3625 415 3684; x_wconf 94' lang='lat' dir='ltr'><strong>in</strong></span> <span class='ocrx_word' id='word_1_439' title='bbox 430 3624 477 3683; x_wconf 89' lang='lat' dir='ltr'><strong>tali</strong></span> <span class='ocrx_word' id='word_1_440' title='bbox 492 3643 572 3681; x_wconf 88' lang='lat' dir='ltr'><strong>causa</strong></span> <span class='ocrx_word' id='word_1_441' title='bbox 593 3621 673 3680; x_wconf 87' lang='lat' dir='ltr'><strong>vades</strong></span> <span class='ocrx_word' id='word_1_442' title='bbox 687 3622 819 3701; x_wconf 89' lang='lat' dir='ltr'><strong>accipere.</strong></span> <span class='ocrx_word' id='word_1_443' title='bbox 875 3623 981 3682; x_wconf 90' lang='lat' dir='ltr'><strong>habitas</strong></span> <span class='ocrx_word' id='word_1_444' title='bbox 991 3623 1081 3685; x_wconf 89' lang='lat' dir='ltr'><strong>luisse.</strong></span> <span class='ocrx_word' id='word_1_445' title='bbox 1094 3623 1225 3702; x_wconf 85' lang='lat' dir='ltr'><strong>luprima</strong></span> <span class='ocrx_word' id='word_1_446' title='bbox 1236 3625 1619 3704; x_wconf 78' lang='lat' dir='ltr'><strong>rernpostquamdivitiaruru</strong></span> <span class='ocrx_word' id='word_1_447' title='bbox 1661 3666 1663 3671; x_wconf 93' lang='lat'>·</span> 
     </span>
     <span class='ocr_line' id='line_1_36' title="bbox 72 3712 1617 3799; baseline 0.001 -21"><span class='ocrx_word' id='word_1_448' title='bbox 72 3720 179 3778; x_wconf 83' lang='lat' dir='ltr'><strong>Horum</strong></span> <span class='ocrx_word' id='word_1_449' title='bbox 196 3719 310 3798; x_wconf 91' lang='lat' dir='ltr'><strong>quidam</strong></span> <span class='ocrx_word' id='word_1_450' title='bbox 327 3716 356 3775; x_wconf 92' lang='lat' dir='ltr'><strong>in</strong></span> <span class='ocrx_word' id='word_1_451' title='bbox 368 3737 484 3790; x_wconf 90' lang='lat' dir='ltr'><strong>carcere,</strong></span> <span class='ocrx_word' id='word_1_452' title='bbox 496 3715 532 3775; x_wconf 90' lang='lat' dir='ltr'><strong>ob</strong></span> <span class='ocrx_word' id='word_1_453' title='bbox 549 3712 697 3793; x_wconf 89' lang='lat' dir='ltr'><strong>Theophili</strong></span> <span class='ocrx_word' id='word_1_454' title='bbox 714 3713 821 3772; x_wconf 84' lang='lat' dir='ltr'><strong>venien·</strong></span> <span class='ocrx_word' id='word_1_455' title='bbox 874 3716 1018 3777; x_wconf 88' lang='lat' dir='ltr'><strong>vanitatem</strong></span> <span class='ocrx_word' id='word_1_456' title='bbox 1033 3714 1227 3795; x_wconf 88' lang='lat' dir='ltr'><strong>descripserat,</strong></span> <span class='ocrx_word' id='word_1_457' title='bbox 1242 3715 1314 3775; x_wconf 91' lang='lat' dir='ltr'><strong>dicta</strong></span> <span class='ocrx_word' id='word_1_458' title='bbox 1328 3738 1376 3776; x_wconf 91' lang='lat' dir='ltr'><strong>sua</strong></span> <span class='ocrx_word' id='word_1_459' title='bbox 1390 3719 1522 3799; x_wconf 80' lang='lat' dir='ltr'><strong>exemplis</strong></span> <span class='ocrx_word' id='word_1_460' title='bbox 1538 3741 1617 3780; x_wconf 91' lang='lat' dir='ltr'><strong>com-</strong></span> 
     </span>
     <span class='ocr_line' id='line_1_37' title="bbox 71 3805 1617 3889; baseline 0.003 -19"><span class='ocrx_word' id='word_1_461' title='bbox 71 3812 106 3870; x_wconf 87' lang='lat' dir='ltr'><strong>tis</strong></span> <span class='ocrx_word' id='word_1_462' title='bbox 120 3810 278 3870; x_wconf 85' lang='lat' dir='ltr'><strong>tarditatem</strong></span> <span class='ocrx_word' id='word_1_463' title='bbox 290 3810 340 3869; x_wconf 92' lang='lat' dir='ltr'><strong>diu</strong></span> <span class='ocrx_word' id='word_1_464' title='bbox 354 3809 465 3882; x_wconf 89' lang='lat' dir='ltr'><strong>morati,</strong></span> <span class='ocrx_word' id='word_1_465' title='bbox 486 3807 586 3865; x_wconf 93' lang='lat' dir='ltr'><strong>mortui</strong></span> <span class='ocrx_word' id='word_1_466' title='bbox 602 3818 664 3865; x_wconf 91' lang='lat' dir='ltr'><strong>sunt</strong></span> <span class='ocrx_word' id='word_1_467' title='bbox 672 3828 680 3881; x_wconf 79' lang='lat'>3</span> <span class='ocrx_word' id='word_1_468' title='bbox 693 3805 740 3864; x_wconf 90' lang='lat' dir='ltr'><strong>alii</strong></span> <span class='ocrx_word' id='word_1_469' title='bbox 756 3828 819 3867; x_wconf 89' lang='lat' dir='ltr'><strong>vero</strong></span> <span class='ocrx_word' id='word_1_470' title='bbox 873 3808 988 3888; x_wconf 83' lang='lat' dir='ltr'><strong>probare</strong></span> <span class='ocrx_word' id='word_1_471' title='bbox 1001 3807 1105 3867; x_wconf 89' lang='lat' dir='ltr'><strong>nititur.</strong></span> <span class='ocrx_word' id='word_1_472' title='bbox 1120 3831 1135 3864; x_wconf 83' lang='lat' dir='ltr'><strong>o</strong></span> <span class='ocrx_word' id='word_1_473' title='bbox 1149 3808 1239 3868; x_wconf 90' lang='lat' dir='ltr'><strong>Nostis</strong></span> <span class='ocrx_word' id='word_1_474' title='bbox 1249 3829 1312 3883; x_wconf 90' lang='lat' dir='ltr'><strong>vos,</strong></span> <span class='ocrx_word' id='word_1_475' title='bbox 1325 3833 1340 3864; x_wconf 80' lang='lat' dir='ltr'><strong>n</strong></span> <span class='ocrx_word' id='word_1_476' title='bbox 1351 3810 1449 3889; x_wconf 86' lang='lat' dir='ltr'><strong>inquit,</strong></span> <span class='ocrx_word' id='word_1_477' title='bbox 1467 3813 1617 3875; x_wconf 78' lang='lat' dir='ltr'><strong>«innume-</strong></span> 
     </span>
     <span class='ocr_line' id='line_1_38' title="bbox 71 3897 1729 3984; baseline 0.003 -23"><span class='ocrx_word' id='word_1_478' title='bbox 71 3901 295 3983; x_wconf 80' lang='lat' dir='ltr'><strong>postadrentum</strong></span> <span class='ocrx_word' id='word_1_479' title='bbox 305 3900 468 3980; x_wconf 90' lang='lat' dir='ltr'><strong>Theophili,</strong></span> <span class='ocrx_word' id='word_1_480' title='bbox 483 3901 511 3958; x_wconf 92' lang='lat' dir='ltr'><strong>in</strong></span> <span class='ocrx_word' id='word_1_481' title='bbox 527 3912 658 3979; x_wconf 87' lang='lat' dir='ltr'><strong>postrema</strong></span> <span class='ocrx_word' id='word_1_482' title='bbox 673 3897 821 3977; x_wconf 81' lang='lat' dir='ltr'><strong>interroga·</strong></span> <span class='ocrx_word' id='word_1_483' title='bbox 875 3921 903 3958; x_wconf 90' lang='lat' dir='ltr'><strong>ra</strong></span> <span class='ocrx_word' id='word_1_484' title='bbox 924 3899 1047 3979; x_wconf 83' lang='lat' dir='ltr'><strong>exempla</strong></span> <span class='ocrx_word' id='word_1_485' title='bbox 1061 3901 1090 3958; x_wconf 93' lang='lat' dir='ltr'><strong>in</strong></span> <span class='ocrx_word' id='word_1_486' title='bbox 1109 3899 1160 3958; x_wconf 85' lang='lat' dir='ltr'><strong>bac</strong></span> <span class='ocrx_word' id='word_1_487' title='bbox 1173 3900 1240 3960; x_wconf 90' lang='lat' dir='ltr'><strong>urbe</strong></span> <span class='ocrx_word' id='word_1_488' title='bbox 1254 3901 1323 3961; x_wconf 90' lang='lat' dir='ltr'><strong>circa</strong></span> <span class='ocrx_word' id='word_1_489' title='bbox 1337 3902 1553 3984; x_wconf 81' lang='lat' dir='ltr'><strong>intempestivam</strong></span> <span class='ocrx_word' id='word_1_490' title='bbox 1567 3905 1621 3966; x_wconf 92' lang='lat' dir='ltr'><strong>hu·</strong></span> <span class='ocrx_word' id='word_1_491' title='bbox 1724 3968 1729 3977; x_wconf 74' lang='grc'><em>,</em></span> 
     </span>
     <span class='ocr_line' id='line_1_39' title="bbox 72 3990 1618 4077; baseline 0.004 -26"><span class='ocrx_word' id='word_1_492' title='bbox 72 3995 164 4066; x_wconf 80' lang='lat' dir='ltr'><strong>uene,</strong></span> <span class='ocrx_word' id='word_1_493' title='bbox 189 4007 328 4072; x_wconf 87' lang='lat' dir='ltr'><strong>tamquam</strong></span> <span class='ocrx_word' id='word_1_494' title='bbox 346 3990 568 4063; x_wconf 81' lang='lat' dir='ltr'><strong>calumniatores,</strong></span> <span class='ocrx_word' id='word_1_495' title='bbox 589 3993 819 4050; x_wconf 88' lang='lat' dir='ltr'><strong>Procouuesurua</strong></span> <span class='ocrx_word' id='word_1_496' title='bbox 871 3992 993 4073; x_wconf 84' lang='lat' dir='ltr'><strong>jusmodi</strong></span> <span class='ocrx_word' id='word_1_497' title='bbox 1008 3992 1166 4077; x_wconf 81' lang='lat' dir='ltr'><strong>divitiarum</strong></span> <span class='ocrx_word' id='word_1_498' title='bbox 1178 3994 1314 4073; x_wconf 88' lang='lat' dir='ltr'><strong>jacturam</strong></span> <span class='ocrx_word' id='word_1_499' title='bbox 1326 4016 1333 4053; x_wconf 93' lang='lat'>:</span> <span class='ocrx_word' id='word_1_500' title='bbox 1347 4008 1374 4054; x_wconf 91' lang='lat' dir='ltr'><strong>ct</strong></span> <span class='ocrx_word' id='word_1_501' title='bbox 1392 3996 1547 4073; x_wconf 90' lang='lat' dir='ltr'><strong>didicistis,</strong></span> <span class='ocrx_word' id='word_1_502' title='bbox 1570 4002 1618 4060; x_wconf 86' lang='lat' dir='ltr'><strong>vi-</strong></span> 
     </span>
     <span class='ocr_line' id='line_1_40' title="bbox 70 4084 1617 4168; baseline 0.003 -22"><span class='ocrx_word' id='word_1_503' title='bbox 70 4085 213 4168; x_wconf 83' lang='lat' dir='ltr'><strong>y&#39;udicibus</strong></span> <span class='ocrx_word' id='word_1_504' title='bbox 226 4084 390 4164; x_wconf 73' lang='lat' dir='ltr'><strong>relegantur.</strong></span> <span class='ocrx_word' id='word_1_505' title='bbox 873 4098 952 4146; x_wconf 90' lang='lat' dir='ltr'><strong>vente</strong></span> <span class='ocrx_word' id='word_1_506' title='bbox 961 4105 1110 4165; x_wconf 88' lang='lat' dir='ltr'><strong>possessore</strong></span> <span class='ocrx_word' id='word_1_507' title='bbox 1121 4087 1311 4165; x_wconf 90' lang='lat' dir='ltr'><strong>possessionem</strong></span> <span class='ocrx_word' id='word_1_508' title='bbox 1323 4087 1448 4166; x_wconf 87' lang='lat' dir='ltr'><strong>periisse:</strong></span> <span class='ocrx_word' id='word_1_509' title='bbox 1457 4087 1617 4151; x_wconf 88' lang='lat' dir='ltr'><strong>divitiarum</strong></span> 
     </span>
     <span class='ocr_line' id='line_1_41' title="bbox 10 4176 1617 4264; baseline 0.001 -22"><span class='ocrx_word' id='word_1_510' title='bbox 10 4189 64 4234; x_wconf 68' lang='lat' dir='ltr'><strong>hta</strong></span> <span class='ocrx_word' id='word_1_511' title='bbox 113 4183 220 4242; x_wconf 84' lang='lat' dir='ltr'><strong>interca</strong></span> <span class='ocrx_word' id='word_1_512' title='bbox 239 4177 431 4258; x_wconf 89' lang='lat' dir='ltr'><strong>Theophilus,</strong></span> <span class='ocrx_word' id='word_1_513' title='bbox 455 4176 503 4255; x_wconf 91' lang='lat' dir='ltr'><strong>qui</strong></span> <span class='ocrx_word' id='word_1_514' title='bbox 522 4176 582 4236; x_wconf 90' lang='lat' dir='ltr'><strong>dira</strong></span> <span class='ocrx_word' id='word_1_515' title='bbox 604 4177 770 4239; x_wconf 89' lang='lat' dir='ltr'><strong>moliebatur</strong></span> <span class='ocrx_word' id='word_1_516' title='bbox 789 4179 817 4238; x_wconf 93' lang='lat' dir='ltr'><strong>in</strong></span> <span class='ocrx_word' id='word_1_517' title='bbox 873 4178 945 4236; x_wconf 90' lang='lat' dir='ltr'><strong>enirn</strong></span> <span class='ocrx_word' id='word_1_518' title='bbox 960 4176 1022 4236; x_wconf 88' lang='lat' dir='ltr'><strong>linis</strong></span> <span class='ocrx_word' id='word_1_519' title='bbox 1039 4190 1078 4236; x_wconf 90' lang='lat' dir='ltr'><strong>est</strong></span> <span class='ocrx_word' id='word_1_520' title='bbox 1091 4178 1205 4237; x_wconf 90' lang='lat' dir='ltr'><strong>mutatio</strong></span> <span class='ocrx_word' id='word_1_521' title='bbox 1219 4179 1246 4237; x_wconf 92' lang='lat' dir='ltr'><strong>iu</strong></span> <span class='ocrx_word' id='word_1_522' title='bbox 1259 4194 1452 4260; x_wconf 86' lang='lat' dir='ltr'><strong>paupertatem.</strong></span> <span class='ocrx_word' id='word_1_523' title='bbox 1478 4183 1617 4264; x_wconf 92' lang='lat' dir='ltr'><strong>Perpeude</strong></span> 
     </span>
     <span class='ocr_line' id='line_1_42' title="bbox 10 4251 1618 4357; baseline 0.002 -23"><span class='ocrx_word' id='word_1_524' title='bbox 10 4251 217 4357; x_wconf 53' lang='lat' dir='ltr'><strong>pfl&#39;i&#39;ioannem,</strong></span> <span class='ocrx_word' id='word_1_525' title='bbox 231 4270 267 4330; x_wconf 86' lang='lat' dir='ltr'><strong>ad</strong></span> <span class='ocrx_word' id='word_1_526' title='bbox 280 4270 418 4351; x_wconf 81' lang='lat' dir='ltr'><strong>episcopos</strong></span> <span class='ocrx_word' id='word_1_527' title='bbox 433 4270 535 4347; x_wconf 90' lang='lat' dir='ltr'><strong>ubique</strong></span> <span class='ocrx_word' id='word_1_528' title='bbox 546 4290 638 4328; x_wconf 90' lang='lat' dir='ltr'><strong>omncs</strong></span> <span class='ocrx_word' id='word_1_529' title='bbox 652 4270 770 4350; x_wconf 89' lang='lat' dir='ltr'><strong>scripsit,</strong></span> <span class='ocrx_word' id='word_1_530' title='bbox 787 4271 820 4330; x_wconf 93' lang='lat' dir='ltr'><strong>li·</strong></span> <span class='ocrx_word' id='word_1_531' title='bbox 873 4271 958 4351; x_wconf 76' lang='lat' dir='ltr'><strong>igitur</strong></span> <span class='ocrx_word' id='word_1_532' title='bbox 976 4291 1058 4349; x_wconf 89' lang='lat' dir='ltr'><strong>quarn</strong></span> <span class='ocrx_word' id='word_1_533' title='bbox 1077 4271 1168 4330; x_wconf 89' lang='lat' dir='ltr'><strong>brevis</strong></span> <span class='ocrx_word' id='word_1_534' title='bbox 1185 4271 1220 4330; x_wconf 93' lang='lat' dir='ltr'><strong>sit</strong></span> <span class='ocrx_word' id='word_1_535' title='bbox 1239 4272 1367 4351; x_wconf 89' lang='lat' dir='ltr'><strong>temporis</strong></span> <span class='ocrx_word' id='word_1_536' title='bbox 1386 4275 1525 4352; x_wconf 90' lang='lat' dir='ltr'><strong>possessio.</strong></span> <span class='ocrx_word' id='word_1_537' title='bbox 1548 4277 1618 4337; x_wconf 87' lang='lat' dir='ltr'><strong>Nam</strong></span> 
     </span>
     <span class='ocr_line' id='line_1_43' title="bbox 72 4361 1619 4451; baseline 0.001 -28"><span class='ocrx_word' id='word_1_538' title='bbox 72 4366 137 4426; x_wconf 85' lang='lat' dir='ltr'><strong>bros</strong></span> <span class='ocrx_word' id='word_1_539' title='bbox 148 4362 277 4444; x_wconf 80' lang='lat' dir='ltr'><strong>Origenis</strong></span> <span class='ocrx_word' id='word_1_540' title='bbox 289 4364 430 4438; x_wconf 86' lang='lat' dir='ltr'><strong>incusans,</strong></span> <span class='ocrx_word' id='word_1_541' title='bbox 443 4362 596 4440; x_wconf 90' lang='lat' dir='ltr'><strong>multosque</strong></span> <span class='ocrx_word' id='word_1_542' title='bbox 608 4362 644 4420; x_wconf 90' lang='lat' dir='ltr'><strong>ad</strong></span> <span class='ocrx_word' id='word_1_543' title='bbox 660 4363 817 4422; x_wconf 91' lang='lat' dir='ltr'><strong>seutentiam</strong></span> <span class='ocrx_word' id='word_1_544' title='bbox 874 4383 1008 4442; x_wconf 91' lang='lat' dir='ltr'><strong>possessor</strong></span> <span class='ocrx_word' id='word_1_545' title='bbox 1022 4361 1090 4422; x_wconf 89' lang='lat' dir='ltr'><strong>vivit</strong></span> <span class='ocrx_word' id='word_1_546' title='bbox 1102 4374 1164 4451; x_wconf 73' lang='lat' dir='ltr'><strong>pnpt</strong></span> <span class='ocrx_word' id='word_1_547' title='bbox 1173 4362 1307 4442; x_wconf 84' lang='lat' dir='ltr'><strong>jacturam</strong></span> <span class='ocrx_word' id='word_1_548' title='bbox 1321 4364 1508 4443; x_wconf 88' lang='lat' dir='ltr'><strong>possessionis.</strong></span> <span class='ocrx_word' id='word_1_549' title='bbox 1531 4369 1619 4446; x_wconf 81' lang='lat' dir='ltr'><strong>Atque</strong></span> 
     </span>
     <span class='ocr_line' id='line_1_44' title="bbox 10 4453 1620 4539; baseline -0.001 -19"><span class='ocrx_word' id='word_1_550' title='bbox 10 4457 63 4506; x_wconf 58' lang='grc' dir='ltr'><strong>Μ·</strong></span> <span class='ocrx_word' id='word_1_551' title='bbox 73 4480 150 4520; x_wconf 84' lang='lat' dir='ltr'><strong>suam</strong></span> <span class='ocrx_word' id='word_1_552' title='bbox 164 4456 308 4539; x_wconf 83' lang='lat' dir='ltr'><strong>pertraxit.</strong></span> <span class='ocrx_word' id='word_1_553' title='bbox 322 4456 475 4533; x_wconf 86' lang='lat' dir='ltr'><strong>Putansque</strong></span> <span class='ocrx_word' id='word_1_554' title='bbox 485 4475 583 4534; x_wconf 83' lang='lat' dir='ltr'><strong>magno</strong></span> <span class='ocrx_word' id='word_1_555' title='bbox 592 4454 645 4514; x_wconf 86' lang='lat' dir='ltr'><strong>sihi</strong></span> <span class='ocrx_word' id='word_1_556' title='bbox 655 4456 820 4515; x_wconf 85' lang='lat' dir='ltr'><strong>emolumen·</strong></span> <span class='ocrx_word' id='word_1_557' title='bbox 874 4454 977 4513; x_wconf 89' lang='lat' dir='ltr'><strong>utinam</strong></span> <span class='ocrx_word' id='word_1_558' title='bbox 989 4453 1111 4534; x_wconf 91' lang='lat' dir='ltr'><strong>periisset</strong></span> <span class='ocrx_word' id='word_1_559' title='bbox 1123 4453 1264 4534; x_wconf 84' lang='lat' dir='ltr'><strong>possessio,</strong></span> <span class='ocrx_word' id='word_1_560' title='bbox 1277 4454 1399 4532; x_wconf 76' lang='lat' dir='ltr'><strong>usquein</strong></span> <span class='ocrx_word' id='word_1_561' title='bbox 1412 4456 1557 4535; x_wconf 88' lang='lat' dir='ltr'><strong>perniciem</strong></span> <span class='ocrx_word' id='word_1_562' title='bbox 1568 4472 1620 4519; x_wconf 91' lang='lat' dir='ltr'><strong>tra·</strong></span> 
     </span>
     <span class='ocr_line' id='line_1_45' title="bbox 72 4544 1616 4631; baseline 0 -20"><span class='ocrx_word' id='word_1_563' title='bbox 72 4565 101 4611; x_wconf 88' lang='lat' dir='ltr'><strong>to</strong></span> <span class='ocrx_word' id='word_1_564' title='bbox 112 4553 183 4623; x_wconf 80' lang='lat' dir='ltr'><strong>iore,</strong></span> <span class='ocrx_word' id='word_1_565' title='bbox 199 4552 221 4609; x_wconf 92' lang='lat' dir='ltr'><strong>si</strong></span> <span class='ocrx_word' id='word_1_566' title='bbox 235 4547 423 4629; x_wconf 83' lang='lat' dir='ltr'><strong>Epiphanium</strong></span> <span class='ocrx_word' id='word_1_567' title='bbox 431 4592 441 4620; x_wconf 97' lang='lat'><strong>,</strong></span> <span class='ocrx_word' id='word_1_568' title='bbox 454 4547 599 4608; x_wconf 85' lang='lat' dir='ltr'><strong>Salaminis</strong></span> <span class='ocrx_word' id='word_1_569' title='bbox 614 4547 642 4605; x_wconf 93' lang='lat' dir='ltr'><strong>iu</strong></span> <span class='ocrx_word' id='word_1_570' title='bbox 655 4548 747 4628; x_wconf 86' lang='lat' dir='ltr'><strong>Cypro</strong></span> <span class='ocrx_word' id='word_1_571' title='bbox 759 4548 820 4628; x_wconf 89' lang='lat' dir='ltr'><strong>epi·</strong></span> <span class='ocrx_word' id='word_1_572' title='bbox 875 4546 959 4605; x_wconf 84' lang='lat' dir='ltr'><strong>xisset</strong></span> <span class='ocrx_word' id='word_1_573' title='bbox 974 4545 1064 4625; x_wconf 90' lang='lat' dir='ltr'><strong>ipsum</strong></span> <span class='ocrx_word' id='word_1_574' title='bbox 1078 4544 1272 4625; x_wconf 83' lang='lat' dir='ltr'><strong>possessorem!</strong></span> <span class='ocrx_word' id='word_1_575' title='bbox 1297 4548 1356 4606; x_wconf 88' lang='lat' dir='ltr'><strong>Nou</strong></span> <span class='ocrx_word' id='word_1_576' title='bbox 1373 4549 1505 4609; x_wconf 89' lang='lat' dir='ltr'><strong>erraveris</strong></span> <span class='ocrx_word' id='word_1_577' title='bbox 1520 4551 1616 4631; x_wconf 78' lang='lat' dir='ltr'><strong>igitur,</strong></span> 
     </span>
     <span class='ocr_line' id='line_1_46' title="bbox 56 4635 1618 4724; baseline 0.001 -21"><span class='ocrx_word' id='word_1_578' title='bbox 56 4641 204 4724; x_wconf 65' lang='lat' dir='ltr'><strong>scopum,</strong></span> <span class='ocrx_word' id='word_1_579' title='bbox 218 4640 311 4702; x_wconf 91' lang='lat' dir='ltr'><strong>virum</strong></span> <span class='ocrx_word' id='word_1_580' title='bbox 322 4638 522 4698; x_wconf 89' lang='lat' dir='ltr'><strong>sanctissimum</strong></span> <span class='ocrx_word' id='word_1_581' title='bbox 532 4653 559 4698; x_wconf 91' lang='lat' dir='ltr'><strong>et</strong></span> <span class='ocrx_word' id='word_1_582' title='bbox 576 4639 767 4714; x_wconf 73' lang='lat' dir='ltr'><strong>damssimum,</strong></span> <span class='ocrx_word' id='word_1_583' title='bbox 781 4640 817 4700; x_wconf 94' lang='lat' dir='ltr'><strong>ad</strong></span> <span class='ocrx_word' id='word_1_584' title='bbox 874 4639 896 4698; x_wconf 88' lang='lat' dir='ltr'><strong>si</strong></span> <span class='ocrx_word' id='word_1_585' title='bbox 906 4637 1009 4697; x_wconf 80' lang='lat' dir='ltr'><strong>dixeris</strong></span> <span class='ocrx_word' id='word_1_586' title='bbox 1022 4635 1133 4697; x_wconf 91' lang='lat' dir='ltr'><strong>divitias</strong></span> <span class='ocrx_word' id='word_1_587' title='bbox 1142 4658 1198 4697; x_wconf 90' lang='lat' dir='ltr'><strong>esse</strong></span> <span class='ocrx_word' id='word_1_588' title='bbox 1207 4637 1386 4697; x_wconf 90' lang='lat' dir='ltr'><strong>domesticum</strong></span> <span class='ocrx_word' id='word_1_589' title='bbox 1397 4639 1543 4719; x_wconf 82' lang='lat' dir='ltr'><strong>ingratum,</strong></span> <span class='ocrx_word' id='word_1_590' title='bbox 1558 4665 1618 4704; x_wconf 90' lang='lat' dir='ltr'><strong>san·</strong></span> 
     </span>
     <span class='ocr_line' id='line_1_47' title="bbox 71 4728 1644 4815; baseline 0.001 -20"><span class='ocrx_word' id='word_1_591' title='bbox 71 4757 134 4795; x_wconf 81' lang='lat' dir='ltr'><strong>suas</strong></span> <span class='ocrx_word' id='word_1_592' title='bbox 144 4747 236 4815; x_wconf 83' lang='lat' dir='ltr'><strong>partes</strong></span> <span class='ocrx_word' id='word_1_593' title='bbox 248 4732 358 4792; x_wconf 89' lang='lat' dir='ltr'><strong>allicere</strong></span> <span class='ocrx_word' id='word_1_594' title='bbox 367 4743 464 4811; x_wconf 91' lang='lat' dir='ltr'><strong>posset,</strong></span> <span class='ocrx_word' id='word_1_595' title='bbox 475 4752 507 4790; x_wconf 90' lang='lat' dir='ltr'><strong>eo</strong></span> <span class='ocrx_word' id='word_1_596' title='bbox 520 4751 617 4791; x_wconf 91' lang='lat' dir='ltr'><strong>nervos</strong></span> <span class='ocrx_word' id='word_1_597' title='bbox 627 4731 765 4792; x_wconf 82' lang='lat' dir='ltr'><strong>industriae</strong></span> <span class='ocrx_word' id='word_1_598' title='bbox 778 4747 821 4793; x_wconf 90' lang='lat' dir='ltr'><strong>to·</strong></span> <span class='ocrx_word' id='word_1_599' title='bbox 873 4732 1027 4809; x_wconf 81' lang='lat' dir='ltr'><strong>guiuarinm</strong></span> <span class='ocrx_word' id='word_1_600' title='bbox 1042 4742 1068 4787; x_wconf 91' lang='lat' dir='ltr'><strong>et</strong></span> <span class='ocrx_word' id='word_1_601' title='bbox 1079 4728 1257 4802; x_wconf 91' lang='lat' dir='ltr'><strong>homicidam,</strong></span> <span class='ocrx_word' id='word_1_602' title='bbox 1270 4729 1458 4807; x_wconf 88' lang='lat' dir='ltr'><strong>domesticum,</strong></span> <span class='ocrx_word' id='word_1_603' title='bbox 1474 4735 1522 4812; x_wconf 91' lang='lat' dir='ltr'><strong>qui</strong></span> <span class='ocrx_word' id='word_1_604' title='bbox 1536 4736 1564 4794; x_wconf 95' lang='lat' dir='ltr'><strong>in</strong></span> <span class='ocrx_word' id='word_1_605' title='bbox 1579 4758 1620 4797; x_wconf 86' lang='lat' dir='ltr'><strong>re·</strong></span> <span class='ocrx_word' id='word_1_606' title='bbox 1637 4746 1644 4753; x_wconf 89' lang='lat'>&#39;</span> 
     </span>
     <span class='ocr_line' id='line_1_48' title="bbox 71 4821 1617 4908; baseline 0.001 -22"><span class='ocrx_word' id='word_1_607' title='bbox 71 4822 355 4888; x_wconf 86' lang='lat' dir='ltr'><strong>tosadhibuit.lllum</strong></span> <span class='ocrx_word' id='word_1_608' title='bbox 364 4843 429 4883; x_wconf 90' lang='lat' dir='ltr'><strong>vero</strong></span> <span class='ocrx_word' id='word_1_609' title='bbox 440 4821 546 4903; x_wconf 90' lang='lat' dir='ltr'><strong>pridem</strong></span> <span class='ocrx_word' id='word_1_610' title='bbox 555 4822 734 4893; x_wconf 88' lang='lat' dir='ltr'><strong>incusaverat,</strong></span> <span class='ocrx_word' id='word_1_611' title='bbox 744 4825 819 4903; x_wconf 92' lang='lat' dir='ltr'><strong>quod</strong></span> <span class='ocrx_word' id='word_1_612' title='bbox 873 4824 1083 4884; x_wconf 90' lang='lat' dir='ltr'><strong>munerationem</strong></span> <span class='ocrx_word' id='word_1_613' title='bbox 1098 4822 1163 4881; x_wconf 88' lang='lat' dir='ltr'><strong>hero</strong></span> <span class='ocrx_word' id='word_1_614' title='bbox 1178 4842 1270 4881; x_wconf 88' lang='lat' dir='ltr'><strong>necem</strong></span> <span class='ocrx_word' id='word_1_615' title='bbox 1284 4821 1373 4882; x_wconf 89' lang='lat' dir='ltr'><strong>iulert.</strong></span> <span class='ocrx_word' id='word_1_616' title='bbox 1389 4849 1403 4879; x_wconf 78' lang='lat' dir='ltr'><strong>e</strong></span> <span class='ocrx_word' id='word_1_617' title='bbox 1417 4825 1471 4884; x_wconf 89' lang='lat' dir='ltr'><strong>Ubi</strong></span> <span class='ocrx_word' id='word_1_618' title='bbox 1484 4826 1617 4908; x_wconf 74' lang='lat' dir='ltr'><strong>Eutropii</strong></span> 
     </span>
     <span class='ocr_line' id='line_1_49' title="bbox 69 4912 1618 4997; baseline 0.001 -18"><span class='ocrx_word' id='word_1_619' title='bbox 69 4921 162 4980; x_wconf 87' lang='lat' dir='ltr'><strong>Deum</strong></span> <span class='ocrx_word' id='word_1_620' title='bbox 174 4917 295 4976; x_wconf 85' lang='lat' dir='ltr'><strong>humana</strong></span> <span class='ocrx_word' id='word_1_621' title='bbox 314 4918 402 4975; x_wconf 86' lang='lat' dir='ltr'><strong>lorma</strong></span> <span class='ocrx_word' id='word_1_622' title='bbox 415 4912 560 4995; x_wconf 72' lang='lat' dir='ltr'><strong>preditum</strong></span> <span class='ocrx_word' id='word_1_623' title='bbox 574 4935 630 4973; x_wconf 87' lang='lat' dir='ltr'><strong>esse</strong></span> <span class='ocrx_word' id='word_1_624' title='bbox 643 4916 818 4996; x_wconf 89' lang='lat' dir='ltr'><strong>opinaretur,</strong></span> <span class='ocrx_word' id='word_1_625' title='bbox 872 4917 937 4976; x_wconf 89' lang='lat' dir='ltr'><strong>olim</strong></span> <span class='ocrx_word' id='word_1_626' title='bbox 959 4931 1088 4997; x_wconf 90' lang='lat' dir='ltr'><strong>potestate</strong></span> <span class='ocrx_word' id='word_1_627' title='bbox 1104 4929 1131 4973; x_wconf 90' lang='lat' dir='ltr'><strong>et</strong></span> <span class='ocrx_word' id='word_1_628' title='bbox 1143 4914 1241 4994; x_wconf 91' lang='lat' dir='ltr'><strong>opibus</strong></span> <span class='ocrx_word' id='word_1_629' title='bbox 1261 4915 1380 4976; x_wconf 92' lang='lat' dir='ltr'><strong>llorentis</strong></span> <span class='ocrx_word' id='word_1_630' title='bbox 1397 4917 1575 4978; x_wconf 89' lang='lat' dir='ltr'><strong>calamitatem</strong></span> <span class='ocrx_word' id='word_1_631' title='bbox 1591 4934 1618 4980; x_wconf 94' lang='lat' dir='ltr'><strong>et</strong></span> 
     </span>
     <span class='ocr_line' id='line_1_50' title="bbox 69 5006 1619 5092; baseline 0.002 -22"><span class='ocrx_word' id='word_1_632' title='bbox 69 5032 134 5092; x_wconf 73' lang='lat' dir='ltr'><strong>que</strong></span> <span class='ocrx_word' id='word_1_633' title='bbox 153 5023 213 5069; x_wconf 86' lang='lat' dir='ltr'><strong>erat</strong></span> <span class='ocrx_word' id='word_1_634' title='bbox 232 5008 343 5068; x_wconf 81' lang='lat' dir='ltr'><strong>haeresis</strong></span> <span class='ocrx_word' id='word_1_635' title='bbox 365 5006 715 5087; x_wconf 90' lang='lat' dir='ltr'><strong>Anthropumorphitarum.</strong></span> <span class='ocrx_word' id='word_1_636' title='bbox 741 5011 820 5069; x_wconf 91' lang='lat' dir='ltr'><strong>Tunc</strong></span> <span class='ocrx_word' id='word_1_637' title='bbox 872 5029 964 5073; x_wconf 87' lang='lat' dir='ltr'><strong>necem</strong></span> <span class='ocrx_word' id='word_1_638' title='bbox 981 5027 1187 5069; x_wconf 86' lang='lat' dir='ltr'><strong>commemorare</strong></span> <span class='ocrx_word' id='word_1_639' title='bbox 1209 5008 1319 5067; x_wconf 89' lang='lat' dir='ltr'><strong>omnino</strong></span> <span class='ocrx_word' id='word_1_640' title='bbox 1337 5008 1490 5069; x_wconf 83' lang='lat' dir='ltr'><strong>videntur:</strong></span> <span class='ocrx_word' id='word_1_641' title='bbox 1517 5033 1619 5073; x_wconf 84' lang='lat' dir='ltr'><strong>necnon</strong></span> 
     </span>
     <span class='ocr_line' id='line_1_51' title="bbox 69 5099 1618 5185; baseline -0.001 -17"><span class='ocrx_word' id='word_1_642' title='bbox 69 5129 149 5180; x_wconf 70' lang='lat' dir='ltr'><strong>ruo,</strong></span> <span class='ocrx_word' id='word_1_643' title='bbox 164 5105 189 5165; x_wconf 88' lang='lat' dir='ltr'><strong>si</strong></span> <span class='ocrx_word' id='word_1_644' title='bbox 201 5103 272 5164; x_wconf 86' lang='lat' dir='ltr'><strong>lides</strong></span> <span class='ocrx_word' id='word_1_645' title='bbox 285 5104 321 5163; x_wconf 91' lang='lat' dir='ltr'><strong>sit</strong></span> <span class='ocrx_word' id='word_1_646' title='bbox 332 5102 437 5164; x_wconf 69' lang='lat' dir='ltr'><strong>Socrui</strong></span> <span class='ocrx_word' id='word_1_647' title='bbox 449 5103 644 5174; x_wconf 83' lang='lat' dir='ltr'><strong>et-Sowmeuo,</strong></span> <span class='ocrx_word' id='word_1_648' title='bbox 659 5123 688 5162; x_wconf 89' lang='lat' dir='ltr'><strong>se</strong></span> <span class='ocrx_word' id='word_1_649' title='bbox 700 5101 818 5185; x_wconf 89' lang='lat' dir='ltr'><strong>idipsum</strong></span> <span class='ocrx_word' id='word_1_650' title='bbox 871 5102 989 5162; x_wconf 85' lang='lat' dir='ltr'><strong>aliorum</strong></span> <span class='ocrx_word' id='word_1_651' title='bbox 1009 5101 1175 5175; x_wconf 90' lang='lat' dir='ltr'><strong>multorum,</strong></span> <span class='ocrx_word' id='word_1_652' title='bbox 1197 5099 1244 5179; x_wconf 92' lang='lat' dir='ltr'><strong>qui</strong></span> <span class='ocrx_word' id='word_1_653' title='bbox 1264 5121 1313 5180; x_wconf 91' lang='lat' dir='ltr'><strong>per</strong></span> <span class='ocrx_word' id='word_1_654' title='bbox 1328 5100 1384 5159; x_wconf 89' lang='lat' dir='ltr'><strong>hacc</strong></span> <span class='ocrx_word' id='word_1_655' title='bbox 1405 5116 1526 5183; x_wconf 89' lang='lat' dir='ltr'><strong>tempora</strong></span> <span class='ocrx_word' id='word_1_656' title='bbox 1545 5106 1618 5165; x_wconf 85' lang='lat' dir='ltr'><strong>Cou-</strong></span> 
     </span>
     <span class='ocr_line' id='line_1_52' title="bbox 68 5192 1614 5277; baseline 0 -18"><span class='ocrx_word' id='word_1_657' title='bbox 68 5218 101 5259; x_wconf 72' lang='lat' dir='ltr'>a</span> <span class='ocrx_word' id='word_1_658' title='bbox 120 5198 157 5258; x_wconf 89' lang='lat' dir='ltr'><strong>de</strong></span> <span class='ocrx_word' id='word_1_659' title='bbox 170 5218 202 5257; x_wconf 90' lang='lat' dir='ltr'><strong>re</strong></span> <span class='ocrx_word' id='word_1_660' title='bbox 220 5195 321 5256; x_wconf 87' lang='lat' dir='ltr'><strong>sentire</strong></span> <span class='ocrx_word' id='word_1_661' title='bbox 341 5195 492 5269; x_wconf 86' lang='lat' dir='ltr'><strong>simulavit,</strong></span> <span class='ocrx_word' id='word_1_662' title='bbox 508 5209 539 5254; x_wconf 94' lang='lat' dir='ltr'><strong>ut</strong></span> <span class='ocrx_word' id='word_1_663' title='bbox 558 5194 743 5277; x_wconf 86' lang='lat' dir='ltr'><strong>Epiphanium</strong></span> <span class='ocrx_word' id='word_1_664' title='bbox 765 5198 817 5257; x_wconf 90' lang='lat' dir='ltr'><strong>sibi</strong></span> <span class='ocrx_word' id='word_1_665' title='bbox 872 5195 1033 5277; x_wconf 90' lang='lat' dir='ltr'><strong>tantiuopoli</strong></span> <span class='ocrx_word' id='word_1_666' title='bbox 1053 5195 1167 5254; x_wconf 79' lang='lat' dir='ltr'><strong>fortune</strong></span> <span class='ocrx_word' id='word_1_667' title='bbox 1188 5192 1403 5253; x_wconf 89' lang='lat' dir='ltr'><strong>vicissitudinem</strong></span> <span class='ocrx_word' id='word_1_668' title='bbox 1419 5196 1524 5276; x_wconf 81' lang='lat' dir='ltr'><strong>experti</strong></span> <span class='ocrx_word' id='word_1_669' title='bbox 1542 5213 1614 5259; x_wconf 87' lang='lat' dir='ltr'><strong>sunt.</strong></span> 
     </span>
    </p>
   </div>
   <div class='ocr_carea' id='block_1_3' title="bbox 67 5283 1770 5409">
    <p class='ocr_par' dir='ltr' id='par_1_3' title="bbox 67 5283 1770 5409">
     <span class='ocr_line' id='line_1_53' title="bbox 67 5283 1770 5409; baseline -0.001 -56"><span class='ocrx_word' id='word_1_670' title='bbox 67 5289 241 5352; x_wconf 82' lang='lat' dir='ltr'><strong>conciliaret.</strong></span> <span class='ocrx_word' id='word_1_671' title='bbox 253 5289 322 5349; x_wconf 77' lang='lat' dir='ltr'><strong>una</strong></span> <span class='ocrx_word' id='word_1_672' title='bbox 330 5286 402 5348; x_wconf 89' lang='lat' dir='ltr'><strong>enim</strong></span> <span class='ocrx_word' id='word_1_673' title='bbox 413 5284 584 5369; x_wconf 80' lang='lat' dir='ltr'><strong>Epiphanius</strong></span> <span class='ocrx_word' id='word_1_674' title='bbox 595 5286 640 5351; x_wconf 85' lang='lat' dir='ltr'><strong>vir</strong></span> <span class='ocrx_word' id='word_1_675' title='bbox 649 5287 747 5368; x_wconf 84' lang='lat' dir='ltr'><strong>pietate</strong></span> <span class='ocrx_word' id='word_1_676' title='bbox 757 5309 819 5351; x_wconf 87' lang='lat' dir='ltr'><strong>oon-</strong></span> <span class='ocrx_word' id='word_1_677' title='bbox 873 5289 1010 5371; x_wconf 88' lang='lat' dir='ltr'><strong>Quodque</strong></span> <span class='ocrx_word' id='word_1_678' title='bbox 1019 5283 1300 5369; x_wconf 83' lang='lat' dir='ltr'><strong>animadvertendum,</strong></span> <span class='ocrx_word' id='word_1_679' title='bbox 1313 5289 1359 5350; x_wconf 91' lang='lat' dir='ltr'><strong>hic</strong></span> <span class='ocrx_word' id='word_1_680' title='bbox 1371 5311 1438 5372; x_wconf 89' lang='lat' dir='ltr'><strong>pene</strong></span> <span class='ocrx_word' id='word_1_681' title='bbox 1447 5290 1513 5372; x_wconf 87' lang='lat' dir='ltr'><strong>ipsis</strong></span> <span class='ocrx_word' id='word_1_682' title='bbox 1526 5294 1616 5355; x_wconf 83' lang='lat' dir='ltr'><strong>verbis</strong></span> <span class='ocrx_word' id='word_1_683' title='bbox 1628 5285 1770 5409; x_wconf 64' lang='lat' dir='ltr'><strong>A&#39;iiij³⁸&#39;&#39;</strong></span> 
     </span>
    </p>
   </div>
   <div class='ocr_carea' id='block_1_4' title="bbox 13 4603 55 4651">
    <p class='ocr_par' dir='ltr' id='par_1_4' title="bbox 13 4603 55 4651">
     <span class='ocr_line' id='line_1_54' title="bbox 13 4603 55 4651; baseline -0.024 0"><span class='ocrx_word' id='word_1_684' title='bbox 13 4603 55 4651; x_wconf 71' lang='lat' dir='ltr'><strong>hh</strong></span> 
     </span>
    </p>
   </div>
   <div class='ocr_carea' id='block_1_5' title="bbox 0 0 1862 5970">
    <p class='ocr_par' dir='ltr' id='par_1_5' title="bbox 0 0 1862 5970">
     <span class='ocr_line' id='line_1_55' title="bbox 0 0 1862 5970; baseline 0 0"><span class='ocrx_word' id='word_1_685' title='bbox 0 0 1862 5970; x_wconf 95' lang='lat' dir='ltr'><strong> </strong></span> 
     </span>
    </p>
   </div>
  </div>
 </body>
</html>
