3714 5970
609 394 987 497 υιιπισλσιτσσιιισιε
1010 436 1260 489 canrsosrour.
1665 419 1710 516 57

140 555 317 629 Ἀντωνίνου,
340 559 474 637 ἐπιμίνων
497 564 532 641 τῇ
557 562 921 648 κατηγορίφ.’11αφωὶιῖύ
978 560 1076 641 gsriut.
1090 565 1194 623 Verum
1222 562 1352 644 patienter
1374 563 1444 623 seras
1472 583 1530 637 rue,
1551 563 1673 639 obsecro,
1687 578 1717 625 ut

142 647 272 722 Ἰωάννης
292 653 402 712 Παῦλον
416 650 824 740 τὸνἩραειλαίιιςίίδάκκι-γδρ
840 676 922 719 σπου·
975 653 1041 715 irinc
1064 677 1171 733 qnoque
1192 655 1304 717 Joannis
1323 653 1533 714 moderationem
1556 655 1715 726 admireris,

113 778 119 791 ·
143 743 232 810 δάζειν
255 746 294 822 τῷ
309 742 489 826 Ἀντωνίνιρ),
505 745 539 805 ἵν’
559 750 597 817 είς
615 744 706 828 φιλίαν
726 745 820 816 αύτούς
840 771 921 823 αιινω
975 746 1022 825 qui
1051 747 1142 807 sedato
1164 749 1271 807 interim
1293 748 1366 821 zelo,
1383 747 1454 808 dixit
1475 748 1717 810 EusebiorEuse-

143 837 224 914 λύσῃ.
242 836 299 896 Καὶ
323 836 440 906 ἀναστὰς
461 840 581 911 εἰσῆλθεν
600 839 700 914 elaris
716 840 861 913 ἐκκλησίαν
874 840 920 902 σὺν
975 838 1005 898 bi
1019 840 1114 915 irater,
1126 840 1254 919 quoniam
1274 862 1344 920 saepe
1361 841 1393 900 lit
1412 854 1443 901 nt
1459 843 1640 902 accusationes
1657 864 1717 922 quae

144 937 198 993 τοῖς
209 929 377 997 ἐπισκόποις·
391 921 489 1011 ἦν’γίιρ
503 931 593 1012 καιρὸς
604 936 652 1003 τῆς
663 932 805 1014 ίερστείας·
818 932 877 1000 δοὺς
892 931 919 992 δὲ
976 930 1046 990 liunt
1063 954 1079 991 a
1100 932 1301 1012 perturbatione
1318 932 1419 1008 animi,
1433 933 1526 993 faciles
1546 934 1717 1015 probationes

147 1024 184 1093 τῷ
196 1022 256 1102 λαῷ
273 1021 324 1094 τήν
339 1022 439 1095 συνήθη
453 1026 502 1095 τῆς
521 1023 627 1104 εἰρήνης
646 1025 840 1107 προσηγορίαν,
854 1025 918 1085 ἐκά-
976 1045 1029 1083 non
1042 1024 1176 1099 babeant,
1198 1025 1297 1084 sinete
1316 1026 1444 1097 exorari,
1462 1039 1492 1083 ut
1506 1046 1590 1085 cesses
1604 1027 1716 1086 Antoni-

148 1119 202 1172 θισε
232 1112 282 1173 σύν
301 1124 358 1182 τοῖς
381 1119 483 1183 λοιποῖς
504 1115 666 1184 ἐπισκόποις.
685 1116 865 1177 Ἔπεισελθὼν
891 1117 919 1176 δὲ
937 1128 956 1177 Β
974 1137 1041 1176 num
1053 1119 1162 1176 fratrem
1175 1117 1276 1197 scripto
1294 1137 1437 1188 accusare,
1454 1116 1532 1176 nobis
1545 1139 1639 1178 causas
1653 1139 1717 1178 mo-

148 1206 293 1278 λιληθάτως
303 1211 320 1265 ὁ
330 1207 478 1290 κατήγορος
492 1207 619 1275 Εθσίύιος
630 1209 673 1270 ἐπὶ
687 1209 785 1276 παντὸς
796 1217 843 1270 τοῦ
854 1213 919 1269 λαοῦ
973 1208 1057 1268 lestiae
1077 1207 1282 1287 corrigentibus.
1304 1208 1347 1267 Ad
1363 1208 1422 1267 brec
1441 1211 1482 1267 ira
1496 1229 1639 1281 accensus,
1659 1210 1716 1268 du-

150 1298 264 1357 κελτῶν
287 1299 443 1359 ἐπισκόπων
467 1298 620 1359 ἐπιδίδωσιν
631 1300 728 1380 ,ίτερον
742 1301 864 1363 λίύελλον
884 1301 919 1362 rb
973 1302 1092 1362 rioribus
1114 1322 1179 1360 usus
1204 1315 1243 1360 est
1262 1301 1374 1378 verbis,
1399 1299 1527 1360 adversus
1550 1300 1717 1363 Antoninum

153 1388 462 1472 αθτὰπεριίχοντα,δρκ
487 1414 524 1450 ων
538 1391 582 1450 τὸν
596 1391 723 1464 Ἰωάννην
742 1392 836 1474 ὅρκους
858 1418 918 1474 φρι-
973 1408 1084 1454 totusse
1092 1395 1215 1464 ellerens,
1229 1406 1254 1451 et
1264 1393 1290 1452 in
1302 1391 1469 1469 accusatione
1479 1393 1631 1474 persistens.
1644 1392 1715 1473 ller-

154 1480 233 1554 ττοδς,
243 1483 398 1560 συμπλίξας
416 1487 505 1551 αὐτοῖς
522 1485 568 1544 καί
581 1484 630 1557 τήν
643 1487 777 1566 σωτηρίαν
793 1491 847 1547 τῶν
865 1491 918 1566 βα·
973 1498 1046 1545 tatur
1056 1488 1171 1548 Joannes
1183 1485 1309 1555 Paulum,
1324 1485 1480 1567 episcopum
1492 1483 1646 1561 H'eracleae(
1653 1507 1717 1553 nam

157 1574 255 1648 πλέων,
268 1574 338 1652 μετὰ
351 1577 452 1646 πολλῆς
466 1582 595 1658 ταραχῆς·
607 1581 642 1645 ὣς
651 1579 760 1655 νομίσαι
769 1575 829 1646 τούς
840 1577 918 1647 λαούς
972 1577 995 1638 is
1007 1578 1140 1638 Antonino
1152 1579 1240 1638 lavere
1249 1577 1421 1653 videbatur),
1435 1592 1464 1636 ut
1475 1599 1519 1638 eos
1530 1578 1556 1636 in
1568 1577 1723 1667 amieitign·

157 1666 352 1740 διιπταηθίντας
368 1668 412 1728 ἐπὶ
423 1672 462 1749 τῷ
480 1671 581 1751 ἰταμῷ,
596 1667 637 1729 δτι
649 1671 762 1731 θανάτου
773 1671 917 1754 συγχύρη-
972 1672 1153 1753 οοιιιμεΙΙσι·οι.
1168 1674 1353 1751 surgensque,
1367 1671 1504 1731 ecclesiam
1516 1670 1653 1750 ingressus
1663 1684 1714 1748 est,

158 1780 191 1816 σιν
203 1761 354 1838 παρακαλεῖ
369 1763 478 1831 αἰτήσαι
493 1762 665 1841 τὸνβασιλέα
679 1764 724 1822 τὸν
734 1762 870 1835 Ἰωάννην.
882 1764 917 1825 Ὁ
973 1785 1025 1824 una
1040 1757 1102 1824 cnm
1120 1765 1269 1846 episcopis;
1285 1777 1342 1823 erat
1361 1764 1433 1823 enim
1445 1762 1573 1824 sacrificii
1587 1778 1713 1846 tempus:

161 1849 314 1923 δίἸωάννης
326 1852 489 1932 θεασάμενος
502 1853 551 1925 τήν
566 1853 687 1914 ἔνστασιν
701 1862 747 1915 τοῦ
766 1857 872 1935 ἀνδρὸς,
886 1856 917 1917 ab
970 1876 1116 1936 pacemque
1130 1857 1232 1939 populo
1251 1879 1287 1916 ex
1304 1878 1379 1917 more
1398 1869 1540 1936 precatus,
1563 1856 1634 1917 sedit
1652 1877 1715 1917 enm

162 1941 282 2024 ῖτιίραχσν
297 1930 487 2028 μνύιμενοςτίξι
505 1947 573 2027 λαῷ,
584 1946 688 2016 ἐδέξατο
700 1947 731 2006 τὸ
745 1946 858 2025 βιύλίον,
870 1948 916 2008 καί
969 1947 1081 2027 reliquis
1094 1948 1236 2030 episcopis.
1257 1949 1334 2008 Clam
1347 1962 1437 2007 autem
1456 1946 1647 2027 subingressus
1666 1970 1712 2008 ae-

164 2034 254 2111 μιθτίι
265 2037 526 2117 ἐνσγνύναματατῶν
536 2036 612 2097 θείων
621 2038 716 2117 λογίων
727 2039 917 2120 παρακαλέσας
934 2060 953 2109 c
970 2054 1077 2100 cusator
1090 2041 1243 2115 Eusebius,
1259 2062 1348 2100 coram
1363 2040 1437 2100 omni
1452 2041 1553 2121 populo
1567 2054 1592 2100 et
1606 2041 1712 2122 episco-

164 2126 296 2208 ίίσνσίφιον
310 2129 355 2189 τὸν
373 2130 506 2204 Πισσίδης
522 2140 683 2212 προαγαγεῖν
693 2131 728 2192 τά
738 2131 827 2211 δῶρα,
838 2133 916 2201 αὐτὸς
969 2131 1012 2212 pis
1027 2131 1150 2191 libellum
1164 2132 1248 2191 alium
1260 2133 1338 2191 olfert
1348 2131 1442 2192 eadem
1456 2131 1634 2192 continentem
1646 2155 1653 2189 r
1663 2131 1714 2191 ad·

164 2219 297 2290 σσιιίηλθεν
318 2230 375 2290 τοῖς
392 2225 496 2289 λοιποῖς
517 2222 845 2304 ἐπισκόποις·παρῃτιῖτο
863 2224 915 2304 γδιρ
966 2223 1062 2303 jurans
1083 2226 1213 2285 loannem
1237 2224 1380 2283 horrendis
1400 2225 1580 2305 juramentis,
1613 2224 1712 2303 quibus

165 2309 271 2378 ίτιθίίως
290 2313 452 2393 ἱερατεύειν,
466 2312 578 2374 κατλτδ
596 2315 759 2394 εύαγγίλιον,
774 2316 816 2390 eb,
829 2316 915 2377 Ὅταν
969 2314 1082 2377 saluum
1091 2336 1200 2394 quoque
1210 2317 1405 2396 imperatorum
1416 2316 1571 2395 complexus
1581 2329 1630 2390 est,
1642 2316 1714 2375 mul·

165 2402 294 2482 ιμσφίρης
306 2405 338 2465 rb
351 2404 435 2488 δῶρόν
447 2429 504 2478 σου,
512 2407 557 2468 καί
568 2408 603 2467 τδ
614 2407 684 2480 ἑξῆς.
698 2407 752 2467 Καὶ
765 2409 915 2490 διασκεψά-
969 2419 997 2467 ta
1018 2428 1080 2466 cnm
1096 2407 1299 2489 perturbatione
1319 2431 1326 2464 r
1347 2421 1378 2466 ut
1398 2420 1521 2488 putarent
1541 2407 1637 2489 populi
1653 2409 1713 2489 ejus

113 2488 119 2501 '
168 2497 301 2572 μιοςμιτίι
316 2496 367 2570 τήν
380 2500 448 2559 λαοῦ
463 2500 754 2574 άπολυσιν,καθεσθελς
770 2503 797 2559 ἐν
811 2505 850 2581 τῷ
861 2526 915 2582 φω-
969 2499 1151 2581 imprudentia
1166 2502 1320 2583 perterriti,
1337 2521 1398 2559 eum
1411 2521 1427 2559 a
1441 2502 1663 2580 Joanuepetere,
1680 2512 1713 2561 nt

168 2587 270 2668 τιστηρίιμ
286 2589 333 2650 σὺν
347 2602 402 2660 τοῖς
416 2596 518 2661 λοιποῖς
532 2592 696 2665 interdatur,
707 2594 752 2655 τδν
768 2594 914 2675 κατήγορον
969 2594 1053 2652 vitam
1077 2594 1130 2653 sibi
1153 2595 1188 2653 ab
1214 2597 1377 2676 imperatore
1404 2594 1568 2675 impetraret.
1596 2597 1712 2657 loannes
1730 2652 1733 2657 ,
1748 2586 1799 2681 ⁵³1„

168 2683 348 2758 ιρισιαλεῖται,
358 2684 446 2764 φήσας
457 2689 529 2766 αύτῷ
540 2686 583 2746 ἐπὶ
593 2686 709 2746 πάντων·
723 2686 769 2746 καί
781 2686 861 2746 πάλιν
873 2711 914 2748 σοι
969 2705 1050 2756 vero,
1076 2685 1191 2745 utvidit
1206 2684 1360 2746 instantiam
1374 2684 1509 2759 bominis',
1531 2683 1641 2746 studens
1655 2686 1712 2746 im·
1728 2716 1732 2725 ·

120 2772 154 2822 lli.
169 2769 191 2828 τί
201 2772 259 2832 oiri
271 2774 358 2854 λέγω,
369 2775 412 2836 δτι
431 2776 525 2836 πολλοὶ
541 2776 594 2836 α’πδ
607 2775 692 2850 λύπης
708 2776 725 2850 ἢ
738 2781 817 2858 ὀργῆς
828 2767 914 2838 πολλὰ
968 2777 1162 2857 perturbatum
1176 2792 1263 2838 tenere
1278 2779 1424 2859 populum,
1444 2767 1567 2837 libellum
1588 2780 1709 2860 recepit,

170 2862 361 2943 ιιίλεγοισικαὶ
373 2868 533 2950 γράφωσιν,
546 2873 696 2937 άτονοῦντες
710 2873 771 2950 περὶ
787 2872 834 2941 τίς
846 2877 914 2932 ἀπο-
931 2902 951 2948 γ)
968 2864 1097 2949 lectisque
1118 2870 1219 2930 divinis
1240 2871 1353 2949 eloquiis
1381 2871 1575 2952 Pansopbium,
1599 2872 1711 2932 Pissidre

170 2954 244 3022 θιῖεις.
259 2959 294 3017 El
308 2958 396 3019 τοίνυν
417 2964 507 3039 σαφῶς
523 2961 679 3036 ἐπίστασαι,
693 2962 755 3043 περὶ
768 2954 805 3021 ὧν
826 2965 914 3043 βούλει
969 2960 1141 3042 episcopum,
1155 2975 1214 3020 orat
1224 2976 1255 3020 ut
1266 2962 1360 3021 divina
1373 2961 1443 3021 dona
1456 2963 1551 3021 ollerat
1563 2987 1569 3019 :
1583 2963 1712 3043 ipserum

170 3060 299 3129 ιιτςγορεῖν
312 3052 389 3124 (οὔτε
408 3052 460 3132 γὰρ
480 3054 623 3131 δυνάμενον
648 3055 838 3134 ἀπωθούμεθα,
856 3058 913 3118 ούτε
970 3053 1082 3132 reliquis
1096 3054 1228 3134 episcopis
1239 3074 1359 3134 egressus
1373 3070 1420 3114 est.
1435 3039 1549 3114 Nolebat
1563 3057 1633 3114 enim
1647 3057 1712 3116 ani·
1754 3086 1758 3099 =

170 3137 194 3212 μὴ
206 3142 339 3222 δυνάμενον
354 3144 500 3223 ἵλκομεν),
514 3148 575 3224 πρὶν
597 3149 799 3225 ἀναγνωσθῆναι
811 3150 857 3210 τὸν
870 3150 914 3210 λί-
969 3166 1015 3205 mo
1025 3146 1135 3206 turbido
1153 3147 1315 3207 sacrificium
1329 3148 1429 3222 lacere,
1443 3149 1486 3207 bis
1499 3148 1644 3229 Evangelii
1657 3150 1711 3209 ob·

169 3232 254 3312 ύιλλσν,
268 3237 373 3307 ἔκλεξαι
385 3237 417 3297 τὸ
437 3238 581 3318 συμφέρον·
593 3239 725 3320 μετὰιγδιρ
739 3241 771 3299 τδ
792 3246 914 3320 ἀναγνω-
969 3249 1141 3318 temperans:
1158 3240 1283 3316 Quando
1296 3240 1388 3319 offers
1402 3260 1507 3300 munus
1521 3253 1613 3314 tunm,
1628 3255 1654 3300 et
1666 3263 1710 3302 re·
1721 3257 1806 3303 Μαιιιι.
1837 3251 1852 3300 5

168 3329 238 3397 σθῆναι
258 3331 303 3388 ml
327 3332 365 3397 εἰς
389 3330 590 3397 &pigerrimo
613 3335 710 3407 ἐλθεῖν,
724 3334 913 3415 πραττομένων
970 3324 1054 3404 liqna.
1079 3324 1115 3386 Et
1137 3340 1198 3406 post
1213 3327 1398 3386 dimissionem
1421 3327 1515 3408 populi
1539 3328 1711 3390 considerans
1720 3326 1759 3373 ²³·

168 3414 359 3494 θιιμνημσίτων,
375 3416 464 3478 οὐκέτι
486 3443 528 3479 σοι
551 3418 668 3494 ἔξεστιν,
682 3422 821 3504 ἐπισκόπῳ
838 3423 911 3494 ὄντι,
968 3415 1041 3498 apud
1063 3440 1111 3493 se,
1133 3433 1159 3478 et
1183 3417 1277 3477 sedens
1298 3419 1324 3478 in
1345 3420 1580 3499 baptisteriorum
1599 3421 1711 3500 reliquis

167 3506 231 3575 ίιτεῖν
247 3509 433 3582 seminatore.
448 3509 513 3570 ’Eat
527 3513 626 3580 τούτοις
647 3513 727 3573 πάλιν
749 3515 865 3592 ἐνέμεινε
880 3521 913 3597 τῇ
969 3510 1101 3592 episeopis
1108 3557 1118 3584 ,
1134 3525 1316 3570 accusatorem
1329 3532 1419 3570 coram
1434 3512 1560 3571 omnibus
1572 3512 1710 3591 advocat,

165 3599 272 3661 ίιοτίσει.
286 3601 358 3680 Πρὸς
376 3594 414 3669 οἷς
432 3605 580 3666 κελεύουσιν
600 3608 799 3687 ἀναγνωσθῆναι
819 3610 850 3667 τὸ
873 3613 913 3688 βι-
966 3606 1059 3669 dicens
1079 3606 1103 3666 ei
1114 3608 1240 3666 :Rursus
1254 3604 1349 3665 eadem
1362 3605 1412 3664 tibi
1433 3605 1513 3681 dico,
1533 3607 1607 3685 quod
1629 3608 1711 3672 multl

163 3689 231 3751 ύλίον·
244 3695 396 3774 ἀνεγνώσθη
409 3696 443 3756 τὰ
458 3693 638 3777 προειρημένα
651 3702 793 3780 κεφάλαια.
809 3701 913 3782 Λίγου-
968 3721 1081 3760 moerore
1093 3700 1136 3760 vel
1148 3700 1188 3759 ira
1205 3699 1352 3780 compulsi,
1366 3699 1450 3759 multa
1464 3712 1489 3759 et
1500 3698 1595 3760 dieunt
1607 3715 1632 3761 et
1643 3703 1711 3762 scri·

161 3789 224 3844 σινοὶ
240 3786 361 3865 γέροντες
373 3793 426 3848 τῶν
445 3790 598 3849 ἐπισκόπων
616 3795 655 3874 τῷ
670 3790 791 3875 Ἰωάννη,
806 3793 819 3818 *
832 3797 913 3854 ἀκού·
931 3813 950 3859 E
967 3792 1054 3868 bunt,
1068 3814 1128 3872 quae
1142 3793 1256 3874 probare
1270 3813 1323 3852 non
1336 3807 1457 3872 possunt.
1480 3793 1510 3852 Si
1524 3793 1608 3873 igitur
1620 3795 1709 3855 nrani-

161 3898 235 3947 σαντες
247 3880 295 3953 τήν
308 3879 417 3959 δύναμιν
430 3888 477 3941 τοῦ
498 3883 611 3961 βιύλίου·
623 3887 646 3943 εἰ
660 3885 706 3944 καὶ
720 3886 874 3961 ταμάλιστα
886 3888 912 3947 ἓν
967 3887 1032 3946 leste
1044 3908 1074 3946 ea
1090 3886 1179 3967 nosti,
1195 3886 1340 3964 dequibus
1355 3886 1434 3945 illum
1446 3888 1628 3963 accusareris
1640 3894 1709 3965 (ne-

159 3975 195 4028 ιοῖ
208 3973 261 4038 ἑνὸς
280 3974 424 4051 κεφαλαίου
439 3964 564 4042 δυσσεύίς
577 3981 649 4046 ἐστι,
664 3978 708 4037 καί
726 3980 914 4058 άπηγορευμί-
969 4002 1021 4060 quc
1034 3980 1105 4050 enirn
1119 3981 1142 4039 si
1157 3979 1261 4061 possis,
1274 3979 1430 4059 repellimus
1436 4002 1445 4055 γ
1466 4001 1550 4058 neque
1562 3981 1707 4060 trahimus,

159 4081 191 4119 ιον
204 4063 367 4144 πανταχόθεν
377 4075 431 4134 τοῖς
445 4071 524 4148 ἱεροῖς
533 4068 632 4146 νόμοις,
646 4067 690 4128 ίνα
704 4069 731 4130 δὲ
745 4069 782 4148 μή
798 4072 913 4152 δόξωμεν
968 4074 991 4133 si
1006 4094 1057 4131 non
1072 4072 1195 4154 possis),
1211 4089 1355 4151 antequam
1375 4072 1481 4151 legatur
1493 4072 1621 4148 libellus,
1639 4074 1709 4155 elige

158 4154 238 4222 ἐντοῖς
251 4157 462 4232 ’ὕποθεύληκύσι
475 4160 523 4232 τήν
540 4161 646 4222 ἅπασαν
660 4164 758 4244 σχολήν
770 4171 913 4233 ποιεῖσθαι,
968 4165 1163 4246 quoderpedit
1175 4179 1336 4246 :postquam
1350 4164 1420 4223 enim
1435 4164 1519 4223 lectus
1532 4165 1622 4238 suerit,
1639 4181 1665 4226 et
1678 4168 1706 4228 in

157 4247 200 4304 dri
216 4256 262 4309 τοῦ
283 4253 492 4331 φρικωδεστίρου
509 4253 790 4334 ἡέξίτασιςγένηται.
807 4260 841 4317 Et
861 4258 912 4338 γὰρ
967 4260 1181 4335 οιιιεσοιιιιιὶιιιιι
1195 4258 1317 4329 venerit,
1335 4257 1461 4317 consectis
1474 4258 1557 4326 actis,
1573 4278 1626 4318 non
1644 4283 1732 4320 am--
1827 4323 1832 4333 ,

155 4338 226 4401 ίειῐνο
248 4343 344 4416 ἀληθὲς
367 4345 499 4422 εὑρεθείη,
514 4348 562 4405 οὐκ
585 4347 655 4406 ἔστιν
678 4348 831 4429 ἀντίρρησις
852 4351 913 4430 περὶ
966 4351 1039 4431 plius
1053 4350 1160 4422 licebit,
1175 4372 1236 4411 cum
1249 4350 1286 4409 sis
1299 4349 1455 4430 episcopus,
1471 4350 1647 4411 abolitionem
1659 4375 1708 4434 pe-

154 4436 198 4491 riri
207 4436 307 4493 λοιπῶν
326 4435 491 4516 κεφαλαίων,
505 4443 552 4509 τῆς
567 4438 639 4518 ῥίζης
655 4441 753 4501 ἐκείνου
767 4447 814 4499 τοῦ
828 4466 913 4522 κεφα·
966 4456 1031 4504 tere.
1053 4445 1117 4503 Post
1134 4443 1191 4502 baec
1213 4463 1306 4500 rursus
1320 4440 1366 4499 ille
1384 4441 1412 4499 in
1427 4441 1563 4522 proposito
1576 4444 1706 4523 persistit.

154 4523 218 4584 λείαι
229 4536 283 4584 πᾶν
295 4517 364 4594 εἶδος
379 4527 473 4596 κακίας
492 4530 725 4611 καρποφορούσης,
736 4532 805 4607 κατὰ
819 4534 863 4593 τδν
875 4538 911 4593 εἰ·
938 4554 940 4559 ’
966 4539 1039 4597 Tum
1049 4538 1146 4618 jubent
1165 4534 1218 4614 legi
1233 4533 1356 4593 libellum
1372 4556 1379 4591 r
1397 4533 1518 4613 lectaque
1531 4550 1594 4594 saint
1607 4558 1706 4618 supra·

154 4615 325 4686 πύντα·Ῥίζα
340 4618 448 4679 πάντων
468 4625 558 4680 κακῶν
576 4625 862 4706 ἐστινήφιλαργυρία.
877 4625 912 4686 ‘O
937 4679 943 4683 .
966 4629 1038 4690 dicta
1060 4629 1158 4711 capita.
1184 4628 1286 4686 Dicunt
1307 4625 1423 4686 seniores
1444 4628 1562 4708 episcopi
1582 4631 1703 4706 loanni,

155 4704 197 4783 γδρ
208 4710 246 4766 ἐπ’
258 4708 352 4789 ἀθῴοις
366 4712 607 4791 inpetrassent
621 4714 669 4783 τήν
681 4721 727 4774 τοῦ
740 4716 820 4795 ἁγίου·
829 4717 913 4776 Πνεύ-
931 4754 949 4801 F
966 4719 1058 4780 audito
1076 4735 1167 4779 tenore
1187 4718 1274 4778 libelli
1288 4745 1294 4776 :
1309 4717 1368 4778 Etsi
1389 4719 1599 4799 unumquodque
1615 4721 1708 4783 unius·

113 4798 137 4848 ⁵⁰·
158 4820 227 4871 imos
239 4801 365 4880 διανομήν
380 4804 497 4884 ἀργυρίῳ
514 4808 705 4884 ἀπεμπολῆσαι
718 4809 912 4886 νομίσας,πῶς
967 4811 1097 4890 cujusque
1118 4809 1215 4889 eapitis
1239 4807 1357 4866 maxime
1374 4807 1490 4886 impium
1509 4821 1549 4867 est
1568 4823 1593 4868 et
1617 4810 1706 4869 unde-

159 4886 261 4962 φιίσεται
270 4889 308 4949 ἔτι
321 4893 467 4970 κειμηλίων
482 4891 500 4966 ἢ
515 4895 596 4955 λίθων
610 4895 627 4968 ἢ
640 4897 746 4978 χωρίων
759 4903 807 4970 τῆς
817 4903 912 4974 ἐκκλη·
965 4920 1072 4977 quaque
1085 4898 1168 4958 sacris
1182 4897 1289 4978 legibus
1302 4894 1475 4958 interdictum
1486 4942 1497 4975 ,
1515 4918 1548 4956 ne
1561 4897 1706 4960 videamur

162 4979 222 5051 sim
231 4982 296 5042 Τότε
308 4988 323 5042 ὁ
337 4985 462 5058 ’Ἰωάννης
476 4988 587 5069 ἄρχεται
599 4994 647 5063 τῆς
659 4990 814 5066 ἐξετάσεως,
825 4993 911 5072 φήσας
963 4997 992 5056 in
1006 4997 1050 5056 his
1066 5017 1127 5076 quer
1142 4996 1245 5058 leviora
1260 5010 1324 5056 sunt
1338 5010 1443 5077 tempus
1455 5017 1535 5056 omne
1547 4994 1701 5069 insumere,

193 5183 202 5204 ⁸
218 5179 271 5249 {Sic
281 5199 347 5239 recte
360 5187 427 5243 Cod.
437 5201 463 5240 et
474 5190 764 5259 Georgiusllaegebetur
775 5200 894 5251 ἀκούσατε.
981 5213 992 5240 ¹
1011 5197 1080 5250 Fors·
1091 5202 1245 5258 ύιισύτύηκθσι·
1257 5198 1340 5266 Βῑὸθῑ·

168 5261 192 5310 u
202 5279 250 5314 σιοι
263 5264 325 5318 Cod.
342 5277 472 5342 κεφάλαιον.
481 5271 626 5328 Genirirum
638 5270 715 5325 babet
726 5274 871 5343 Georgius]
899 5340 914 5365 ι
