3714 5970
822 406 1008 457 nummo.
1670 408 1711 466 ll

144 529 256 588 sostomr'
263 571 275 606 ,
291 525 535 607 quosnominatim
543 526 602 610 ipse
610 542 820 608 commemorat,
832 550 885 590 non
894 551 988 592 ornnes
1000 544 1084 591 totam
1098 529 1286 613 chrysostomi
1299 532 1383 595 vitam
1393 532 1607 615 dcsoripsemnt,
1619 532 1667 596 scd
1675 554 1712 597 ex

144 621 190 681 illis
199 619 322 703 plurimi
335 621 468 682 nonnulla
481 635 587 682 tantum
600 620 732 684 advitam
743 622 931 706 Chrysostomi
943 624 1104 707 pertinentia
1114 627 1239 688 retulere.
1257 628 1397 689 Visionem
1407 641 1497 687 autem
1509 627 1584 687 illam
1591 627 1690 709 Cyrilli
1696 673 1708 703 ,
1797 704 1804 713 N

144 715 234 795 dcqna
250 739 338 799 supra
349 719 473 799 loquitur
483 721 652 801 Antinymus,
666 719 694 778 in
708 719 788 780 Notis
802 720 858 780 suis
870 720 949 782 affert
960 720 1081 782 Sarilius
1089 735 1191 801 ,atque
1204 722 1243 783 ita
1256 723 1371 784 ridicula
1385 723 1444 785 risa
1456 723 1508 782 suit
1517 723 1708 800 Tillcmontio,

144 825 211 870 utne
226 832 383 873 memorare
396 812 510 891 quidem
523 812 600 872 illam
615 812 742 893 diguatus
756 811 801 873 sit.
1719 869 1760 911 sn
1762 868 1787 913 tt
1802 877 1819 912 ι
1836 866 1850 915 8

176 906 215 964 De
227 906 354 986 Georgio
375 905 563 967 Alexandrino
575 918 601 966 et
614 904 649 965 de
662 905 752 965 tribus
766 906 944 985 sequentibus
957 908 1021 970 vitan
1040 909 1228 991 chrysostomi
1250 909 1442 1015 scriptoribus,
1458 933 1472 970 a
1491 909 1596 972 Savilio
1614 910 1710 970 Grmce
1720 945 1743 989 9
1759 929 1814 991 964

145 999 216 1104 cusis,
232 998 264 1057 in
277 1000 412 1059 Latinum
422 999 571 1076 vertendis,
584 998 653 1060 etin
667 998 721 1059 hoc
733 1001 966 1079 postremo-'bomo
978 1001 1150 1109 publicandis
1159 1001 1265 1084 pridem
1280 1003 1474 1083 cogitaveram
1483 1005 1538 1065 imo
1548 1023 1612 1064 vcro
1625 1003 1710 1063 Geor

144 1094 210 1172 ginm
223 1094 328 1154 Latine
341 1109 497 1155 convertere
510 1115 661 1177 coeperam·
654 1137 661 1152 .
674 1094 723 1155 sed
739 1095 787 1155 ubi
801 1109 842 1155 tot
854 1096 1035 1176 quisquilias
1026 1097 1136 1174 mveni,
1148 1112 1212 1157 tunc
1225 1098 1352 1180 poenituit
1365 1100 1494 1179 ooepisse,
1510 1114 1536 1159 et
1549 1097 1630 1158 libuit
1638 1095 1710 1156 desi·

144 1201 216 1263 stete,
226 1209 262 1248 ac
275 1189 396 1249 Leonem
407 1190 621 1270 Imperatorem,
632 1191 807 1269 Anonymum
816 1203 842 1249 et
853 1189 1054 1270 Metapbrasten
1064 1235 1073 1265 ‚
1084 1191 1133 1270 qui
1154 1212 1189 1250 ex
1202 1191 1316 1271 Georgii
1330 1191 1443 1251 faecibus
1456 1192 1616 1265 hauserant,
1629 1189 1710 1250 simi-

143 1282 194 1341 liter
207 1282 373 1342 amandare.
385 1285 458 1344 Nam
472 1280 642 1342 cumborum
661 1281 723 1341 vita
743 1280 931 1362 Chrysostomi
953 1281 1119 1364 scriptorum
1137 1305 1218 1364 opera
1234 1283 1382 1344 admodum
1402 1285 1510 1365 prolixa
1525 1284 1596 1360 sint,
1614 1281 1710 1343 Latine

144 1396 264 1435 contusa
279 1397 335 1436 non
350 1376 501 1456 potuissent
514 1376 543 1436 in
555 1375 607 1435 boc
619 1388 754 1455 postremo
762 1375 851 1435 Tomo
869 1373 1010 1450 contineri,
1023 1389 1049 1435 et
1065 1377 1227 1456 oportuisset
1239 1376 1326 1435 alium
1344 1375 1475 1437 adornare
1485 1392 1605 1453 tomum;
1626 1375 1708 1454 idque

144 1469 210 1528 nubo
220 1470 337 1546 fructu,
353 1491 417 1530 cum
429 1467 562 1528 advitam
575 1467 781 1548 Chrysostomi,
795 1481 824 1527 ut
838 1468 961 1548 superius
971 1466 1075 1527 dictum
1093 1483 1148 1547 est,
1164 1468 1233 1528 nibil
1247 1468 1350 1550 possint
1364 1470 1460 1530 afferre
1473 1469 1612 1529 momenti.
1629 1470 1707 1543 Qua·

144 1577 245 1643 propter
253 1563 302 1624 bis
311 1563 429 1638 omissis,
436 1585 452 1624 a
460 1564 527 1627 Vita
536 1563 725 1646 chrysostomi
736 1585 785 1645 per
796 1563 959 1641 Palladium,
971 1564 1164 1646 Helenopoleos
1174 1565 1331 1647 episcopum
1336 1580 1362 1626 et
1373 1566 1565 1647 Chrysostomo
1572 1584 1706 1635 coaevum,

144 1657 317 1737 incipiemus:
332 1658 382 1736 qui
396 1655 586 1738 Chrysostomi
597 1670 685 1738 partes
699 1669 830 1736 sectatus,
841 1657 927 1717 multa
942 1657 1050 1734 retulit,
1066 1679 1126 1737 quae
1141 1658 1199 1740 ipse
1210 1659 1315 1719 viderat
1324 1673 1350 1719 et
1360 1681 1478 1739 quorum
1492 1679 1599 1720 consors
1608 1658 1707 1717 luerat.

145 1749 239 1810 Deinde
251 1771 321 1811 vcro
335 1750 433 1813 Vitam
444 1750 475 1812 S.
489 1749 608 1813 doctoris
620 1769 798 1831 opponemus,
809 1771 844 1811 ex
857 1750 915 1831 ejus
929 1750 1048 1811 maxime
1064 1750 1174 1831 scriptis
1184 1764 1252 1811 etex
1265 1751 1319 1812 fide
1328 1751 1420 1834 dignis
1432 1752 1588 1813 auctoribus
1601 1772 1617 1810 a
1631 1750 1708 1811 nobis

148 1845 308 1909 adornatam.

148 2054 1700 2087 W

458 2275 528 2360 Db
553 2272 681 2364 VITA
706 2271 745 2359 S.
771 2271 1000 2360 JOANNIS
1025 2271 1405 2362 CHRYSOSTOMI

318 2527 375 2590 Ex
402 2527 572 2589 DLILOGO
593 2526 796 2589 fltstotttco
817 2526 994 2587 PALLADII
1022 2525 1320 2587 HELENOPOLEOS
1344 2526 1526 2602 EPISCOPI,

395 2747 549 2816 Qumttt
566 2747 672 2802 IIUJUS
689 2748 859 2802 postulent
877 2749 963 2802 rottt
981 2747 1155 2825 PRINCIPIO
1173 2747 1232 2799 Eut
1249 2747 1457 2801 ctJttAvnttts.

178 3212 256 3275 IIune
271 3212 435 3296 scriptorem
446 3214 542 3276 Graeee
554 3229 580 3276 et
593 3213 689 3274 Latine
699 3209 777 3294 prior
791 3208 878 3269 edidit
891 3209 935 3270 vir
961 3207 1134 3268 doctissimus
1155 3207 1297 3268 Emeeicns
1307 3208 1432 3289 bigotius
1444 3208 1547 3270 amicus
1557 3222 1656 3283 noster,
1663 3192 1713 3289 qui

148 3329 208 3368 anno
226 3307 313 3370 ¹689
322 3306 468 3368 defunctus
480 3318 532 3367 cst.
548 3308 577 3369 ls
594 3307 622 3367 in
636 3302 805 3366 Bibliotheca
824 3300 946 3362 Medicea
960 3321 995 3361 ex
1009 3300 1110 3360 Codice
1123 3300 1242 3379 quodam
1256 3301 1390 3383 hocopus
1403 3302 1563 3383 exscripsit,
1577 3314 1604 3362 et
1619 3300 1714 3361 Latine

147 3403 175 3462 ab
185 3424 212 3464 se
222 3415 354 3463 accurate
366 3421 526 3462 conversum
536 3399 652 3461 Lutetiae
663 3395 830 3459 Parisiorum
841 3393 885 3455 edi
899 3392 1008 3455 curavit
1021 3413 1091 3453 anno
1106 3391 1197 3454 t680.
1212 3393 1343 3475 Ejusdem
1358 3396 1446 3477 operis
1455 3397 1511 3478 jam
1523 3394 1572 3455 diu
1586 3393 1712 3456 Latinam

146 3501 293 3560 tersionem
306 3498 422 3575 lecerat,
436 3510 464 3559 et
476 3496 549 3580 typis
564 3494 686 3556 mandari
700 3504 841 3573 curaverat
862 3488 1021 3551 Ambrosius
1042 3487 1258 3550 camaldulensis
1274 3483 1409 3568 venetiis,
1426 3490 1488 3570 qui,
1501 3502 1532 3549 ut
1544 3491 1613 3550 inira
1632 3490 1713 3549 refert

145 3593 282 3675 bigotius,
296 3591 391 3655 codem
400 3577 461 3673 'qno
474 3593 531 3675 ipse
544 3592 643 3654 codiee
657 3612 741 3667 usus,
754 3609 808 3649 uon
819 3606 905 3669 pauca
919 3587 956 3647 de
970 3605 1023 3646 suo
1037 3585 1160 3646 addidit.
1170 3584 1216 3645 Ex
1226 3585 1277 3646 hae
1292 3584 1378 3666 igitur
1387 3585 1488 3666 bigotii
1500 3584 1626 3646 Editiouc
1640 3584 1710 3645 banc

145 3704 262 3751 nostram
276 3688 485 3750 adornavimus,

133 3800 138 3808 ·
181 3784 260 3845 Licet
269 3797 363 3844 antem
372 3782 420 3843 ille
430 3765 513 3863 quani
526 3781 725 3844 accuratissime
736 3792 840 3862 poterat
847 3778 918 3838 hanc
928 3774 1044 3837 Palladii
1056 3775 1198 3836 historiam
1210 3796 1245 3835 ex
1262 3775 1363 3838 Codice
1382 3774 1505 3836 Mediceo
1522 3775 1709 3856 exscripserit;

144 3878 229 3940 missae
249 3893 343 3940 tamen
357 3878 436 3938 nobis
449 3891 512 3938 sunt
525 3877 607 3939 varia
623 3875 751 3936 lectiones
767 3896 782 3934 a
796 3874 875 3933 docto
895 3871 954 3932 viro
972 3884 1106 3952 exceptas,
1130 3870 1179 3950 qui
1204 3870 1388 3930 Palladiuma
1404 3870 1513 3950 bigotio
1533 3891 1629 3930 cusum
1649 3892 1710 3931 cum

143 3973 234 4034 ωᾶιιιι
247 3972 375 4033 Μαίἰιιο
390 3969 492 4032 codice
506 3968 669 4031 contulerat:
689 3968 759 4028 inter
778 3988 822 4028 eas
844 3979 934 4026 autem
947 3964 1035 4024 varias
1048 3963 1176 4025 lectiones
1185 3963 1348 4043 ‚‚quaedam
1364 3962 1412 4023 sed
1424 3963 1612 4072 paucissima,
1626 3978 1708 4038 sunt,

143 4089 201 4147 qna
215 4069 331 4130 omnino
347 4086 484 4148 germanae
497 4080 606 4128 etverae
628 4064 771 4141 videntur,
788 4062 850 4122 licet
863 4083 927 4123 curn
948 4059 1088 4140 brgotuna
1100 4057 1229 4118 Edrttone
1248 4079 1302 4118 non
1314 4058 1494 4135 consentiant
1508 4073 1538 4120 ut
1552 4059 1579 4118 in
1592 4011 1708 4119 decursti

141 4161 222 4244 bujns
231 4161 377 4224 Editionis
387 4172 486 4221 nostrae
498 4155 692 4219 animadvertet
701 4154 824 4217 eruditus
834 4154 926 4215 lector.
940 4153 1027 4213 Nemo
1037 4152 1109 4212 enim
1123 4152 1299 4230 quantumvis
1318 4150 1413 4211 doctus
1414 4151 1611 4231 ,quantumvis
1623 4171 1709 4210 cocu·

142 4271 214 4318 ratus
225 4257 285 4336 sit,
299 4271 332 4317 ut
345 4270 405 4316 erat
415 4268 488 4316 certe
501 4255 539 4314 D
553 4252 695 4334 bigotius,
715 4251 773 4335 pari
796 4271 901 4361 semper
919 4248 1003 4308 animi
1019 4248 1168 4307 httentione
1183 4248 1223 4307 uti
1237 4259 1335 4330 potest
1359 4245 1501 4325 [Exstat
1492 4267 1521 4306 ιιι
1540 4230 1709 4306 bibliotheca

145 4352 225 4434 begin
232 4351 378 4437 exemplar
391 4347 530 4412 Falitionis
542 4349 647 4429 bigot,
661 4349 738 4430 cujus
762 4345 878 4427 margini
892 4343 1027 4426 inscripta
1041 4356 1105 4404 sunt
1116 4342 1243 4404 lectiones
1260 4341 1370 4404 codicis
1384 4341 1544 4402 nescimusa
1563 4362 1617 4420 quo
1630 4362 1659 4403 v
1675 4340 1706 4402 d.

144 4447 239 4510 iterum
251 4447 362 4511 collati:
376 4467 445 4527 quas
458 4445 608 4527 scripturas
619 4441 847 4527 deprehendimus
858 4441 942 4502 illas
933 4462 1005 4523 ipsas
1017 4461 1074 4501 esse
1086 4439 1120 4500 de
1133 4438 1235 4519 quibus
1246 4439 1395 4519 loquuntur
1407 4436 1585 4498 benedictini
1601 4441 1678 4516 ]

180 4545 257 4606 Illam
272 4565 338 4608 vero
351 4539 678 4622 Preiationisbigotianae
692 4553 807 4622 partem,
821 4560 882 4618 quae
893 4537 928 4598 ad
942 4538 1036 4600 Vitam
1050 4535 1237 4616 chrysostomi
1251 4556 1267 4595 a
1280 4532 1403 4597 Palladio
1414 4532 1572 4596 adornatam
1584 4546 1710 4618 spectat,
1728 4578 1747 4623 '-

147 4639 185 4699 bic
196 4637 386 4723 apponendam
400 4658 459 4698 csse
472 4632 643 4697 censuimus:
