3750 6052
784 546 900 594 sennia
929 544 1089 611 annnu.
1637 519 1706 594 285

149 669 319 750 τύτεὴσορέα
328 671 546 749 τῶνσοφῶν;ποῦ
556 669 589 728 τδι
599 667 700 747 μάταια
711 671 795 728 αὐτῶν
806 692 916 748 πανουρ·
968 666 1118 746 pientium?
1133 665 1182 724 ubi
1195 666 1285 725 inanes
1301 685 1394 725 eorum
1407 664 1485 726 doli?
1499 667 1561 739 Vae,
1583 684 1625 726 vae
1638 665 1708 733 illis!
1748 694 1752 702 ·

148 749 284 828 γεύματα;
299 748 443 822 οὖαλ,οῦαλ
457 751 554 821 αὐτοῖς,
570 748 914 829 ἕταράχθησαν,ἔσαλεύθη-
972 748 1092 804 Turbati
1109 747 1178 805 sient
1188 758 1217 803 et
1232 752 1365 804 commoti
1382 760 1449 805 sunt
1466 749 1542 805 sicut
1557 749 1664 820 ebrius,
1680 761 1708 806 et
1722 754 1788 797 psat.
1811 752 1863 798 ¹06·

149 853 198 888 σαν
209 832 270 896 aaa
285 828 397 906 μεθύων,
406 827 451 887 καλ
462 832 566 899 πθσαὴ
582 828 661 907 σορία
673 831 758 888 αὐτῶν
770 827 914 898 κατεπόθη.
969 831 1062 882 omnis
1077 825 1221 904 sapientia
1236 846 1334 883 eorum
1349 825 1491 885 devorata
1501 839 1555 885 est.
1575 828 1632 884 Uiri
1643 839 1708 884 tunc
1722 828 1759 877 ¹7·

151 911 209 967 Ποῦ
217 907 277 967 τότε
291 907 368 987 σορός
377 931 384 979 ;
394 912 445 967 ποῦ
452 907 512 966 τότε
525 907 711 988 γραμματεύς,
723 912 774 966 ποῦ
790 911 916 980 συνζητη·
967 907 1085 983 sapiens
1094 909 1116 960 i·
1134 907 1185 963 ubi
1196 907 1327 963 scriba?
1349 907 1400 962 ubi
1420 910 1598 989 conquisitor
1621 908 1708 986 liujus
1725 914 1744 943 ¹·
1755 899 1811 945 σθ’·
1824 910 1845 943 ¹·

150 989 197 1059 της
211 993 256 1046 τοῦ
265 990 358 1055 αἰῶνος
364 993 409 1046 τοῦ
423 987 535 1063 ματαίου
549 986 770 1066 τούτου;Ἀδελρέ
784 1011 843 1063 μου,
852 990 916 1046 ἀνα·
968 984 1030 1043 vani
1045 983 1164 1042 saeeuli?
1182 983 1225 1042 Mi
1239 983 1331 1054 irater,
1346 996 1435 1043 tecum
1441 999 1541 1065 reputa
1554 985 1646 1064 quales
1660 1006 1707 1044 nos
1722 973 1760 1008 ¹⁰⁸

150 1068 255 1145 λόγισαι
267 1064 400 1133 ποταποὺς
414 1069 452 1125 δεῖ
466 1067 593 1146 ὑπάρχειν
607 1071 692 1143 ἡμᾶς,
708 1067 826 1135 διδόντας
839 1067 871 1127 λ’
889 1090 916 1127 ον
968 1067 1025 1122 e'sse
1040 1075 1172 1143 oporteat,
1186 1060 1319 1121 rationem
1342 1061 1436 1123 dantes
1454 1086 1548 1123 eorum
1566 1087 1624 1142 quae
1638 1065 1707 1123 feci-

151 1147 212 1227 περὶ
226 1137 262 1203 ὧν
275 1145 439 1225 ἐπράξαμεν,
456 1145 507 1203 else
520 1145 642 1223 μεγάλων
658 1146 711 1205 είτε
729 1150 849 1225 μικρῶν’
881 1170 917 1212 ως
936 1159 953 1205 F
971 1164 1039 1211 mus,
1053 1142 1111 1202 sive
1124 1161 1231 1221 magna,
1245 1142 1303 1201 sive
1316 1162 1417 1222 parva:
1433 1165 1495 1203 nam
1512 1145 1563 1204 vel.
1572 1145 1607 1204 de
1624 1145 1709 1204 otioso

152 1227 203 1304 γάρ
218 1230 298 1303 ἀργοῦ
309 1226 387 1305 λόγου
403 1228 485 1286 ἀπολο
505 1225 546 1283 ίαν
560 1227 681 1302 διδοῦμεν
696 1229 734 1304 τῷ
749 1227 844 1306 δικαίῳ
858 1241 916 1305 κρι·
969 1221 1193 1282 verberationem
1209 1219 1299 1281 daturi
1313 1243 1406 1280 sumus
1420 1243 1509 1282 coram
1517 1225 1592 1303 justo
1604 1225 1708 1285 ludier.

153 1311 202 1383 τῇ·
219 1303 357 1373 Ποταποὺς
368 1295 412 1364 σύν
425 1305 463 1364 δεῖ
481 1248 628 1382 ελναιὴμᾶς
644 1308 670 1364 ἐν
687 1309 720 1384 τῇ
735 1304 792 1387 ὥρᾳ
805 1305 915 1385 ἐκείνῃ,
972 1300 1072 1376 Quales
1093 1303 1183 1379 itaque
1203 1321 1252 1360 nos
1273 1321 1330 1360 esse
1348 1315 1453 1392 oportet
1472 1302 1499 1361 in
1522 1303 1588 1363 hora
1606 1304 1663 1380 illa,
1687 1306 1711 1362 si

154 1386 198 1443 ἓάν
222 1383 338 1462 εὕρωμεν
361 1383 439 1465 χάριν
463 1385 573 1443 ἐνώπιον
597 1385 690 1442 otest:
713 1384 777 1445 ποία
798 1385 826 1445 δὲ
844 1384 917 1465 χαρά
972 1381 1088 1459 gratiam
1099 1382 1126 1439 in
1142 1394 1282 1460 conspectu
1295 1381 1353 1460 ejus
1366 1381 1556 1443 inveniamus?
1570 1383 1650 1462 quale
1663 1405 1710 1444 ve·

154 1462 299 1532 διαδέξεται
322 1469 392 1540 ἡμᾶς
410 1463 609 1543 ἀροριζομένους
623 1466 653 1522 ἐκ
670 1463 759 1531 δεξιῶν
775 1473 821 1524 τοῦ
835 1468 913 1543 βασι·
926 1481 1002 1545 2„ro
1027 1459 1156 1540 gaudium
1180 1460 1290 1545 invadet
1310 1481 1358 1520 nos
1375 1459 1412 1520 ad
1424 1461 1548 1521 dextram
1566 1462 1658 1543 Regis
1671 1485 1711 1522 so

154 1543 238 1616 λέως,
262 1541 393 1610 ποταποὺς
417 1544 455 1602 δεῖ
467 1534 533 1602 εἶναι
554 1548 639 1621 ἡμᾶς,
660 1542 722 1603 όταν
747 1544 917 1614 ἀσπάζωνται
936 1562 955 1606 Α
973 1541 1124 1620 gregatos?
1149 1540 1239 1616 quales
1259 1561 1306 1599 nos
1333 1561 1389 1600 esse
1411 1555 1517 1621 oportet
1542 1563 1602 1601 cum
1627 1544 1711 1621 sancti

155 1628 225 1698 ἡμᾶς
240 1628 263 1682 ot
285 1624 354 1702 άγιοι
368 1622 479 1693 πάντες;
493 1624 568 1682 Ἐκεῖ
582 1621 728 1689 ἀσπάζεταί
742 1649 771 1685 σε
785 1624 917 1703 Ἂόραάμ,
972 1640 1064 1678 omnes
1074 1640 1122 1679 nos
1132 1619 1270 1679 salutant?
1281 1619 1324 1678 lbi
1334 1635 1360 1679 te
1369 1621 1469 1680 salutat
1479 1620 1624 1698 Abraham,
1634 1624 1712 1682 Isaac
1747 1627 1752 1632 ’

155 1701 268 1775 Ἰσαδικ,
291 1700 407 1773 Ἰακὼβ,
431 1704 511 1773 Νῶε,
528 1701 608 1775 Ἰδού,
625 1702 725 1774 Δαυὶδ,
747 1703 792 1762 καί
810 1708 834 1763 οἱ
850 1704 920 1784 ἅγιοι
973 1712 999 1758 et
1008 1700 1102 1774 Jacob,
1114 1701 1232 1779 Moyses,
1249 1700 1315 1774 Noe,
1327 1699 1391 1776 Job,
1407 1701 1548 1779 sanctique
1559 1701 1709 1782 propheta,

155 1785 288 1862 προρῆται
300 1783 344 1839 καί
358 1782 500 1841 ἀπόστολοι
513 1782 558 1840 καλ
576 1782 705 1862 μάρτυρες
719 1781 764 1841 καὶ
777 1784 874 1850 πάντες
895 1787 920 1842 ol
973 1793 1000 1837 et
1013 1777 1126 1858 apostoli
1145 1793 1171 1837 et
1187 1791 1330 1858 martyres,
1348 1800 1380 1838 ac
1392 1781 1460 1859 justi
1472 1801 1573 1854 omnes,
1590 1781 1637 1861 qui
1653 1782 1712 1840 Deo

155 1861 251 1920 δίκαιοι
267 1865 290 1918 οἱ
310 1866 347 1940 τῷ
364 1864 426 1942 Θεῷ
451 1861 670 1938 εθαρεστήοαντες
695 1865 721 1920 ἐν
740 1867 773 1942 τῇ
795 1866 849 1942 ζωῇ
873 1868 921 1933 τῆς
974 1857 1041 1916 bene
1054 1858 1211 1938 placuerunt
1229 1857 1257 1916 in
1276 1858 1331 1917 vita
1347 1859 1434 1917 caruis
1447 1881 1511 1933 sua,
1529 1875 1555 1920 et
1568 1881 1712 1938 quoscum·

155 1943 251 2021 σαρκὸς
281 1943 384 2010 αὐτῶν,
408 1940 454 1999 καί
485 1941 559 2007 ὅσους
580 1939 684 2006 ἀκούεις
711 1941 757 2001 καλ
779 1942 925 2020 θαυμάζεις·
974 1958 1027 2015 que
1053 1937 1132 1995 audis
1156 1936 1293 2015 vitamque
1315 1937 1435 2018 ipsorum
1461 1939 1617 2015 admiraris,
1645 1961 1712 2018 quos

156 2025 241 2078 αὐτῶν
257 2020 300 2078 τδν
316 2020 386 2098 βίον,
402 2019 448 2078 καὶ
462 2020 552 2091 ἤθελες
569 2020 629 2100 ἄρτι
646 2020 790 2081 θεάσασθαι
808 2019 921 2093 αὐτοὺς,
973 2016 1054 2076 etiam
1067 2016 1221 2096 conspicere
1237 2037 1347 2097 cuperes
1364 2041 1370 2074 τ
1386 2018 1437 2098 ipsi
1455 2017 1490 2076 ad
1508 2032 1534 2078 te
1547 2020 1669 2094 veniunt,
1685 2033 1711 2078 et

156 2101 228 2159 αὐτοὶ
254 2101 307 2157 ἐκεῖ
322 2099 444 2179 ἔρχονται
464 2101 528 2179 πρὸς
542 2098 593 2173 σὲ,
615 2099 661 2158 καλ
684 2101 921 2180 περιπτυσσόμενοι
972 2095 1162 2177 amplectentes
1176 2108 1201 2154 te
1222 2096 1340 2155 salutant
1358 2097 1392 2157 de
1409 2097 1497 2157 salute
1513 2114 1559 2158 tua
1573 2100 1712 2159 exsultan-

153 2178 336 2245 ’ἀσπάζονταί
348 2203 387 2247 σε,
409 2178 602 2256 ἀγαλλιώμενοι
626 2177 671 2239 ἐπί
685 2185 717 2259 τῇ
737 2185 771 2259 σῇ
792 2181 920 2260 σωτηρίᾳ.
973 2189 1021 2234 tes.
1040 2177 1140 2249 Quales
1158 2174 1249 2252 itaque
1269 2189 1332 2239 tunc
1352 2198 1400 2236 nos
1417 2197 1473 2235 esse
1488 2180 1612 2259 oportet?
1631 2179 1712 2257 quale

154 2256 296 2323 Ποταποὺς
315 2248 360 2317 οὖν
375 2259 413 2316 δεῖ
429 2243 496 2315 εἶναι
511 2263 583 2334 ἡμᾶς
594 2257 671 2331 τότε,
689 2258 851 2332 ποταπλνδέ
865 2283 919 2338 χα-
972 2254 1109 2315 ineffabile
1122 2253 1252 2334 gaudium
1267 2255 1500 2335 habere,'qnand0
1516 2259 1574 2317 llex
1586 2257 1618 2317 lis·
1636 2259 1711 2335 quia

156 2337 202 2416 ρδιν
218 2337 288 2419 ἔχειν
300 2337 400 2409 ἐκείνην
414 2336 462 2409 την
477 2337 670 2411 ἀνεκλάλητον,
683 2336 745 2397 όταν
760 2339 822 2418 είπη
836 2340 920 2416 θβα-
972 2333 1065 2394 dextra
1078 2347 1140 2394 sunt
1157 2355 1219 2392 enm
1232 2335 1370 2395 hilaritate
1385 2337 1455 2395 dicet
1470 2359 1477 2395 :
1496 2339 1607 2407 Venite,
1623 2340 1711 2397 bene-
1725 2363 1809 2406 νίκην,
1825 2359 1865 2409 25,

156 2416 242 2481 σιλεθς
261 2423 314 2484 τοῖς
333 2418 364 2474 ἐν
374 2415 465 2490 ,δεξιῶν
478 2420 536 2493 μεθ’
552 2417 726 2496 ἱλαρότητος,
744 2422 825 2478 Δεῦτε
838 2423 863 2478 οι
878 2422 917 2478 εὖ·
938 2431 955 2480 a
972 2415 1045 2473 dicti
1059 2416 1160 2474 Patris
1173 2419 1241 2488 mei,
1253 2416 1398 2493 possidete
1429 2426 1547 2476 aarum
1561 2420 1647 2476 vobis
1663 2438 1710 2484 re.-
1723 2421 1762 2482 ³t·

155 2492 297 2574 λογημένοι
321 2501 367 2553 τοῦ
397 2497 502 2575 Πατρός
532 2519 600 2574 μου,
629 2499 846 2576 κληρονομήσατε
871 2499 919 2571 τὴν
970 2497 1310 2574 gnumaeonstitutioue
1324 2438 1429 2554 mundi
1436 2502 1449 2552 t
1463 2497 1551 2577 ¹Tune,
1564 2497 1602 2560 mi
1615 2497 1708 2572 frater,

154 2575 354 2651 ἡτοιμασμένην
366 2579 426 2653 ὑμῖν
438 2576 574 2654 βασιλείαν
584 2575 637 2635 ἀπδ
648 2576 799 2650 καταόολῆς
811 2578 921 2655 κόσμου,
972 2573 1086 2654 accipies
1100 2593 1215 2652 regnum
1227 2574 1367 2652 decorum,
1386 2588 1412 2634 et
1424 2572 1549 2636 diadema
1564 2577 1711 2636 formosum

153 2655 244 2727 Τότε,
267 2653 375 2734 Ἀδελφέ
394 2679 462 2732 μου,
476 2657 549 2736 λάβῃ
569 2656 599 2715 τδ
614 2657 748 2734 βασίλειον
761 2661 809 2728 τῆς
826 2660 877 2717 cuir
894 2681 920 2718 ι-
971 2652 1006 2712 de
1018 2674 1104 2712 manu
1116 2653 1235 2727 Domini,
1248 2668 1273 2713 et
1286 2653 1313 2713 in
1327 2668 1463 2735 posterum
1475 2676 1536 2714 eum
1549 2656 1657 2716 Christo
1668 2678 1709 2716 re·

155 2733 250 2807 πείας,
268 2736 313 2793 καὶ
329 2735 359 2794 τδ
378 2735 494 2812 διάδημα
514 2741 560 2795 τοῦ
577 2736 690 2804 κάλλους
713 2739 743 2796 ἐκ
757 2736 844 2817 χειρδς
864 2682 921 2798 tiu-
972 2733 1088 2811 g'nabis:
1106 2746 1170 2791 tuuc
1190 2733 1341 2814 possidebis
1353 2734 1423 2793 bona
1441 2734 1499 2806 illa,
1517 2740 1589 2816 Quoe
1599 2757 1715 2815 propa-¹
1726 2781 1746 2816 ,,
1762 2770 1815 2818 0„
1829 2786 1852 2818 ,γ

156 2812 210 2892 ρίου
221 2859 229 2886 ,
240 2815 285 2873 καί
301 2813 390 2873 λοιπὸν
412 2812 458 2873 σὺν
475 2815 583 2896 Χριστῷ
598 2815 778 2892 βασιλεύσεις·
789 2814 854 2875 γτότε
868 2842 921 2877 κα·
973 2817 1051 2888 ravit
1072 2814 1154 2872 Deus
1166 2815 1222 2885 iis,
1246 2817 1297 2893 qui
1312 2815 1439 2894 diligunt
1454 2814 1540 2874 illum
1561 2829 1649 2875 :tuuc
1665 2815 1711 2877 de·
1722 2848 1747 2892 9.

155 2894 396 2973 τακληρονομήσεις
417 2898 504 2954 ἐκεῖνα
522 2893 556 2954 et
573 2894 680 2974 ἀγαθδι,
696 2893 728 2953 Ἃ
738 2894 885 2973 ἡτοίμασεν
906 2902 921 2956 ὁ
972 2913 1047 2951 mum
1061 2892 1118 2951 sine
1134 2890 1315 2952 sollicitudine
1334 2896 1399 2967 eris,
1416 2914 1468 2952 non
1482 2894 1601 2975 amplius
1614 2894 1711 2955 timens

154 2973 221 3039 Θεὸς
237 2983 291 3040 τοῖς
307 2976 446 3050 ἀγαπῶσιν
463 2974 557 3033 αι’πόν·
577 2974 636 3034 τότε
662 2974 753 3034 λοιπδν
776 2976 921 3057 ἀρέριμνος
973 2971 1056 3031 ollam
1070 2972 1152 3031 animi
1167 2972 1415 3040 consternationem.
1435 2975 1540 3032 Tecum
1557 2988 1662 3055 reputa,
1673 2976 1712 3035 mi

154 3051 222 3131 ἔσῃ,
239 3053 333 3130 μηκέτι
353 3051 512 3130 πτοοόμενος
529 3053 660 3132 μηδεμίαν
675 3054 798 3127 πτόησιν.
812 3055 920 3115 ’avuto'-
972 3052 1063 3129 irater,
1075 3051 1164 3130 qualis
1174 3073 1216 3111 res
1225 3053 1261 3112 sit
1272 3052 1298 3110 in
1313 3052 1386 3112 eaelis
1405 3063 1531 3132 regnare:
1547 3068 1576 3113 ut
1585 3054 1657 3114 enim
1668 3054 1712 3113 di-

154 3155 248 3209 γισαι,
263 3132 358 3211 ἀδελρέ
376 3154 443 3210 μου,
464 3124 516 3192 οἶόν
532 3137 589 3192 ἐστι
613 3134 644 3193 τὸ
679 3137 815 3195 ασιλιῦσαι
835 3137 861 3194 ἐν
876 3139 921 3197 οῦ·
974 3131 1075 3207 nunus,
1094 3131 1211 3211 accipies
1229 3131 1356 3192 diadema
1375 3154 1484 3191 emanu
1501 3131 1623 3207 Domini,
1640 3147 1666 3194 et
1683 3134 1710 3194 in

157 3215 236 3289 ρανῷ.
254 3210 347 3278 Καθὼς
363 3212 414 3290 γὰρ
437 3211 616 3293 προείπομεν,
637 3212 696 3292 δεξη
711 3215 741 3273 τδ
755 3214 872 3292 διάδημα
892 3217 921 3274 ἐκ
936 3220 957 3270 c
973 3225 1109 3291 posterum
1123 3212 1248 3289 regnabis
1266 3232 1329 3271 cum
1349 3212 1468 3273 Christo.
1485 3213 1590 3272 Tecum
1603 3229 1708 3294 reputa,

157 3290 245 3368 χειρὸς
268 3290 384 3368 Κυρίου,
410 3290 455 3349 καὶ
484 3291 646 3369 βασιλεύσεις
674 3297 720 3349 τοῦ
748 3295 843 3352 λοιποῦ
874 3292 921 3353 σὺν
973 3292 1011 3349 mi
1024 3292 1115 3361 frater,
1130 3290 1210 3368 quale
1226 3292 1260 3349 sit
1274 3292 1382 3350 vcrltum
1397 3292 1447 3351 Dei
1461 3305 1590 3373 perpetuo
1601 3296 1710 3375 ‚conspi-

157 3371 275 3449 Χριστῷ.
302 3368 485 3446 ’λναλόγισαι,
506 3370 602 3451 ἀδελφέ
629 3393 696 3447 μου,
720 3363 773 3432 οἷόν
798 3376 855 3432 ἐστι
875 3379 920 3434 τοῦ
973 3390 1041 3442 cere,
1057 3370 1137 3448 quale
1155 3371 1190 3428 sit
1204 3370 1282 3428 illum
1298 3370 1397 3430 habere
1410 3392 1460 3450 pro
1474 3372 1600 3430 luminari
1621 3386 1710 3432 :tunc

157 3451 226 3508 Θεοῦ
245 3447 274 3505 τὸ
297 3448 438 3529 πρόσωπον
462 3449 569 3526 βλέπειν
593 3450 754 3523 διαπαντὸς,
776 3442 829 3511 οἷόν
850 3455 920 3513 ἐστιν
973 3450 1045 3508 enim
1056 3469 1110 3507 non
1123 3449 1174 3507 erit
1187 3448 1236 3508 tibi
1252 3447 1294 3509 sol
1310 3451 1345 3508 ad
1358 3450 1503 3510 lucendum
1522 3472 1568 3530 per
1581 3452 1665 3528 diem,
1680 3467 1711 3520 ut

157 3526 176 3584 ἔ·
190 3550 227 3585 ειν
246 3527 323 3586 αὐτὸν
350 3530 485 3606 ρωστῆρα.
513 3528 583 3587 Τότε
603 3529 655 3608 γάρ
679 3531 727 3589 οὐκ
751 3529 827 3590 ἔσται
842 3556 884 3593 σοι
907 3537 921 3593 θ
974 3528 1012 3587 ait
1032 3527 1124 3603 lsaias,
1143 3529 1210 3588 Nec
1223 3530 1360 3609 splendor
1378 3531 1457 3590 lunoe
1476 3531 1656 3604 illuminabit
1682 3545 1710 3592 te
1720 3540 1864 3608 Isat.6o.19.

157 3552 231 3677 ἥλιος
244 3609 279 3673 ὡς
293 3611 346 3684 φῶς
367 3606 490 3686 ἡμέρας,
508 3606 595 3674 καθώς
625 3633 685 3681 ησιν
698 3607 832 3682 Ἡραίας,
850 3611 921 3673 Οὐδὲ
974 3629 1022 3689 per
1035 3620 1160 3680 noctem;
1182 3609 1235 3667 sed
1254 3612 1310 3672 erit
1328 3611 1381 3669 tibi
1401 3611 1545 3668 Dominus
1564 3615 1598 3669 in
1616 3611 1709 3671 lucem

157 3687 271 3759 ἀνατολὴ
294 3684 406 3757 σελήνης
427 3695 519 3784 ρωτιτῖ
539 3710 581 3747 σοι
630 3687 755 3764 ννύιιτα,
773 3691 831 3751 ἀλλ’
846 3689 922 3750 ἔσται
972 3708 1031 3746 sem
1053 3691 1190 3757 iternnm,
1203 3700 1233 3746 et
1245 3690 1327 3747 Deus
1339 3693 1372 3747 in
1400 3690 1504 3748 loriam
1523 3692 1710 3766 tunnuficoe,

156 3789 202 3825 σου
217 3765 311 3845 Κύριος
326 3768 380 3846 ρῶς
394 3769 515 3839 αἰωνιον,
530 3766 681 3836 καὶθΘεδς
695 3768 818 3838 δοἜασοι.
833 3769 920 3846 Ἰδοὺ,
974 3767 1012 3826 mi
1023 3708 1115 3842 dirue,
1133 3767 1214 3845 quale
1227 3767 1357 3846 gaudium
1379 3709 1533 3850 deposilum
1552 3782 1591 3829 est
1611 3792 1661 3851 pro
1676 3772 1711 3831 iis

156 3846 251 3925 ἀδελρέ
266 3870 335 3922 μου,
357 3843 400 3904 οἵα
413 3844 485 3925 χαρδι
510 3845 650 3906 ἀπόκειται
674 3857 729 3916 τοῖς
750 3847 920 3928 ροθοομένοις
972 3846 1020 3922 qui
1034 3845 1131 3906 timent
1147 3848 1293 3928 Dominum
1305 3859 1331 3905 et
1344 3847 1494 3929 observant
1502 3849 1626 3909 mandata
1640 3852 1709 3932 ejus.

155 3925 199 3984 τὸν
215 3925 328 4005 Κύριον,
342 3925 387 3983 καί
401 3934 454 3990 τοῖς
465 3926 625 4006 φυλάσσουσι
639 3926 686 3994 τὰς
704 3928 811 3994 ἐντολάς
831 3932 920 3991 αὐτοῦ.
973 3926 1037 3988 Post
1051 3924 1109 3987 liae
1121 3940 1211 3985 autem
1226 3927 1365 3986 eonsidera
1376 3924 1458 3987 etiam
1471 3943 1639 4009 peecatorum
1653 3952 1711 4012 per·
1738 3998 1746 4008 ⁸

155 4004 322 4081 Ἀναλόγισαι
343 4005 371 4063 δὲ
392 4005 460 4081 μετά
471 4010 555 4064 ταῦτα
568 4006 614 4065 καλ
627 4006 740 4080 τὴντῶν
753 4009 919 4090 ἁμαρτωλῶν
973 4006 1079 4079 niciem,
1091 4027 1154 4065 cnm
1167 4004 1305 4066 ducuntur
1317 4008 1353 4065 ad
1367 4007 1486 4067 terribile
1499 4008 1628 4084 tribunal,
1641 4032 1709 4089 qua·

155 4084 289 4142 ἀπώλειαν
302 4128 310 4155 ,
323 4083 385 4143 ὅταν
401 4084 558 4163 εἰσάγωνται
573 4090 610 4153 εἰς
620 4085 650 4145 τὸ
662 4090 736 4165 βῆμα
747 4088 778 4147 τὸ
790 4088 920 4168 ροόερὸν,
971 4086 1007 4145 lis
1016 4087 1105 4167 pudor
1117 4087 1177 4145 illos
1187 4085 1295 4145 invadet
1306 4106 1396 4146 coram
1403 4088 1478 4168 justo
1489 4088 1587 4150 Jndice
1600 4111 1653 4150 non
1665 4089 1712 4150 ha·

154 4161 197 4220 οἵα
212 4164 323 4242 αἰσχύνη
337 4161 430 4230 αὐτοὺς
442 4163 556 4242 λήψεται
570 4165 680 4225 ἐνώπιον
694 4173 739 4227 τοῦ
752 4168 852 4229 δικαίου
863 4192 920 4246 κρι·
940 4181 956 4226 n
972 4166 1065 4226 hentes
1078 4167 1191 4226 verbum
1210 4165 1405 4240 excursationis3
1421 4168 1513 4250 qualis
1531 4170 1651 4230 conlusio
1665 4192 1711 4251 ap·

154 4247 219 4314 τοῦ,
238 4242 275 4319 μὴ
297 4241 400 4320 ἔχοντες
413 4241 489 4318 λόγον
509 4245 667 4322 ἀπολογίας·
682 4245 725 4306 σία
743 4246 856 4326 ἐντροπὴ
871 4248 919 4321 λη’·
991 4246 1118 4306 rehendet
1127 4267 1171 4306 eos
1181 4244 1218 4305 ad
1230 4247 1370 4305 sinistrum
1382 4247 1463 4326 Regis
1473 4263 1634 4328 segregatos,
1646 4271 1712 4325 qua·

154 4319 342 4399 terrenitate
366 4321 565 4400 ἀροριζομὶνους
579 4322 606 4390 ἐξ
627 4325 767 4402 εὐωνύμων
782 4333 827 4386 τοῦ
843 4331 919 4404 βασι·
971 4267 1006 4384 lis
1029 4327 1117 4406 caligo
1137 4324 1236 4386 incidet
1257 4325 1283 4385 in
1306 4347 1360 4400 eos,
1381 4328 1488 4404 quando
1503 4329 1653 4406 Loquetur
1669 4330 1819 4388 adriana.
1839 4341 1863 4387 5.

153 4401 237 4468 λέως·
253 4393 305 4459 οἷον
320 4399 413 4467 σκότος
426 4401 547 4462 ἐπιπέσοι
562 4401 605 4460 ἐπ’
615 4403 717 4477 αὐτοὺς,
732 4404 795 4465 όταν
807 4406 919 4479 λαλήσει
970 4426 1018 4466 eos
1026 4411 1058 4465 in
1065 4411 1112 4465 ira
1122 4421 1189 4482 sua,
1201 4419 1229 4464 et
1242 4408 1382 4484 inserere
1393 4427 1445 4465 sno
1454 4410 1642 4467 conturbabit
1651 4430 1708 4480 eos,
1724 4421 1809 4464 traria,
1825 4423 1863 4467 25.

153 4482 217 4560 πρὸς
230 4479 321 4547 αὐτοὺς
335 4483 362 4538 ἓν
379 4483 444 4561 ὀργῇ
462 4483 561 4553 αὐτοῦ,
576 4481 620 4541 καί
635 4487 662 4543 ἐν
683 4488 722 4565 τῷ
741 4488 816 4566 θυμῷ
838 4490 919 4546 αὐτοῦ
970 4485 1473 4557 dicens,Diseediteamemaledieti
1485 4490 1621 4566 inignem
1631 4483 1760 4547 oeterl¹·

152 4561 260 4639 ταράξει
274 4557 366 4626 αὐτούς
379 4559 647 4641 λέγων,Πορεύεσθε
659 4565 705 4622 ἀπ’
717 4567 782 4640 ἐμοῦ
796 4569 821 4625 οἱ
834 4590 918 4639 κατη-
972 4587 1052 4640 niem,
1086 4569 1116 4623 ui
1131 4578 1255 4642 paratus
1273 4576 1315 4623 est
1333 4565 1450 4623 diabolo
1464 4577 1492 4623 et
1507 4568 1621 4646 angelis
1635 4567 1708 4648 ejus.

155 4641 262 4717 ραμένοι
275 4643 312 4707 είς
325 4640 355 4698 τὸ
377 4647 429 4719 πῦρ
451 4640 481 4698 τὸ
499 4639 602 4701 αἰώνιον
617 4642 647 4701 τὸ
670 4643 864 4720 ἡτοιμασμένον
879 4651 918 4706 τῶ
970 4645 1019 4703 Hei
1034 4588 1118 4703 mili!
1136 4644 1179 4703 hei
1200 4645 1267 4705 milri
1277 4642 1285 4704 l
1301 4643 1409 4719 qualem
1425 4644 1597 4705 afflictionem
1616 4659 1641 4706 et
1658 4668 1710 4706 an-

153 4718 391 4799 &indeterminate
405 4719 524 4799 ἀγγέλοις
539 4724 635 4780 αὐτοῦ·
653 4721 724 4799 οἴμοι
732 4766 741 4797 ,
755 4723 844 4800 οίμοι,
861 4707 918 4785 olei
970 4725 1086 4803 gestiam
1100 4724 1196 4782 sentiet
1210 4723 1328 4802 ipsorum
1342 4722 1464 4803 spiritus,
1475 4744 1539 4784 ,cuin
1551 4726 1710 4786 clamorfiet

153 4801 241 4877 θλῖψιν
258 4798 304 4857 καὶ
314 4801 488 4880 στενοχωρίαν
502 4799 554 4868 ἔξει
568 4800 599 4860 τδ
616 4809 719 4879 πνεῦμα
737 4805 839 4875 αὐτῶν,
853 4804 917 4865 όταν
970 4805 1093 4863 omnium
1114 4802 1261 4862 dicentium
1281 4825 1288 4858 ι
1311 4804 1528 4864 Convertuntur
1564 4819 1708 4866 creatores
1721 4834 1814 4895 ρης,
1826 4831 1866 4879 ,3,

151 4878 262 4955 γένηται
273 4875 373 4956 κραυγὴ
386 4878 491 4938 πάντων
502 4879 631 4960 λεγόντων
643 4904 649 4918 ·
659 4880 918 4963 Ἀποστραρήτωσαν
970 4887 1002 4941 in
1016 4885 1175 4966 infernum,
1196 4903 1295 4941 omnes
1307 4895 1406 4962 gentes
1440 4904 1485 4943 ute
1498 4829 1710 4946 obdvisutntur

151 4963 175 5016 οί
189 4957 343 5035 ἁμαρτωλοὶ
363 4958 399 5024 είς
413 4956 456 5016 τὸν
470 4959 556 5038 ᾅδην,
576 4960 665 5019 πάντα
682 4961 716 5021 τδι
731 4961 791 5035 tna
808 4963 842 5023 τά
860 4967 915 5024 ἐπι·
935 4971 954 5019 Ε
971 4966 1090 5023 Deum?
1105 4963 1154 5022 Hei
1171 4963 1250 5028 mihi.
1266 4961 1353 5040 qualis
1368 4976 1409 5028 est
1420 4905 1506 5036 iocus,
1522 4965 1568 5023 ubi
1581 4979 1620 5024 est
1635 4968 1707 5024 Fle·
1723 4990 1809 5034 ςιηηη,
1824 4992 1863 5040 ,5,

107 5100 115 5125 ⁵
150 5036 332 5113 λανθανόμενα
351 5043 397 5095 τοῦ
411 5038 501 5110 Θεοῦ;
522 5039 616 5116 Οἶμαι,
629 5031 681 5108 οἶός
696 5043 767 5101 lesco
790 5047 804 5103 ὁ
819 5044 917 5121 τόπος,
971 5052 1025 5104 tus‘
1037 5057 1066 5102 et
1079 5044 1189 5102 stridor
1206 5043 1349 5114 dentium,
1368 5042 1416 5118 qui
1435 5056 1546 5101 vocatur
1564 5046 1706 5121 Tartarus,
1721 5052 1761 5097 ³⁰·

151 5113 216 5175 όπου
234 5117 305 5174 ἐστὶν
318 5121 332 5175 ό
345 5115 478 5193 κλαυθμός
489 5118 535 5176 καί
553 5122 568 5178 θ
584 5121 701 5201 βρυγμὸς
714 5124 765 5181 τῶν
787 5124 918 5197 όδόντων,
969 5144 1048 5203 quem
1059 5136 1085 5181 et
1098 5122 1155 5201 ipse
1174 5135 1279 5181 satanas
1294 5119 1400 5182 horret!
1417 5121 1459 5179 hei
1474 5122 1550 5197 milii,
1565 5124 1653 5262 ‹pualis
1670 5140 1710 5183 est

151 5197 165 5251 θ
188 5195 349 5274 καλούμενος
375 5195 526 5276 τάρταρος,
545 5195 573 5257 δν
598 5200 643 5258 καί
666 5202 743 5268 αὐτὸς
763 5205 777 5261 θ
802 5213 919 5272 σατανθς
969 5204 1088 5284 gehenna
1103 5201 1173 5283 ignis
1186 5199 1355 5262 inexstincti!
1372 5200 1414 5259 hei
1430 5200 1508 5275 mibi,
1521 5223 1573 5280 qua
1587 5204 1609 5263 is
1620 5217 1658 5264 est
1670 5205 1708 5264 in·

184 5385 194 5408 ·
211 5369 382 5437 [scripsimus
393 5379 533 5436 ἀσπάζονται
554 5387 601 5438 pro
620 5379 767 5439 ἀσπάζοντις,
788 5383 814 5425 et
832 5389 908 5441 συρτει
918 5370 1175 5438 delenitura-ararum
1188 5368 1331 5437 θεάσασθαι]
