3714 5970
171 481 241 566 244
723 515 727 527 ·
794 495 911 542 srunrn
938 496 1101 558 oornnau.

168 622 217 682 ubi
232 616 380 682 Derrs'eum
395 620 550 681 hominihus
565 632 704 689 versatur,
718 630 744 675 et
757 630 830 676 mors
843 637 905 677 ver·-

168 702 204 760 ho
218 701 394 773 dissolvitur3
411 702 458 759 ubi
471 701 605 760 daemones
620 697 746 757 mandato
761 699 905 774 sugantur,

169 796 195 840 et
209 781 306 861 leprosi
317 781 399 840 verbo
411 779 595 849 mundantur;
610 779 656 836 ubi
671 777 732 836 caeei
743 776 849 835 subiato
860 797 907 834 na·

169 875 236 918 turae
250 859 354 919 defectu
376 860 433 918 luto
455 872 604 929 sanantur,
620 870 646 915 et
667 856 809 934 quinquies
831 855 906 914 mille

169 939 289 999 homines
304 940 331 998 in
344 939 448 997 deserto
463 960 497 997 er
512 940 631 1017 quinque
644 937 761 1018 panibus
781 935 906 1008 aluntrrr;

168 1018 216 1076 ubi
231 1018 299 1077 latro
313 1018 340 1077 in
354 1018 511 1098 paradisum
525 1015 722 1090 introducitur,
739 1029 764 1073 et
778 1015 907 1073 meretrix

168 1097 235 1157 isis
257 1097 391 1156 sideribus
416 1098 510 1177 purior
537 1097 685 1176 reperitur3
709 1093 757 1153 ubi
781 1094 907 1156 Jordanis

148 1200 153 1208 ·
190 1189 267 1236 uenta
281 1177 316 1236 ad
335 1176 572 1236 sanctificationem
586 1176 739 1234 animarum
753 1187 906 1233 nostrarum

168 1270 373 1330 consecrantur,
384 1268 410 1316 et
419 1255 573 1335 unigenitus
585 1255 607 1314 F
609 1254 673 1313 ilius
682 1275 697 1312 a
705 1254 785 1313 Patre
795 1251 830 1312 de
842 1252 907 1313 eaelo

960 617 1105 696 ίόδομάδος
1119 617 1330 695 ἀναπτύσσομεν.
1342 614 1423 676 Ἀλλδ
1438 615 1540 696 λέγεις,
1552 620 1602 689 τῆς
1615 620 1729 686 παλαιᾶς

961 700 1097 772 Διαθιίκης
1112 698 1179 759 ἐστί.
1196 697 1249 758 Καί
1261 697 1288 757 τί
1301 695 1366 776 πρδς
1382 696 1431 768 τὴν
1451 701 1505 756 τῶν
1519 696 1603 777 δγίων
1620 701 1729 775 εὐαγγε-

960 777 1025 837 λίων
1040 778 1204 858 ἀνάγνωσιν;
1217 776 1281 837 ὅπου
1294 776 1328 835 τδι
1346 775 1470 852 θαύματα
1487 780 1536 848 τῆς
1555 780 1602 836 τοῦ
1616 777 1729 856 Χριστοῦ

961 857 1108 938 παρουσίας
1124 856 1350 939 ἀνοκηρύττεται·
1366 855 1432 915 ὅπου
1448 854 1519 922 Θεὸς
1534 854 1549 887 '’
1555 863 1611 923 τοῖς
1625 857 1729 936 ἀνθρύ-

960 959 1021 1005 ποις
1035 937 1275 1017 συναναμίγνυται,
1289 935 1336 995 καί
1350 935 1461 1003 θάνατος
1475 933 1547 1015 λόγῳ
1560 935 1729 996 καταλύεται·

961 1014 1027 1075 ὅπου
1044 1016 1166 1094 δαίμονες
1182 1015 1209 1084 ἐξ
1223 1015 1402 1093 ἐπιτάγματος
1412 1012 1617 1094 ρυγοδεύονται,
1627 1016 1675 1076 καί
1687 1018 1729 1075 λε·

961 1097 1025 1176 προὶ
1047 1096 1120 1176 λόγῳ
1142 1094 1344 1176 καθαρίζονται·
1362 1091 1428 1153 ὅπου
1449 1093 1545 1232 tophet
1565 1091 1623 1153 ‘rb
1644 1097 1729 1155 λεῖπον

960 1179 1008 1246 τῆς
1021 1174 1122 1254 φύσεως
1142 1178 1222 1257 πηλῷ
1235 1170 1437 1256 θεραπεύονται,
1451 1195 1487 1232 κα
1516 1175 1731 1255 πεντακισχίλιοι

960 1254 1031 1314 κατδι
1042 1254 1090 1328 τὴν
1101 1253 1199 1337 ἔρημον
1210 1258 1241 1316 tx
1258 1257 1337 1314 πέντε
1349 1252 1437 1334 άρτων
1453 1251 1644 1333 διατρέφονται
1652 1277 1659 1292 ·
1668 1253 1729 1315 teo

166 1333 329 1413 declaratur3
342 1335 389 1394 uhi
398 1335 481 1394 vitam
491 1348 607 1394 nostram
617 1332 740 1393 Christus
749 1347 869 1405 renovat,
882 1347 907 1392 et
925 1351 943 1397 tt
960 1333 1061 1412 λῃστὴς
1079 1337 1115 1401 είς
1131 1334 1289 1414 παράδεισον
1308 1331 1490 1406 εἰσοικίζεται,
1508 1331 1556 1392 καί
1576 1332 1663 1412 πόρνη
1683 1357 1731 1393 κα-

168 1413 321 1474 renovaodo
335 1415 371 1473 ad
386 1415 499 1473 salutem
512 1414 624 1473 bomani
641 1413 744 1492 generis
757 1411 907 1506 predicans

15 1502 155 1552 arentinos.
167 1495 223 1554 ait:
236 1496 322 1553 Beati
335 1514 476 1573 pauperes
489 1497 610 1573 spiritu,
623 1496 765 1573 quoniam
779 1512 906 1566 ipsorum

14 1581 37 1616 et
48 1567 72 1613 6·

167 1586 208 1631 est
219 1595 338 1653 regnum
350 1574 506 1631 eoelorunt:
520 1576 607 1631 Beati
618 1575 669 1652 qui
679 1577 810 1631 esuriunt
820 1584 848 1630 et
863 1576 906 1631 si-

166 1657 243 1710 tiunt
256 1656 419 1732 justitiam,
441 1656 579 1732 quoniam
601 1654 655 1730 ipsi
671 1653 907 1710 saturabuntur?

166 1733 270 1792 Verum
285 1731 413 1803 attende,
427 1732 476 1790 has
499 1751 605 1809 quoque
619 1732 690 1810 leges
703 1729 785 1788 semel
797 1745 843 1789 aut
864 1731 907 1788 bis

166 1809 194 1868 in
212 1810 380 1869 hebdomade
403 1810 527 1890 legimus.
541 1811 620 1869 Dices
633 1830 712 1883 vero,
727 1830 780 1868 non
795 1823 906 1889 oporte·

165 1909 195 1947 re
207 1893 318 1949 coronas
334 1889 421 1970 regias
441 1889 562 1968 quotidie
596 1890 698 1948 ublicas
714 1890 808 1950 faeere,
829 1887 906 1962 Quid

165 1989 246 2048 porro
267 1968 301 2028 de
322 1970 401 2029 heato
425 1971 546 2048 apostolo
569 1913 670 2041 danto,
690 1968 791 2027 Christi
811 1982 906 2027 orato-

166 2069 209 2123 re,
223 2062 353 2107 terrarum
366 2048 440 2109 orbis
457 2049 588 2128 piscatore
599 2072 606 2106 τ
619 2048 666 2126 qui
679 2067 727 2127 per
740 2047 905 2126 quatuorde-

165 2147 218 2186 ctm
234 2128 370 2208 epistolas,
383 2141 520 2206 tamquam
535 2149 582 2218 per
595 2128 660 2186 retia
681 2127 845 2217 spiritualia,
860 2142 904 2186 to·
923 2151 941 2198 c
959 2127 1030 2187 Ἀλλ’
1045 2128 1111 2229 ὅρα,
1126 2128 1172 2187 καί
1185 2128 1290 2194 τούτους
1307 2126 1366 2195 τούς
1377 2124 1472 2204 νόμους

166 2219 223 2265 tum
242 2209 335 2267 orbem
357 2207 392 2267 ad
415 2207 528 2266 salutem
552 2206 682 2283 irretivit3
697 2227 745 2284 qut
767 2205 905 2284 usquead

166 2287 275 2345 tertium
289 2287 384 2346 celum
397 2329 405 2358 ,
420 2300 446 2344 et
462 2307 555 2345 rursus
579 2285 606 2343 in
630 2285 787 2344 Paradisum
812 2300 904 2366 raptus

12 2380 223 2441 ,‚c0r,1„est;
238 2366 283 2424 cui
304 2366 406 2426 credita
428 2379 489 2424 sunt
513 2363 640 2446 mysteria
663 2365 738 2444 regni
754 2363 825 2436 Dei,
843 2387 903 2444 quen

11 2457 37 2514 4.

165 2466 217 2503 non
238 2445 299 2503 lieet
318 2444 420 2506 homini
446 2444 546 2522 ioqui?
579 2442 777 2523 uandoquideur
791 2457 817 2503 et
831 2444 904 2504 hune

164 2523 207 2583 bis
229 2524 316 2582 solum
336 2526 365 2584 iu
384 2465 826 2603 heMomadehegimtrs,ejusqrre
841 2525 903 2605 epi-

163 2603 258 2662 stolam
272 2604 298 2662 in
309 2626 355 2664 ore
366 2605 506 2679 babemus3
519 2601 564 2661 sed
577 2602 684 2662 lectioni
695 2616 800 2662 tanturn
813 2605 902 2664 animo

164 2682 279 2755 intenti,
294 2683 358 2742 huic
379 2684 425 2742 uni
449 2683 496 2742 ilio
518 2694 637 2762 tempore
662 2703 771 2773 operam
797 2681 904 2742 damus.

164 2761 241 2836 Quid
256 2763 339 2842 igitur
350 2762 494 2823 dicendum
506 2761 572 2820 nrihi
586 2776 705 2844 suppetit
717 2762 750 2820 de
761 2761 839 2820 beato
848 2765 904 2821 Da·

163 2841 243 2916 vide,
257 2864 310 2921 qua
326 2845 426 2902 ratione
440 2863 487 2923 per
503 2841 622 2922 Spiritus
636 2841 748 2922 gratiam
762 2841 902 2931 provisum

163 2922 199 2981 sit
212 2935 243 2980 ut
255 2923 370 3014 singulis
382 2921 479 2982 diebus
500 2935 527 2980 et
545 2921 670 2981 noctibus
685 2921 875 3000 prediceretur
888 2923 902 2982 θ

961 1415 1099 1494 θαρωτέρα
1112 1417 1164 1473 τῶν
1178 1413 1281 1493 ἄστρων
1295 1411 1460 1491 εύρίσκτται·
1475 1411 1543 1472 ὅπου
1555 1411 1591 1471 τὰ
1604 1419 1652 1471 τοῦ
1666 1411 1730 1492 Ἰσρ-

961 1492 1039 1552 δάνου
1060 1498 1150 1575 ῥεῖθρα
1169 1493 1235 1572 πρθς
1256 1490 1387 1571 δγιασμδν
1407 1494 1460 1550 τῶν
1480 1491 1622 1571 ἡμετέρων
1696 1497 1729 1553 ῶν

961 1571 1115 1651 ἁγιάζεται,
1136 1572 1182 1632 καί
1207 1571 1347 1653 μονογενὴς
1366 1570 1430 1637 rto<
1452 1569 1529 1668 παρὰ
1553 1577 1601 1631 τοῦ
1657 1572 1729 1650 ατρδς

961 1650 1098 1731 οὐρανόθεν
1125 1654 1210 1713 άνακη
1228 1651 1350 1711 ύττεταί·
1379 1649 1445 1709 ὅπου
1472 1673 1523 1722 την
1555 1650 1626 1724 ζωὴν
1656 1655 1729 1730 ἡμῶν

961 1731 1075 1811 Χριστδς
1090 1677 1259 1803 everentiae
1269 1729 1315 1789 καί
1331 1727 1505 1798 ἀνοκαινίζων
1519 1729 1586 1811 πρὸς
1600 1731 1729 1812 σωτηρίαν

960 1816 1006 1869 τοῦ
1025 1811 1115 1889 γένους
1132 1816 1185 1871 τῶν
1199 1808 1344 1889 ἀνθρώπων
1367 1808 1558 1888 ἀνακηρύττων
1571 1810 1660 1890 λέγει·
1671 1813 1729 1871 ttr-

959 1889 1048 1970 κύριοι
1068 1894 1092 1951 σί
1110 1890 1214 1972 πτωχοί
1232 1894 1271 1972 τῷ
1286 1885 1433 1965 πνεύματι,
1450 1889 1491 1948 δτι
1511 1890 1601 1949 αὐτῶν
1623 1892 1693 1949 ἐστιν
1710 1896 1726 1964 ἡ

962 1969 1084 2048 βασιλεία
1102 1974 1155 2030 τῶν
1171 1972 1305 2051 οὐρανῶν·
1325 1967 1452 2046 μακάριοι
1472 1971 1497 2027 οί
1522 1972 1666 2036 πεινῶντες
1687 1969 1727 2029 καί

961 2049 1087 2128 διψῶντες
1097 2049 1147 2121 τὴν
1157 2047 1383 2121 δικαιοσύνην,δτι
1397 2046 1471 2106 αὐτοί
1483 2048 1726 2197 imbiberem*

1505 2151 1546 2186 πα
1643 2150 1686 2187 υτε

960 2211 1175 2287 ἀναγινωσκομεν
1195 2213 1243 2280 τῆς
1258 2205 1412 2283 ίόδυμάδος.
1436 2204 1507 2265 Ἀλλ’
1527 2209 1613 2287 ἐρεῖς,
1625 2149 1727 2285 ότι-ζ

959 2286 1075 2354 σιλικοδς
1088 2286 1231 2365 στεφάνους
1249 2287 1278 2347 οὗ
1291 2284 1345 2388 χρὴ
1360 2287 1419 2345 καθ’
1431 2282 1549 2357 ἑκάστην
1565 2285 1670 2365 ἡμέραν
1682 2287 1725 2359 δη·

960 2372 1108 2442 μυσιεῦσαι.
1139 2367 1192 2426 Καὶ
1220 2365 1247 2424 τί
1269 2388 1335 2447 προς
1358 2364 1402 2424 τὸν
1426 2364 1559 2444 μακάριον
1585 2366 1724 2426 ἀπόστολον

959 2448 1080 2520 Παῦλον,
1094 2446 1138 2506 τὸν
1155 2446 1252 2584 ῥήτορα
1268 2450 1315 2504 τῶ
1334 2445 1466 2525 Χριστοῦ,
1478 2443 1525 2504 rhu
1540 2447 1590 2516 τῆς
1607 2444 1723 2523 οίκουμί·

957 2549 1003 2597 νης
1020 2524 1114 2599 ἁλιέα,
1129 2527 1175 2585 τὸν
1192 2527 1217 2585 δι
1256 2523 1456 2599 δεκατεσσάρων
1475 2525 1627 2584 ἐπιστολῶν
1641 2523 1721 2605 ὥσπερ

958 2604 1002 2664 διδ
1016 2603 1127 2664 δικτύων
1144 2608 1330 2680 πνευματικῶν
1351 2613 1440 2663 πᾶσαν
1454 2602 1503 2676 τὴν
1525 2605 1679 2682 οἰκουμένην
1690 2607 1720 2671 είς

958 2683 1091 2763 σωτηρίαν
1106 2683 1322 2763 σαγηνεύσαντα·
1332 2683 1377 2743 rhu
1388 2682 1542 2763 ἁρπαγέντα
1555 2683 1607 2751 ίως
1621 2683 1716 2762 τοῶτρί·

957 2761 1716 2920 ίίῖιῗέίέίῶίῖἶίιπίλ”ἷέἷίέ’ἑῖίέὰίῖἶῖίῖίῖπίῖά
1756 2764 1758 2775 ¹

957 2921 1011 2991 ἐξδν
1020 2867 1372 3002 ἀνθρύίόιῳλαίῆσαίύἘπεί
1383 2921 1429 2981 καί
1441 2925 1532 2980 τοῦτον
1541 2917 1597 2990 ‘tte
1605 2889 1712 2993 τίίςίόδσ

163 3022 255 3060 omues
266 3024 337 3061 enim
348 3004 426 3062 iilum
440 3023 489 3082 pro
500 3015 636 3078 unguento
648 3013 787 3091 portamus
804 3001 831 3059 in
847 3022 901 3062 ore.
919 3030 938 3076 ι)
959 3002 1041 3101 μάθος
1058 3001 1289 3082 ἀναγινώσκομεν,
1304 3000 1349 3059 καί
1366 3000 1415 3072 τὴν
1435 2999 1580 3072 ἐπιστολὴν
1595 3005 1669 3061 αὐτοῦ
1678 2998 1710 3060 διί

163 3083 195 3141 In
218 3082 329 3143 eeclesia
354 3096 416 3143 sunt
431 3079 588 3161 pervigilia;
609 3101 640 3139 ao
656 3101 780 3160 primus,
797 3080 902 3141 medius

163 3175 190 3221 et
213 3162 327 3222 ultimus
348 3177 388 3222 est
410 3160 521 3220 David:
537 3159 565 3219 in
582 3160 720 3219 matutinis
738 3159 902 3241 hymnorum

164 3243 274 3301 canticis
284 3289 292 3316 ,
304 3243 428 3334 primus,
446 3240 552 3300 medius
565 3254 591 3299 et
604 3240 717 3298 ultimus
734 3254 773 3298 est
786 3241 876 3300 David
893 3265 899 3299 :

164 3321 192 3380 in
207 3327 329 3381 tentoriis
343 3322 388 3381 ubi
409 3334 577 3380 mortuorum
597 3319 786 3393 deductiones,
798 3321 902 3400 primus

164 3415 189 3461 et
209 3415 360 3483 postremos
378 3416 417 3461 est
436 3399 546 3460 David:
570 3401 596 3458 in
620 3399 725 3460 aedibus
744 3400 902 3478 virginum,

162 3481 211 3540 ubi
226 3496 338 3542 texture
354 3482 422 3540 stunt
435 3527 442 3554 ,
455 3494 481 3540 et
494 3480 599 3571 primus
610 3494 635 3538 et
646 3480 750 3539 medius
761 3494 787 3539 et
798 3494 903 3560 postre-

162 3583 224 3620 rnus
237 3576 275 3621 est
288 3562 389 3622 David.
403 3564 481 3622 Ores
495 3559 663 3652 inopinatas!
678 3559 756 3619 multi
769 3560 816 3638 qui
828 3559 904 3619 neli-

162 3654 281 3700 terarum
301 3640 410 3720 quidem
433 3639 567 3720 principia
588 3654 739 3711 noverunt,
756 3652 843 3698 totum
859 3653 903 3698 ta·

162 3741 224 3779 men
235 3721 368 3780 Davidem
382 3719 487 3792 edocti,
501 3719 596 3777 ordine
606 3719 729 3792 recitant,
740 3739 771 3776 ae
780 3740 832 3777 non
847 3740 903 3778 rno-

956 3079 1473 3240 suffltt,
1487 3079 1709 3241 toute

956 3243 1054 3300 ἐκεῖνον
1071 3248 1237 3321 στοιχοῦμεν.
1254 3243 1279 3300 T
1281 3240 1290 3300 ί
1304 3232 1347 3300 σύν
1369 3243 1452 3299 εἰπεῖν
1466 3239 1522 3320 ἐγω
1535 3241 1602 3322 πρδς
1615 3240 1655 3301 τδν
1667 3261 1709 3317 μο-

955 3319 1046 3400 κάριον
1062 3320 1160 3390 Δαυίδ,
1175 3321 1246 3386 ὅπως
1263 3324 1281 3391 ἡ
1301 3325 1347 3378 τοῦ
1367 3319 1525 3397 Πνεύματος
1536 3321 1615 3401 χάρις
1630 3317 1708 3400 theod·

957 3422 1026 3477 μησε
1046 3402 1104 3458 καθ’
1115 3399 1230 3473 ἑκάστην
1248 3398 1351 3479 ἡμέραν
1370 3421 1398 3458 τε
1415 3398 1461 3458 καί
1472 3398 1559 3460 νύκτα
1573 3398 1647 3459 αὐτόν
1658 3401 1708 3460 tn·

956 3479 1132 3558 >reprimebat
1142 3502 1150 3552 ;
1161 3479 1258 3547 πάντες
1277 3479 1327 3558 γὰρ
1344 3479 1421 3538 αὐτὸν
1437 3479 1497 3537 ἀντί
1511 3478 1595 3562 μύρου
1609 3478 1649 3539 διδ
1660 3476 1708 3537 στί·

958 3581 1040 3637 ματος
1052 3558 1172 3640 ρέρομεν.
1181 3558 1227 3618 Ἐν
1250 3558 1379 3636 ἐκκλησίᾳ
1392 3558 1560 3638 παννυχίδες,
1570 3557 1615 3618 καί
1626 3558 1708 3695 arphat

956 3638 1002 3698 καί
1017 3638 1094 3716 μίσος
1104 3638 1149 3698 καί
1164 3640 1337 3706 τελευταῖοςθ
1353 3637 1437 3697 Δαυίδ
1448 3660 1454 3672 ·
1465 3641 1492 3698 ἐν
1506 3641 1634 3719 θρθριναῖς
1659 3656 1708 3716 μνον

956 3718 1058 3797 λογίοις
1093 3719 1140 3777 καί
1166 3723 1269 3800 πρῶτος
1299 3717 1345 3776 καί
1368 3717 1448 3796 μίσος
1474 3717 1521 3776 καί
1546 3716 1707 3785 τελευταίοςί
1741 3772 1744 3777 .

162 3798 199 3857 do
214 3802 240 3857 in
257 3800 371 3857 urbibus
384 3813 410 3857 et
422 3797 577 3856 incoelesiis
598 3797 670 3856 omni
691 3811 843 3889 temporeet
858 3819 903 3889 per
920 3819 939 3867 Ε
957 3797 1055 3857 Δαυίδ·
1072 3801 1098 3857 ἐν
1118 3807 1171 3865 τοῖς
1192 3795 1350 3874 σκηνώμασι
1369 3799 1421 3855 τῶν
1436 3799 1536 3878 νεκρῶν
1554 3792 1707 3876 προπομποί,

161 3891 250 3939 etates
264 3879 327 3936 ritae
343 3897 433 3935 omnes
447 3877 580 3948 clarescit,
592 3874 729 3935 sedetiam
742 3879 768 3934 in
782 3898 863 3956 agtus,
875 3900 901 3937 ιιι

162 3954 291 4031 desertis,
304 3970 331 4014 et
343 3970 498 4035 perterreret
513 3977 565 4014 non
580 3955 729 4014 habitatam
743 3976 805 4014 cum
819 3957 902 4016 sedu-

161 4034 237 4095 litate
250 4037 367 4115 piurima
380 4033 500 4115 tripudia
512 4056 585 4093 saera
600 4036 658 4094 Deo
670 4034 777 4094 excitat.
795 4037 826 4095 ln
842 4058 902 4096 rno-

162 4119 286 4175 nasteriis
307 4115 405 4175 chorus
426 4128 533 4173 sanetus
555 4111 680 4173 ordinum
704 4114 901 4193 angelicornrn3

162 4209 188 4255 et
207 4195 330 4277 primus,
350 4193 456 4253 medius
476 4207 502 4252 et
522 4207 673 4284 postremus
690 4208 729 4253 est
751 4195 857 4253 David:
875 4197 901 4255 in

162 4277 316 4349 asceteriis,
332 4274 378 4333 ubi
394 4293 487 4352 greges
507 4275 645 4353 virginum
660 4274 777 4332 Mariam
792 4273 902 4334 imitan-

162 4357 247 4429 tium,
260 4371 286 4415 et
297 4355 413 4434 primus,
425 4351 529 4412 medius
540 4367 565 4412 et
579 4354 729 4445 postremus
742 4367 781 4412 est
794 4355 901 4413 David:

162 4437 190 4493 in
204 4436 315 4494 desertis
325 4435 378 4493 viri
392 4447 455 4493 sunt
466 4434 591 4493 crucifixi
606 4454 668 4493 eum
680 4435 737 4492 Deo
747 4448 881 4493 versantes
892 4459 900 4505 3

162 4515 328 4592 aopi-iuius,
345 4513 451 4590 medius
473 4527 498 4571 et
519 4527 669 4593 postremus
692 4527 731 4575 est
750 4513 851 4573 David.
866 4514 901 4573 Et

956 3877 1002 3936 καί
1019 3879 1123 3958 πρῶτος
1138 3875 1184 3936 καί
1196 3880 1345 3943 τελευταῖος
1358 3879 1373 3934 δ
1394 3877 1494 3936 Δαυίδ·
1510 3880 1537 3937 ἐν
1553 3888 1612 3944 ταῖς
1632 3872 1708 3940 robe

956 3959 1009 4016 τῶν
1025 3956 1161 4035 παρθένων
1176 3960 1248 4016 ἱστσυ
1266 3955 1339 4033 γίαι,
1353 3956 1399 4015 καί
1412 3959 1516 4035 πρῶτος
1529 3956 1576 4015 καί
1590 3955 1663 4034 μέσος
1672 3950 1708 4013 καί

956 4040 1105 4103 τελευταῖος
1120 4041 1133 4095 δ
1147 4037 1239 4095 Δαυίδ.
1305 4038 1357 4096 τῶν
1372 4034 1529 4115 παραδόξων
1553 4060 1576 4094 π
1646 4034 1708 4095 tere

955 4116 1049 4176 πολλοί
1065 4117 1131 4193 μήτε
1153 4115 1319 4196 γραμμάτων
1340 4124 1433 4196 πεῖραν
1454 4114 1504 4187 τὴν
1519 4059 1708 4195 ἀρχδύγέίληγί-

955 4219 1013 4268 τες,
1033 4195 1191 4272 ἐκμαθόντες
1211 4196 1269 4257 ὅλον
1296 4194 1341 4254 τδν
1370 4193 1453 4253 Δαυίδ
1472 4199 1485 4225 ⁰
1497 4194 1707 4267 άποστηθίζωονί·

955 4274 1024 4335 Ἀλλ’
1046 4278 1075 4333 οὐ
1090 4273 1168 4352 μόνον
1186 4277 1213 4332 ἐν
1233 4283 1290 4340 ταῖς
1310 4273 1404 4332 πόλεσι
1425 4271 1471 4333 καί
1494 4283 1552 4339 ταῖς
1574 4270 1709 4345 ἐκκλησίαν

955 4355 1023 4414 οὕτω
1041 4355 1110 4413 κατδι
1130 4353 1217 4412 πάντα
1237 4353 1328 4435 καιρὸν
1352 4352 1399 4411 καί
1418 4350 1489 4412 κατά
1509 4362 1600 4413 πᾶσαν
1620 4348 1708 4424 idedu

955 4435 1104 4510 ἐκλάμπει,
1122 4432 1190 4492 ἀλλδι
1211 4434 1256 4491 καί
1275 4436 1302 4491 έν
1321 4437 1356 4510 ἀγ
1388 4441 1410 4500 ῖς
1426 4430 1470 4491 καί
1493 4434 1520 4491 έν
1540 4430 1662 4511 ἐρημίαις
1673 4424 1710 4489 καί

955 4516 991 4580 είς
1017 4512 1066 4584 τὴν
1090 4512 1212 4585 ἀοίκητον
1236 4518 1285 4591 γῆν
1307 4536 1356 4588 μετ
1396 4509 1516 4578 πλείονος
1538 4516 1589 4583 τῆς
1611 4508 1710 4579 σπονδῆς

162 4611 253 4650 ornnes
277 4592 387 4668 quidem
417 4593 539 4651 homines
566 4593 697 4653 naturalis
719 4615 767 4672 per
797 4607 899 4653 noctern
919 4618 936 4665 p
953 4591 1129 4673 γοροστασίας
1145 4591 1216 4672 ίερίις
1235 4591 1362 4672 ἀνεγείρει
1381 4594 1419 4670 τῷ
1433 4593 1510 4671 Θεῷ.
1526 4589 1575 4650 Ἐν
1589 4610 1710 4669 μοναστη-Ι

161 4670 247 4729 somni
268 4670 437 4748 tyrannidem
453 4673 595 4750 patientes,
615 4673 642 4730 in
662 4672 825 4752 profundum
848 4672 901 4732 do·
954 4660 1018 4752 ρίοις
1033 4673 1111 4752 χορὸς
1130 4672 1146 4731 ἅ
1166 4695 1202 4736 ως
1216 4671 1359 4751 ταγμάτων
1382 4672 1548 4749 άγγελικῶν,
1560 4670 1608 4730 καὶ
1622 4672 1711 4752 πρῶτος

161 4748 331 4807 trahuntur:
358 4749 447 4807 David
467 4771 532 4808 vero
549 4752 622 4811 solus
644 4752 743 4828 instat,
763 4767 789 4811 et
809 4753 998 4841 serrosmxei
1018 4753 1097 4829 μέσος
1117 4697 1164 4811 καί
1183 4753 1332 4817 τελευταῖος
1352 4755 1365 4810 θ
1386 4749 1487 4809 Δαυίδ·
1502 4754 1529 4810 ἐν
1554 4747 1712 4831 ἀσκητηρίνκ

161 4826 258 4888 netad
271 4828 390 4905 angelica
403 4829 503 4887 excitat
519 4830 678 4909 pervigilia3
692 4846 787 4891 terrant
800 4832 827 4891 in
841 4855 897 4892 cae-
915 4859 935 4905 ,ι
952 4831 1090 4913 παρθένων
1106 4831 1199 4911 ἀγέλαι
1211 4834 1264 4888 τῶν
1279 4829 1327 4900 τὴν
1342 4828 1462 4909 ίίίαριδμ
1475 4831 1663 4907 μιμουμένων,
1675 4824 1713 4889 ui

160 4906 219 4968 lurn
235 4922 411 4979 convertens,
427 4921 453 4965 et
466 4907 587 4966 homines
600 4910 701 4987 angelis
714 4913 830 4990 aequales
841 4913 898 4972 essi-
950 4917 1055 4991 πρῶτος
1076 4911 1121 4971 καὶ
1143 4911 1221 4988 μέσος
1243 4910 1288 4968 καὶ
1309 4912 1457 4976 τελευταῖος
1475 4908 1607 4969 suante·
1622 4913 1648 4970 ἐν
1660 4910 1715 4989 ίρη·

160 4988 350 5062 ciens,vitam
365 5000 481 5046 nostram
497 4987 524 5045 in
535 4988 661 5048 omnibus
675 5011 789 5062 ornans,
812 5005 837 5050 et
858 4992 898 5049 sa·
950 4993 1023 5069 μίαις
1042 4991 1133 5071 ἄνδρες
1147 4992 1226 5049 ἐσταυ
1268 4987 1342 5065 μένοι
1356 4988 1717 5069 προσομιλοῦντεςτῷθιᾷ,

159 5082 217 5128 ctus
228 5068 355 5129 omnibus
366 5067 453 5126 omnia
465 5112 473 5140 ,
484 5081 508 5126 et
520 5088 567 5146 per
581 5069 669 5127 omnia
680 5069 763 5129 vitain
778 5084 896 5130 nostram
950 5071 995 5130 καί
1016 5075 1119 5150 πρῶτος
1137 5069 1182 5130 καί
1202 5093 1222 5146 μ
1237 5092 1281 5136 σος
1295 5067 1341 5127 καί
1360 5071 1509 5134 τελευταῖος
1527 5070 1543 5125 δ
1564 5068 1659 5129 Δαυίδ.
1669 5064 1717 5128 hei

187 5256 201 5291 ¹·
220 5253 356 5302 Vaticanus
367 5265 411 5309 τοῖς
423 5259 547 5321 ἀνθρώποις
558 5261 732 5324 συνανεατράρη.

187 5349 196 5371 t
215 5331 364 5398 Angiicanrrs
374 5329 438 5380 male
451 5346 482 5399 τῷ
498 5337 604 5383 ίιίποντι.

992 5253 1002 5283 ί
1021 5253 1157 5303 Vaticanus
1169 5257 1209 5311 δι’ς,
1228 5249 1377 5318 anglicanus
1389 5254 1502 5321 διύτιρσν.

913 5401 917 5407 ¹
992 5341 1001 5361 ²
1014 5330 1147 5381 Vaticanus
1157 5339 1350 5395 ἀποστηθίζσυσιν,
1363 5327 1515 5397 Angtieenos
1526 5337 1718 5399 ἀποστιχὶζωστκ
1755 5358 1758 5377 ι
