3750 6052
606 592 650 638 nn
677 593 707 640 s.
735 592 869 641 sonu-uu
895 596 1080 660 crrnrsosr.
1360 571 1363 574 ⁴
1551 573 1619 666 337

57 718 138 797 δωρος
152 717 189 776 δέ·
200 717 254 776 Τὸν
269 717 384 798 ἄρχοντα
395 714 496 775 δίκαιον
511 706 627 775 εἶναιδεῖ
641 715 687 774 καὶ
701 715 823 795 φοὸερὸν,
879 720 984 796 judicii
1004 720 1035 779 ·e't
1056 723 1182 779 rationis
1195 722 1328 778 normam
1341 719 1479 778 adbibere
1500 732 1622 792 oportet,

55 810 88 868 ἵν’
106 815 130 869 oi
149 808 196 886 μὲν
216 799 244 869 εὖ
264 813 380 887 βιοῦντες
399 811 532 889 θαῤῥοῐεν,
550 812 574 866 ui
593 808 617 867 δ’
628 808 825 889 ἁμαρτάνοντες
880 812 1127 870 Iustorumenim
1141 814 1299 870 ratrammo
1306 811 1424 891 purlicia
1434 822 1512 871 sunt
1524 808 1622 870 Etlsi·
1665 834 1719 880 tut
1736 836 1778 879 m.
1801 825 1804 831 '

56 906 169 961 ὀκνοῖεν·
184 902 292 982 trinepos
306 900 359 980 γὰρ
374 901 482 979 θατέρου
499 900 581 980 χωρὶς
598 900 713 980 ἀναρχία
724 902 824 978 μᾶλλόν
880 903 964 963 dorus
977 903 1068 964 dicit:
1062 907 1251 984 ·Principem
1271 916 1456 982 oportetesse
1469 908 1580 984 justum
1593 895 1776 1005 οεῙῑῑἘῙῦιν·

57 994 199 1066 ἔστιν,ἢά
183 994 262 1074 αρχή.
278 995 311 1051 [i
323 993 371 1069 μὲν
385 992 436 1073 qd
449 992 545 1059 πάντες
534 984 623 1065 ἦσαν
639 994 764 1061 εὐπειθεῖς
779 1017 825 1053 και
878 998 1112 1075 formidabilem,
1123 1011 1157 1056 ut
1167 1001 1236 1056 bont
1246 998 1363 1077 quidem
1374 1017 1465 1056 secum
1477 1001 1548 1070 sint,
1560 1016 1625 1077 pec
1657 978 1761 1068 cnidiis
1778 1052 1782 1057 .

56 1087 205 1165 pincipatus,
220 1084 380 1163 ἄγαθότητος
393 1083 445 1143 ἔδει
460 1082 550 1162 μόνης
566 1083 633 1144 εἰδὲ
650 1085 824 1166 φιλαμαρτή-
881 1105 995 1150 catores
1013 1110 1084 1149 uero
1098 1091 1310 1155 deterreantur.
1325 1089 1405 1148 Nam
1418 1089 1545 1148 alterum
1561 1092 1645 1155 sine

58 1199 148 1252 μονες,
165 1177 263 1256 pilon·
278 1176 368 1247 ἐπειδὴ
386 1174 475 1234 δὲκαὶ
498 1174 592 1252 ἀγαθοί
606 1179 657 1237 elas
671 1177 717 1236 nai
731 1176 824 1251 nansi,
882 1184 975 1243 altero
997 1185 1111 1262 imperti
1124 1186 1232 1242 eversio
1250 1183 1347 1261 potius
1367 1195 1410 1241 ρει
1427 1202 1516 1263 quam
1532 1185 1624 1261 impe.
1674 1214 1676 1219 -
1697 1200 1704 1217 ·

56 1268 193 1348 ἀμφότερα
211 1268 424 1349 καταχειριστέον
443 1272 481 1348 τῷ
501 1269 611 1348 ἄρχοντι
627 1267 674 1329 καὶ
695 1280 824 1348 προῖστα-
881 1279 969 1336 rium.
984 1277 1024 1336 Si
1037 1278 1114 1333 enim
1135 1277 1472 1355 omnes‘obsequerentur
1484 1286 1513 1332 et
1525 1277 1624 1332 uirtu-

59 1362 140 1440 μένῳ.
421 1434 427 1445 ,
832 1402 836 1409 ·
883 1381 940 1427 tem
967 1367 1109 1441 colerent,
1136 1367 1204 1427 sola
1227 1358 1357 1424 bonitate
1379 1386 1450 1444 opus
1469 1379 1559 1435 esset;
1577 1370 1626 1425 sin

798 1515 801 1521 .
882 1473 981 1522 autem
992 1465 1119 1541 peccatis
1132 1462 1226 1520 dediti
1244 1473 1351 1536 essent,
1365 1463 1466 1518 timore
1486 1472 1627 1523 tantum.-

882 1559 953 1636 quia
970 1575 1047 1617 ,vero
1071 1567 1101 1612 et
1125 1557 1194 1612 boni
1216 1566 1336 1613 suntet
1360 1553 1452 1626 mali,
1470 1549 1625 1633 utramque

882 1653 1025 1713 rationem
1038 1648 1177 1706 adbibere
1191 1647 1274 1706 debet
1287 1649 1312 1705 is
1325 1649 1377 1725 qui
1388 1645 1494 1726 populo
1508 1659 1623 1726 praest.
1721 1696 1728 1705 .

85 1858 1623 1899 mm

98 2046 254 2107 innumeros
267 2068 405 2129 possemus
418 2047 533 2127 adJicere
545 2047 691 2128 scriptores
705 2045 786 2105 medii
798 2059 824 2105 et
834 2046 923 2106 infimi
944 2045 996 2107 evi
1010 2045 1108 2123 quide
1125 2061 1217 2108 sancto
1228 2050 1333 2108 Ioanne
1346 2047 1627 2129 Chrysostomolucu·

57 2140 129 2200 lenta
141 2143 226 2202 tulere
250 2143 417 2216 testimonia;
409 2141 479 2201 ·sed
494 2163 526 2201 nc
540 2140 647 2221 longius
669 2134 866 2223 procedamus
887 2162 971 2200 unum
991 2157 1094 2203 tentum
1109 2143 1255 2209 Guillelmi
1270 2143 1436 2222 Pastrengici
1447 2143 1625 2214 Veronensis,

58 2236 208 2295 Petrarchae
218 2236 314 2308 amici,
324 2238 413 2296 locum
425 2237 586 2311 asseremus,
600 2236 648 2296 ubi
661 2235 785 2316 quedam
798 2235 934 2295 habentur
945 2249 1037 2297 notatu
1055 2238 1147 2318 digna.
1188 2295 1193 2304 ,

100 2331 141 2386 De
151 2328 249 2388 eohaec
260 2329 343 2388 habet
352 2328 517 2390 Guillelmus
526 2330 889 2410 PastrergicusVernnensin
896 2321 1032 2396 Francisci
1047 2331 1198 2392 Petrarchae
1211 2329 1349 2401 amicus,·.
1356 2349 1385 2388 ur
1377 2329 1446 2389 ilie
1456 2301 1518 2390 octo
1528 2329 1629 2410 episto-
1638 2346 1673 2387 tsi

59 2423 99 2481 las
113 2422 186 2483 misit
199 2446 261 2484 cnm
272 2425 334 2484 aliis
356 2425 509 2486 Petrarchae
531 2423 652 2504 epistolis
671 2424 745 2510 typis
763 2424 859 2484 editas:
873 2423 988 2484 Librum
1002 2439 1093 2486 nutem
1111 2424 1201 2486 emisit
1216 2424 1384 2485 Gnillelmus
1402 2425 1454 2485 hoc
1469 2425 1551 2484 titulo
1562 2469 1571 2501 ,
1583 2425 1631 2484 De

59 2517 215 2594 Scripturis
227 2527 357 2579 virorum
372 2519 539 2578 illustrium.
553 2518 604 2580 Vir
613 2533 684 2580 certe
695 2533 725 2579 ut
737 2519 785 2579 itta
799 2531 876 2578 etate
888 2518 1037 2580 admodum
1046 2520 1178 2593 maditus,
1188 2518 1234 2598 qui
1246 2519 1467 2600 descriptoribus
1480 2519 1632 2600 presertim

59 2610 143 2669 medii
157 2613 207 2672 aeri
222 2612 306 2672 murita
321 2612 399 2672 docet
412 2632 465 2671 non
479 2611 636 2692 spernenda.
659 2612 759 2674 Editus
770 2625 862 2672 autem
875 2612 927 2673 iuit
946 2613 993 2673 bic
1007 2613 1078 2674 liber
1090 2613 1238 2676 Venetiisn
1251 2608 1388 2672 Michaele
1402 2612 1507 2691 Angeia
1521 2611 1629 2672 Btondo

59 2726 130 2763 anuo
145 2708 239 2784 t5t75
255 2706 301 2766 scd
320 2727 383 2765 cum
402 2704 551 2765 innumeris
570 2704 678 2765 mendis
692 2707 766 2766 :emi
789 2719 880 2766 antem
900 2726 965 2767 casu
984 2705 1087 2768 librum
1107 2701 1187 2767 iilum
1201 2705 1336 2779 Venetiis,
1346 2706 1396 2785 qui
1416 2705 1549 2766 universis
1562 2726 1631 2788 pene

60 2802 168 2880 ignotus
180 2816 228 2875 est,
241 2803 435 2882 exemplarque
447 2821 537 2860 meum
554 2800 582 2860 iu
594 2800 660 2861 locis
673 2801 767 2861 multis
779 2800 920 2863 emendari
932 2803 1093 2864 conferenda
1107 2824 1171 2863 curn
1185 2801 1286 2862 Codice
1298 2802 1440 2876 Vaticano,
1450 2814 1477 2863 et
1490 2823 1553 2862 cum
1564 2801 1632 2862 alte·

59 2917 90 2956 ro
105 2897 279 2957 bibliothece
293 2898 492 2957 Ottobonienae.
507 2896 813 2976 Haecautem,inquam,
831 2896 913 2958 habet
925 2897 972 2958 ille
982 2898 1017 2959 de
1026 2900 1057 2961 S.
1073 2903 1176 2961 Joanne
1188 2898 1392 2980 Chrysostomo.

98 3033 230 3091 loannes
245 3024 482 3107 chrysostomus,
497 3030 694 3090 Antiochense
706 3030 850 3090 Ecclesia
863 3034 1034 3112 presbyter,
1046 3033 1154 3091 deinde
1175 3031 1446 3111 Constantirwpolis
1459 3034 1629 3114 episcopus,

59 3127 109 3184 m'r
124 3131 155 3183 in
170 3128 270 3184 divina
281 3139 310 3185 et
320 3128 452 3186 bumana
462 3127 648 3208 philosophia
657 3129 832 3206 precipuus,
843 3133 874 3186 in
886 3128 1137 3208 disputationibus
1145 3130 1310 3208 perspicax,
1319 3128 1352 3186 in
1366 3126 1557 3209 confutandis
1568 3131 1631 3188 lue·
1672 3127 1676 3133 ’
1743 3130 1749 3142 “

57 3228 213 3281 relicorum
238 3225 382 3280 erroribus
401 3243 490 3291 acer;
502 3223 538 3280 ae
553 3243 612 3302 quo
631 3224 734 3280 beatus
757 3224 972 3297 Hieronymus,
985 3224 1060 3282 libro
1079 3224 1117 3282 de
1137 3226 1215 3284 Viris
1234 3223 1399 3290 illustribus
1412 3223 1629 3304 loquens‚ait.·

57 3317 198 3386 loannes,
213 3313 389 3373 Antiochense
412 3314 541 3375 Ecclesiae
560 3314 720 3396 presbyter,
735 3314 849 3374 Eusebii
872 3316 1004 3375 Emeseni·
1019 3315 1185 3396 Diodorique
1198 3329 1328 3390 sectator,
1345 3315 1430 3375 multa
1452 3318 1632 3398 composuisse

56 3409 169 3483 dicitur,
181 3429 240 3487 quae
255 3423 342 3466 tumen
356 3427 409 3466 non
424 3408 487 3488 legi.
499 3411 540 3468 Et
550 3409 623 3468 alibi
638 3409 679 3467 ad
693 3412 811 3468 beatum
821 3409 1024 3490 Augustinum
1035 3415 1182 3473 scribens:
1196 3409 1271 3483 Quid
1289 3409 1382 3470 dicam
1394 3409 1429 3471 de
1447 3414 1569 3486 Ioanne,
1582 3413 1630 3491 qui

56 3501 163 3562 dudum
178 3504 205 3562 in
220 3503 370 3585 pontificali
385 3504 470 3583 gradu
483 3503 804 3585 constantinopolitanam
814 3503 886 3564 rexit
900 3505 1059 3582 Ecclesium,
1072 3520 1098 3566 et
1118 3526 1200 3587 super
1211 3505 1364 3587 Epistulam
1375 3504 1411 3564 ad
1427 3506 1540 3587 Galntps
1555 3507 1631 3567 latis·

57 3598 158 3656 simum
169 3597 293 3657 exaravit
309 3597 435 3657 librum?
448 3598 568 3677 Scripsit
576 3601 625 3658 tte
635 3599 825 3658 venerandus
842 3599 899 3659 Dei
910 3604 1033 3661 antistes
1044 3621 1131 3682 super
1140 3613 1201 3659 tola
1215 3603 1310 3660 veteri
1323 3612 1350 3659 et
1362 3620 1433 3660 noco
1448 3602 1632 3662 Testamenta

56 3697 270 3773 expositionum
283 3694 393 3752 libros:
408 3693 642 3752 Commentarios
653 3696 686 3752 in
696 3694 873 3753 Mattltoeum
883 3695 1038 3755 distinctos
1048 3716 1102 3776 per
1122 3695 1273 3755 Romilius
1282 3696 1343 3754 XC
1354 3718 1362 3752 r
1380 3716 1467 3776 super
1483 3699 1631 3758 loannem

57 3790 207 3848 Homilias
217 3790 413 3848 LXXXVIII
426 3811 437 3850 .·
450 3807 539 3867 super
547 3789 702 3867 Epistulas
713 3789 805 3849 libras
815 3791 948 3866 singulos
957 3811 1012 3871 per
1022 3810 1169 3851 sermones
1179 3792 1336 3850 distinctos
1347 3813 1357 3847 .·
1369 3793 1403 3850 in
1415 3792 1580 3873 Epistolam
1591 3795 1633 3854 ad

56 3888 196 3943 Hesrnos
213 3883 358 3944 XXXIV
363 3882 493 3941 condidit
514 3881 654 3942 homilias
674 3904 684 3938 .-
705 3901 793 3963 super
811 3881 951 3944 Genesim
972 3885 1078 3944 librum
1096 3887 1291 3966 questionum
1303 3906 1311 3939 .·
1323 3885 1361 3943 ele
1383 3884 1522 3953 laudibus
1540 3888 1631 3946 Pauli

56 3978 183 4058 apostoli
200 3977 337 4035 bamilias
360 3978 421 4034 VII
440 3998 449 4031 .·
467 3988 574 4044 contra
596 3974 799 4036 Arrianorum
822 3977 953 4038 baresim
966 3979 1152 4062 fortissimos
1173 3978 1265 4037 libros
1288 4000 1297 4034 e
1319 3970 1630 4052 contra'Simoniacos,

56 4084 161 4130 contra
170 4074 364 4143 Marcionem,
378 4072 568 4144 cerinthum,
580 4070 765 4143 libionem*
778 4071 996 4135 Aralremonem
1006 4060 1095 4153 atque
1104 4074 1278 4144 I’lsotinum,
1301 4075 1353 4153 qui
1362 4092 1463 4133 eornm
1479 4076 1632 4139 suscitarit

58 4169 214 4226 lroeresim:
229 4180 331 4225 contra
341 4166 550 4245 Apollinarem
561 4166 669 4226 librum
680 4170 698 4225 I
709 4189 719 4223 r
732 4158 1034 4228 conma'Manicboeas
1044 4170 1160 4249 insigne
1173 4168 1314 4226 uolumen
1327 4182 1450 4227 :contra
1464 4189 1561 4228 amnes
1570 4166 1631 4230 lie-

57 4265 255 4337 reticossuper
265 4259 412 4340 parabola
422 4262 544 4318 seminis
558 4260 674 4340 longum
685 4281 757 4340 opus
769 4274 799 4321 et
808 4261 928 4341 elegans
943 4285 951 4318 .·
965 4273 1124 4322 tractatum
1138 4262 1272 4320 nnumin
1286 4258 1429 4318 Tlromam
1445 4262 1628 4341 apostolum,

57 4362 153 4437 inquo
163 4358 300 4416 adversus
311 4355 459 4415 Arrianus
469 4358 629 4435 fortissime
644 4358 779 4438 disputat
788 4378 896 4439 :super
909 4359 1035 4418 Cantica
1048 4357 1237 4416 canticorum
1251 4355 1339 4414 libros
1353 4356 1446 4414 duos:
1457 4363 1524 4414 item
1536 4348 1630 4416 uitam

56 4452 154 4507 sancti
170 4449 284 4507 Meletii
295 4451 422 4528 episcopi
431 4449 613 4507 Antiocbeni
627 4449 685 4508 :de
699 4453 832 4510 vestibus
847 4451 992 4531 legalibus
1006 4450 1189 4510 sacerdotum
1203 4461 1230 4506 et
1245 4450 1426 4519 levitarum,
1440 4460 1467 4505 et
1477 4448 1513 4506 de
1523 4463 1630 4511 ornatu

55 4544 164 4601 summi
170 4540 325 4623 pontificis
344 4545 453 4601 veteris
466 4543 646 4601 Testamenti
656 4543 795 4603 uolumen
810 4546 955 4626 egregium
966 4545 1022 4605 :lle
1032 4543 1201 4602 bumilitate
1215 4545 1248 4598 in
1264 4541 1375 4599 lotione
1393 4542 1501 4620 pedum
1522 4555 1632 4605 tracta·
1732 4620 1734 4625 Ι

56 4651 119 4695 tum
130 4650 354 4696 unum:c0ntra
365 4658 413 4697 eos
429 4640 479 4716 qui
492 4638 648 4697 admissas
669 4658 731 4697 non
749 4653 907 4699 occurrunt
927 4653 1082 4699 tractatum
1101 4637 1262 4696 unumsde
1277 4638 1520 4715 Virginitaterde
1532 4641 1633 4700 Parni·
1711 4664 1741 4721 ··.·
1780 4634 1783 4639 ’

56 4734 171 4791 tentia:
164 4732 222 4788 ·ele
242 4732 339 4788 Fide.-
352 4731 389 4789 de
406 4733 588 4789 Patientia:
603 4731 641 4788 de
655 4731 874 4811 Confessione:
889 4731 926 4791 de
942 4731 1140 4805 Eleemosyna
1154 4740 1297 4787 tractatus
1310 4727 1418 4807 plures.
1432 4731 1580 4791 Humilias
1602 4747 1632 4793 et
1675 4724 1693 4797 ¹,
1733 4732 1752 4788 Γ
1819 4722 1848 4803 ,e'

55 4845 204 4883 sermones
216 4838 371 4903 perlatam
387 4827 675 4906 Quadrngesimam:
686 4846 851 4886 sermonem
866 4827 1130 4886 declamatorium
1121 4845 1153 4881 m
1176 4823 1376 4882 Decollntioue
1390 4828 1486 4885 sancti
1503 4827 1632 4921 Ioannis
1731 4838 1764 4861 θ’

55 4922 225 4998 Baptistae
238 4908 307 4977 item
321 4940 353 4978 sn
363 4920 480 4979 laudem
496 4921 588 4978 bentoe
599 4921 635 4977 V
624 4940 830 5001 rgrnrs,mtra
839 4925 987 4980 suavitate
988 4921 1187 5004 fragrantes
1203 4916 1345 4975 adversus
1357 4915 1476 4976 Arabes
1486 4918 1523 4976 de
1533 4938 1633 4978 resur

57 5019 187 5074 rectione
200 5028 379 5073 mortuorum
392 5015 579 5085 libraremus,
592 5023 642 5094 qui
662 5017 795 5075 dicebant
809 5019 926 5075 animas
936 5020 1011 5075 mari
1024 5031 1090 5074 cum
1101 5033 1244 5091 corpore:
1235 5015 1329 5072 .item
1345 5025 1449 5070 contra
1460 5010 1580 5073 Iudoeos
1592 5015 1632 5072 li·

60 5112 145 5166 brum
157 5128 247 5165 renum
263 5131 273 5168 :
289 5111 356 5166 item
373 5108 528 5166 adversum
541 5108 649 5168 Gentes
662 5115 693 5167 in
704 5110 823 5169 modum
841 5110 952 5191 dialogi
965 5111 1078 5191 grande
1094 5120 1122 5165 et
1137 5111 1252 5187 insigne
1266 5105 1407 5164 uolumen
1423 5107 1478 5163 :rie
1490 5107 1593 5164 ordine
1603 5118 1632 5164 et

61 5202 165 5283 officio
177 5202 335 5261 sucerdotis
347 5202 453 5261 librum
467 5223 564 5263 renum.
573 5206 713 5279 Hymnus
724 5219 754 5266 et
764 5210 910 5266 orationes
921 5219 948 5264 et
964 5207 1028 5265 alia
1037 5205 1126 5287 plura
1141 5215 1234 5262 rnetra
1247 5201 1337 5285 edidit
1356 5200 1435 5280 aprrd
1449 5201 1565 5262 Graecos
1581 5245 1589 5274 ,
1604 5215 1633 5261 et

63 5318 244 5378 quamnquam
260 5300 367 5357 Latino
375 5298 492 5376 pulserit
504 5298 621 5380 eloquio
632 5345 641 5376 ,
649 5295 808 5382 plurimum
825 5314 925 5363 tamen
940 5303 1065 5383 scripsit·
1074 5308 1107 5362 in
1122 5300 1225 5362 Graeco
1239 5300 1264 5358 T
1263 5299 1393 5358 beodosii
1406 5299 1511 5373 Magni
1524 5310 1635 5374 tempo-

64 5395 155 5453 ribus.

226 5508 298 5547 rou.
311 5508 381 5550 riti.
1438 5487 1478 5545 22
