3714 5970
784 460 943 513 sraorsrs
968 463 1101 527 aunon,

744 934 749 944 .
834 891 1012 952 DIATIIIBA
1036 893 1076 952 V.

178 1135 307 1219 lloippqe,
323 1137 385 1194 sire
396 1133 455 1195 illa
465 1136 564 1192 omnia
577 1151 643 1211 qua
654 1136 687 1190 irs
698 1129 941 1190 similitudinibus
951 1139 1154 1188 commemorat
1169 1129 1412 1205 chrysostomus,
1422 1150 1489 1209 quoe
1498 1131 1614 1191 adrem
1623 1131 1725 1191 Eccle-

416 1254 420 1261 ·
474 1241 626 1298 siasticam
643 1257 703 1296 non
718 1246 866 1316 spectant,
882 1245 910 1296 et
922 1233 1088 1314 singularia
1100 1255 1176 1314 sepe
1189 1235 1427 1316 complectuntur.

219 1490 327 1551 Genese
334 1466 435 1570 byciae
443 1501 501 1549 erat
512 1488 629 1550 loannes
643 1498 732 1546 noster
744 1497 771 1545 et
779 1481 924 1543 Antioche·
976 1495 1052 1542 motu
1077 1483 1184 1564 agitata
1207 1483 1351 1548 micabant.
1367 1484 1439 1564 Equi
1452 1483 1536 1547 etiam
1548 1485 1723 1567 Imperatoris

177 1600 245 1641 nus:
260 1579 446 1661 familiareque
459 1593 501 1640 est
514 1579 605 1660 Syris,
616 1578 707 1657 inquit
719 1577 923 1658 Hieronymus,
976 1597 1044 1637 auro
1057 1577 1157 1652 onusti,
1169 1591 1195 1638 et
1204 1577 1278 1637 frena
1290 1598 1397 1657 quoque
1409 1598 1489 1638 aurea
1503 1591 1592 1638 eant.

177 1674 219 1733 uti
231 1672 369 1755 parabolis
388 1686 415 1733 et
437 1670 675 1734 similitudinibus.
699 1654 794 1730 llacin
815 1691 843 1730 rc
863 1691 926 1751 per·
1017 1670 1149 1752 Depictis
1159 1691 1223 1731 vero
1238 1675 1422 1750 Augustorum
1431 1670 1600 1752 Imaginibus
1612 1669 1722 1731 hacre-

176 1779 257 1847 petuo
268 1779 392 1826 voratur
403 1765 614 1847 Chrysostomue
626 1764 654 1825 in
668 1763 844 1827 concionibus
854 1761 923 1823 suis.
976 1760 1027 1821 fert
1043 1761 1106 1822 ille:
1124 1787 1140 1820 o
1150 1763 1261 1829 ,Vidisti
1275 1785 1346 1848 sapa
1359 1763 1562 1845 imperatoriam
1575 1762 1719 1844 imagine
1730 1783 1759 1833 r:

176 1857 313 1940 Exempla
324 1859 427 1940 profert
444 1858 651 1940 imperatorum,
662 1856 822 1927 aulicorum,
828 1873 926 1913 oonsu-
977 1853 1091 1914 ceruleo
1105 1856 1215 1916 tinctam
1229 1856 1337 1917 colore:
1351 1855 1451 1917 deinde
1463 1876 1530 1916 vero
1542 1856 1674 1937 pictorem
1683 1847 1752 1918 ab&

176 1949 250 2027 lum,
263 1949 383 2010 dititum
406 1963 434 2011 et
452 1951 647 2032 cujuscumque
661 1947 825 2009 conditionis
836 1946 925 2006 homi·
976 1944 1025 2005 bas
1037 1945 1121 2007 lineas
1130 1948 1289 2025 ducentem,
1304 1964 1330 2010 et
1341 1949 1441 2010 solium
1456 1948 1682 2030 imperatorium,
1694 1963 1721 2011 et

151 2041 154 2047 ’
175 2064 263 2103 num:
281 2043 440 2117 restituente
448 2042 583 2125 depingit,
600 2041 810 2124 supellectilem,
824 2038 924 2100 adium
975 2059 1059 2118 equos
1071 2039 1216 2114 adstantes,
1230 2057 1256 2103 et
1262 2041 1401 2118 satellites,
1416 2056 1443 2103 et
1456 2041 1564 2103 vinctos
1576 2041 1668 2102 hostes
1677 2055 1721 2102 at·

178 2138 293 2197 formam
305 2151 331 2197 ct
344 2150 500 2198 ornamenta
515 2160 522 2195 τ
538 2136 668 2197 circenses
687 2133 768 2195 ludos
781 2147 808 2193 et
824 2131 924 2213 hippo·
976 2152 1029 2210 que
1040 2132 1174 2194 subactos.
1188 2158 1204 2191 s

179 2227 306 2288 drumum
327 2229 480 2308 frequenter
503 2241 704 2288 commemorat.
724 2224 923 2287 Utatheatra·
1017 2224 1166 2285 Paricultu
1188 2225 1502 2303 consulesInoedebant,
1523 2241 1554 2288 ut
1576 2227 1636 2308 ipse
1658 2226 1717 2287 ait:
1748 2245 1759 2293 t

175 2317 249 2379 libus
263 2319 422 2401 spectaculis
431 2320 564 2401 populum
576 2333 680 2392 avocet,
692 2340 752 2398 qua
763 2318 853 2400 turpia
866 2319 924 2378 illic
978 2339 993 2372 o
1009 2318 1070 2377 Non
1090 2317 1189 2378 videtis
1204 2318 1382 2399 Imperatores
1395 2333 1422 2379 et
1435 2320 1558 2381 consules
1578 2341 1663 2380 curru
1672 2308 1758 2400 με,

176 2411 356 2489 gerebantur,
372 2411 528 2469 minutatim
547 2411 686 2471 describit.
699 2410 751 2470 Hic
764 2409 857 2471 videas
871 2431 924 2469 nu·
975 2421 1058 2468 statos
1072 2421 1098 2467 et
1110 2429 1177 2468 auro
1187 2423 1304 2486 ornatos,
1317 2423 1345 2470 et
1354 2411 1482 2471 satellites
1492 2411 1585 2470 omnia
1593 2409 1721 2471 habentes

173 2505 293 2583 ptiarum
305 2503 386 2576 ritus,
397 2504 568 2585 praficarum
579 2524 679 2562 morem
689 2527 696 2560 ε
708 2503 790 2563 modo
803 2502 922 2562 circula-
974 2520 1066 2573 aurea,
1079 2522 1175 2561 aureas
1186 2501 1300 2575 lanceas,
1311 2523 1406 2562 aureos
1415 2503 1525 2584 clypeos
1538 2547 1548 2577 ,
1562 2523 1659 2563 ausus
1673 2522 1720 2564 re·

173 2606 264 2653 torum
278 2607 352 2674 gesta
367 2593 526 2674 singularia,
545 2594 626 2655 modo
639 2594 861 2654 funambulorum
875 2616 922 2655 ar·
973 2608 1037 2669 stes,
1052 2615 1134 2673 equos
1147 2595 1238 2655 aureis
1249 2609 1356 2656 ornatos
1368 2596 1529 2677 ephippiis?
1543 2622 1558 2649 a

172 2697 228 2745 tem
240 2686 372 2765 ,justitia
386 2687 542 2748 exercende
557 2687 649 2761 ritum,
663 2687 862 2767 praestigiarum
876 2709 922 2769 ge·
1013 2690 1191 2769 Imperatores
1212 2688 1343 2769 prefectis
1363 2689 1419 2748 suis
1442 2709 1536 2749 aureas
1545 2687 1718 2770 porrigebant
1726 2699 1758 2748 rt

173 2799 237 2836 nero
251 2777 371 2858 plurima
380 2823 389 2852 ,
402 2778 508 2858 aliaque
521 2779 664 2860 permulta.
679 2778 746 2850 Quae
761 2780 862 2857 omnia,
875 2801 921 2840 or·
974 2780 1086 2842 tabellas
1107 2782 1134 2842 in
1159 2782 1332 2861 magistratus
1350 2782 1468 2862 algnum.
1492 2781 1612 2858 Quando
1628 2782 1717 2841 literas
1726 2778 1745 2808 ⁸·

171 2869 362 2951 dinequodam
374 2869 520 2930 dIstributa
528 2915 539 2949 ,
551 2870 596 2930 hic
606 2892 742 2932 recensere
752 2891 840 2951 operae
852 2893 919 2953 pre·
972 2875 1114 2934 mittebant
1127 2875 1305 2955 Imperatores
1325 2876 1384 2936 sire
1403 2876 1433 2937 in
1454 2877 1559 2936 theatin
1573 2877 1634 2936 sire
1653 2874 1717 2935 alibi
1724 2847 1758 2956 1⁴,

172 2964 243 3022 tium
255 2960 405 3022 essedum.
529 2998 534 3007 ·
971 2965 1106 3046 legendas,
1120 2988 1157 3026 eu
1171 2988 1234 3027 cum
1247 2989 1344 3048 magna
1355 2970 1504 3030 reverentia
1517 2983 1638 3053 excepta
1647 2970 1715 3050 Iege·
1724 2980 1758 3018 aa

972 3059 1072 3119 bantur
1085 3059 1227 3120 silentibus
1240 3061 1376 3121 omnibus.
1726 3047 1758 3098 ¹⁰²

220 3173 436 3255 Imperatorum
447 3176 555 3252 cultus,
569 3188 679 3254 uestes,
689 3188 877 3254 ornamenta,

406 3283 510 3357 aulici,
521 3283 675 3343 satellites.
1066 3275 1248 3354 Optimatum
1262 3287 1290 3333 et
1301 3275 1426 3335 diuitum
1437 3275 1536 3349 turus,
1547 3297 1629 3358 opes,

1201 3379 1289 3452 tedes,
1305 3399 1417 3454 mensa,
1432 3391 1486 3439 etc·
1577 3396 1581 3403 ’

16 3447 158 3512 rapam.
211 3439 364 3520 Imperator
390 3460 517 3501 coronam
538 3441 659 3521 gestabat
682 3462 792 3501 auream
805 3442 919 3522 gemmis

17 3509 160 3617 {tout-
172 3533 309 3612 magniset
322 3532 699 3613 pretiosissimisintertextam
712 3557 864 3617 :purpureo
872 3556 919 3596 ve·
1012 3535 1181 3614 Optimatum
1190 3556 1333 3615 quoqueac
1342 3537 1461 3597 divitum
1469 3539 1570 3598 tasum
1582 3553 1609 3600 et
1621 3540 1721 3600 luxum¹

172 3623 237 3683 stitu
249 3635 305 3683 toto
319 3644 431 3704 corpore
438 3626 569 3705 fulgebat.
587 3626 745 3686 Soliautem
759 3628 920 3708 Imperatori
973 3629 1130 3708 perstringit
1150 3630 1380 3712 Chrysostomus,
1404 3628 1589 3711 describitque
1619 3631 1712 3693 aedium

17 3739 160 3803 r‚5„,‚,95,
172 3715 270 3776 licebat
285 3728 388 3794 gestare
401 3738 550 3797 purpuram
561 3731 587 3775 et
601 3717 727 3777 diadema
737 3719 765 3777 in
779 3719 875 3798 capite.
888 3721 919 3779 ln
973 3723 1220 3802 magnificentiam,
1236 3723 1352 3784 vestium
1365 3723 1478 3798 cultum,
1499 3744 1656 3784 mensarum
1664 3746 1708 3806 ap·

19 3804 44 3845 ἃ·
173 3807 294 3866 restibus
303 3808 361 3886 ejus
375 3809 467 3866 scricis
478 3808 606 3867 dracones
619 3807 741 3888 depictos
748 3809 841 3870 videre
854 3825 920 3872 erat.

173 3901 264 3961 Aulici
279 3922 388 3980 quoquc
406 3917 432 3961 et
456 3902 583 3962 satellites
602 3903 660 3984 ejus
679 3925 746 3963 auro
759 3905 917 3984 fulgebant,

172 4006 259 4052 restes
272 4013 364 4051 eorum
378 3993 467 4052 aureis
479 3993 534 4053 filis
552 3994 703 4056 intertextas
716 4010 791 4055 erant
802 4020 808 4054 :
820 3997 917 4059 horum

170 4084 411 4145 lanceaedeauratae
422 4110 429 4143 ε
442 4087 504 4166 equi
517 4108 598 4146 aureo
611 4088 694 4164 freno,
707 4088 837 4171 ephippia
850 4113 918 4153 auro

171 4177 309 4238 micantia.

210 4270 261 4329 Per
275 4271 370 4330 urbem
381 4283 526 4352 etcampos
536 4286 695 4349 exeuntem,
708 4289 875 4336 scutatorum
891 4293 918 4339 et

171 4361 339 4423 hastatorum
361 4363 483 4425 cohortes
503 4365 654 4447 stipabant,
670 4367 717 4446 qui
734 4369 827 4450 stipsi
850 4391 917 4434 auro

171 4456 260 4515 onusti
272 4457 381 4538 clypeos
402 4459 541 4538 gestabant
555 4460 648 4520 alueis¹
658 4460 795 4521 umbilicis
807 4461 917 4523 decora·

170 4559 227 4623 tos,
244 4547 346 4606 circum
361 4563 450 4610 autem
461 4551 604 4613 umbilicos
617 4555 691 4614 aurei
703 4555 775 4615 octrli
789 4557 917 4618 viseban-

170 4651 229 4712 tur3
243 4639 301 4697 lora
311 4638 346 4698 ad
361 4661 481 4701 summas
494 4666 554 4705 oras
569 4660 677 4706 extensa
694 4647 799 4728 lapillis
822 4663 915 4709 ornata

14 4746 43 4792 τ.
56 4763 75 4793 1.
86 4769 108 4809 p.
120 4763 155 4808 ¹t·
169 4730 262 4788 multis
273 4745 358 4790 erant.
378 4733 482 4792 Currus
502 4739 618 4816 Atigusti
630 4754 701 4798 totus
714 4762 811 4799 aureus
819 4786 828 4817 ,
847 4746 915 4822 jugo

168 4820 292 4882 albarum
304 4823 440 4882 mularum
461 4845 528 4885 auro
541 4826 701 4907 fulgentium
713 4832 824 4909 junctus
836 4848 912 4909 erat;

15 4925 155 4986 T.6.p.295.
170 4912 205 4972 ita
225 4928 256 4974 ut
278 4915 441 4974 mirarentur
464 4937 568 4991 omnes,
586 4920 672 4999 inquit
688 4923 911 5008 chrysostomus,

14 4991 38 5030 ‘¹'
168 5009 396 5087 purpuraessot'mn
406 5030 589 5086 ,gemmarum
602 5015 834 5094 magnitudinem,
852 5043 910 5081 mu·

12 5071 42 5175 'crs
51 5068 74 5174 ff,
83 5072 154 5183 ¹1⁶5]
167 5098 256 5157 larum
271 5100 389 5159 alborem
401 5144 410 5176 ,
419 5102 517 5180 jugum
543 5124 655 5162 aureum
668 5151 676 5179 ,
687 5120 712 5165 et
727 5110 803 5166 strati
823 5113 911 5191 fulgo·

13 5211 35 5250 r·
46 5194 101 5253 ⁵90·
116 5179 138 5237 θ’·
165 5212 233 5261 reni,
249 5192 322 5270 quod
337 5208 450 5253 stratum
463 5195 574 5254 ulveum
587 5208 644 5255 erat
656 5211 736 5276 atque
749 5199 907 5264 candidum.

13 5258 67 5316 ⁵⁹¹¹
77 5272 99 5300 ¹·
164 5282 196 5341 lu
209 5304 289 5343 curru
304 5286 485 5346 verolamium
498 5301 574 5348 erant
587 5309 675 5349 aureae
689 5292 837 5352 versatiles.
848 5317 907 5359 qum

972 3828 1106 3894 paratum,
1124 3815 1304 3896 parasitorum
1318 3817 1435 3895 agmina,
1445 3816 1611 3877 famulorum
1623 3818 1710 3899 ingen·

972 3918 1026 3966 tem
1035 3928 1187 3969 numerum.

1011 4000 1163 4082 Optimates
1178 4002 1262 4080 igitur
1272 4015 1298 4061 et
1309 4001 1428 4082 opulenti
1448 4002 1551 4083 quique
1560 4002 1616 4062 viri
1627 4001 1712 4062 serids

970 4091 1059 4151 induti
1073 4093 1193 4152 vestibus
1204 4107 1280 4152 erant
1300 4115 1367 4153 auro
1382 4094 1533 4155 iutertextis
1550 4110 1578 4155 et
1591 4096 1711 4175 magnifi-

970 4184 1030 4244 cis:
1050 4199 1185 4264 unguenta
1208 4199 1234 4244 et
1254 4200 1374 4246 aromata
1392 4208 1498 4268 semper
1511 4188 1640 4248 olebant:
1653 4207 1711 4248 eona

969 4277 1107 4358 praeclncti
1118 4298 1208 4352 aurea,
1218 4276 1414 4357 calceiquoque
1424 4301 1491 4339 auro
1505 4279 1656 4360 fulgebant.
1667 4281 1711 4338 Fr·

971 4370 1106 4429 mulorum
1115 4369 1333 4430 eteunuchorum
1343 4371 1449 4432 turham
1462 4374 1598 4453 ingentem
1612 4373 1711 4432 alereet

970 4475 1102 4528 ostentare
1115 4483 1222 4521 summo
1236 4463 1327 4523 studio
1341 4465 1482 4541 curabant,
1492 4486 1611 4545 quorum
1637 4463 1709 4524 multi

968 4554 1078 4614 barbari
1096 4570 1180 4616 erant.
1201 4557 1243 4614 De
1263 4576 1346 4637 opum
1359 4557 1455 4637 grandi
1474 4559 1553 4639 copia
1565 4572 1592 4618 et
1604 4557 1711 4617 famqu
1740 4586 1756 4632 ς

969 4669 1029 4707 rum
1047 4669 1159 4708 numero
1174 4648 1233 4707 haec
1252 4650 1367 4730 carptim
1391 4650 1459 4710 dicit
1481 4648 1757 4731 chrysostomuszttt·

968 4765 983 4795 u
994 4742 1030 4800 Et
1040 4752 1068 4799 tu
1088 4741 1198 4820 quidem
1213 4755 1253 4800 tot
1266 4762 1397 4802 niemoras
1407 4756 1484 4802 terrm
1499 4744 1609 4823 jugera,
1621 4743 1711 4803 domos

966 4831 1059 4893 decern
1073 4835 1115 4895 sel
1136 4834 1245 4915 viginti,
1266 4833 1362 4895 balnea
1387 4834 1518 4913 totidem,
1533 4858 1626 4897 servos
1642 4837 1712 4897 mille

965 4940 1013 4984 aut
1035 4926 1078 4985 bis
1103 4926 1189 5000 mille,
1205 4949 1300 4986 currus
1319 4930 1452 5007 argenteis
1471 4928 1581 4988 laminis
1590 4930 1635 4988 vel
1650 4948 1710 4988 auro

966 5033 1080 5097 opertos.
1098 5044 1112 5074 u
1130 5019 1255 5079 Eunuchi
1270 5019 1350 5077 etiam
1364 5033 1390 5077 et
1404 5019 1500 5078 famuli
1514 5041 1582 5079 auro
1607 5021 1710 5101 fulgen·

967 5123 1004 5168 tes
1017 5125 1102 5186 crant,
1116 5111 1267 5189 lucrumque
1279 5111 1392 5191 plurimi
1407 5112 1549 5190 torquibus
1559 5127 1585 5172 et
1597 5113 1709 5174 armillis

964 5204 1052 5263 aurcis
1072 5204 1275 5263 decorabantur.

1003 5297 1116 5358 hidium
1128 5317 1235 5376 quoque
1249 5295 1421 5377 splendorem
1433 5310 1459 5357 et
1478 5298 1708 5379 magnificentiam
