3714 5970
884 478 931 550 κῃ

150 617 278 680 operum
297 599 462 665 relatorum
482 597 563 662 locos
582 619 620 662 ex
646 597 778 663 editione
791 602 855 682 iper
871 599 1027 665 addendos
1047 600 1258 682 judicavimus.
1285 602 1379 681 Quod
1394 604 1484 666 uobis
1504 607 1538 666 in
1558 622 1690 671 mentem

149 711 237 762 vocat
248 699 328 776 illos,
342 699 564 781 qnietolimet
575 700 739 782 nupersibi
750 710 967 782 persuaserunt
979 696 1086 759 eodem
1097 697 1367 761 mueasePonidii
1377 699 1552 782 catalogum
1564 722 1691 783 operum

148 795 334 877 Augustini,
353 797 440 860 brevi
458 810 527 879 poet
543 796 663 860 obitum
685 800 779 862 sancti
792 799 850 861 riri
868 818 886 859 a
899 794 1049 875 discipulo
1057 807 1088 856 et
1099 795 1198 857 amico
1215 797 1280 875 ejus
1295 796 1480 862 coniectum.
1495 798 1600 878 liujus
1612 804 1690 865 enh

147 892 273 975 osningi
285 892 375 974 plane
387 895 537 956 contraria
549 896 595 956 vis
606 908 672 957 ests
686 916 759 957 narn
768 893 906 976 plerique
923 908 1031 954 eorum
1046 891 1101 971 qui
1113 890 1321 971 Austrstinum
1339 893 1464 957 mentiri
1479 893 1638 975 volebant,
1654 917 1690 960 ca

150 985 204 1049 illo
216 987 406 1069 perditorum
420 1010 547 1070 operum
556 989 661 1053 titulos
671 1003 701 1052 et
713 1004 891 1071 argumenta
905 986 1059 1050 bacanda
1071 985 1222 1067 petebant.

188 1149 500 1215 Gorameccleaiastico
511 1151 616 1215 lectori
626 1151 713 1215 haud
727 1151 820 1214 dubie
831 1150 1031 1232 gratissimam
1042 1149 1075 1209 iu
1085 1164 1117 1209 se
1130 1145 1331 1228 recepitller.
1342 1145 1592 1226 abbasSiosnet,
1604 1165 1690 1232 oper

150 1258 353 1341 Chrysostomi
362 1260 577 1343 palustrandi,
588 1263 665 1324 utin
679 1261 753 1324 locis
773 1260 916 1324 omnibus
929 1280 968 1322 ex
981 1258 1118 1320 interiori
1129 1256 1300 1338 cognitione
1310 1256 1490 1341 dogmnm
1501 1257 1537 1323 8.
1557 1260 1690 1325 heisa

148 1363 361 1446 dijudicandis,
371 1367 397 1429 si
408 1367 484 1448 qaid
497 1366 621 1430 haberet
630 1370 740 1431 rectim
749 1365 958 1444 mutandum,
971 1363 1116 1428 doctrina
1128 1381 1188 1426 ann
1198 1382 1257 1445 ope
1267 1363 1397 1427 editores
1406 1363 1580 1447 adjuraret.

142 1506 144 1510 ‘
187 1522 257 1586 tam
272 1524 404 1587 breviar
416 1525 563 1606 pemeus
575 1525 688 1607 quus.
702 1525 791 1588 rebus
805 1536 907 1588 naas
918 1518 1027 1598 ntae,
1040 1521 1249 1582 memoro
1268 1536 1296 1583 a
1318 1527 1461 1585 mart.
1482 1523 1615 1588 ctutum
1633 1546 1688 1609 με

148 1639 181 1682 se
190 1618 298 1698 ferens,
312 1642 330 1682 a
344 1633 443 1682 vetere
457 1621 725 1684 Montfancouiaua
736 1619 864 1697 differat,
875 1620 967 1682 linem
976 1616 1120 1700 prniandi
1131 1616 1226 1679 iacere
1235 1630 1419 1699 poteramus,
1434 1620 1495 1682 nisi
1505 1620 1687 1685 absolvendo

148 1716 230 1788 intra
244 1717 389 1779 terminos
403 1719 581 1779 constitutos
595 1719 678 1798 operi
691 1738 777 1780 mors
795 1715 912 1798 objecta
930 1728 1006 1779 emet
1019 1734 1142 1795 prorsus
1153 1715 1364 1796 inexspectata.
1389 1714 1553 1779 Nimirum
1565 1733 1685 1783 excunte

148 1831 232 1872 anno
246 1811 323 1872 1⁸35
336 1810 467 1873 fasciculi
480 1810 636 1886 undecim,
646 1813 709 1875 sive
721 1810 876 1874 volumina
888 1809 1025 1891 quinque
1034 1822 1065 1870 et
1078 1807 1253 1888 dimidium,
1264 1810 1318 1873 illo
1332 1824 1468 1894 tempore
1479 1812 1630 1891 absoluta
1642 1817 1685 1877 in·

148 1904 256 1967 cendio
276 1906 397 1987 penitus
415 1905 554 1970 &sumta
567 1921 655 1985 suot,
681 1909 723 1969 ita
736 1920 773 1969 ut
793 1905 946 1969 undecimi
968 1904 1101 1967 fasciculi
1123 1906 1264 1969 nondum
1277 1909 1377 1971 emisd
1390 1930 1431 1970 ne
1451 1931 1557 1972 unum
1570 1909 1681 1992 quiden

148 1999 322 2081 exemplum
335 2015 516 2064 servaretur.
545 2003 674 2066 librarii
687 2002 877 2084 aliquamdiu
895 2002 1028 2084 graviter
1046 2002 1169 2080 afflicti,
1181 2004 1304 2065 nudem
1316 2017 1346 2065 et
1359 2006 1464 2067 innata
1486 2005 1638 2071 alacritate
1654 2022 1681 2069 et

148 2108 309 2180 emtorum·
320 2099 445 2159 nomina
458 2097 602 2161 mnrium
613 2098 832 2181 promtitudine
854 2098 955 2174 erecti,
976 2098 1125 2176 jacturam
1142 2098 1310 2161 instaurare
1322 2114 1354 2162 et
1366 2121 1444 2182 opus
1456 2100 1605 2163 adfinem
1619 2123 1679 2184 ptr·

148 2191 259 2255 ducere
272 2192 482 2257 decreverunt.
499 2193 560 2256 Sed
574 2196 643 2258 linis
654 2199 717 2276 jam
730 2215 790 2256 non
805 2207 924 2277 poterat
935 2192 1042 2276 attingi
1055 2214 1137 2257 anno
1152 2196 1246 2274 1837,
1266 2196 1398 2259 termino
1409 2195 1488 2258 olim
1513 2199 1677 2273 contrituto,

147 2290 222 2370 quia
234 2310 318 2370 pane
336 2288 464 2353 dimidia
475 2312 545 2372 paro
565 2290 759 2354 voluminum
779 2291 818 2352 ad
831 2288 1001 2372 typothetae
1019 2290 1118 2353 redire
1129 2291 1267 2356 debebat.
1286 2294 1365 2355 llinc
1383 2294 1480 2376 igitur
1496 2294 1618 2356 altemir
1627 2293 1678 2357 lere

149 2385 265 2447 vicibus
276 2385 408 2447 fasciculi
420 2388 609 2449 inmutandi
616 2402 647 2452 et
656 2389 728 2452 novi
741 2387 826 2470 prelo
834 2386 998 2463 dabantur,
1008 2407 1108 2468 usque
1119 2387 1196 2450 dum
1208 2389 1310 2451 medio
1321 2410 1403 2452 anno
1413 2392 1583 2472 superiore,
1601 2391 1674 2465 18³9.

149 2493 248 2542 totum
260 2501 336 2562 opus
349 2480 523 2544 absolutum
537 2495 621 2546 esset.
634 2485 674 2545 At
684 2482 859 2563 scrupulosa
872 2503 945 2544 eura
955 2485 1050 2547 Revv.
1060 2482 1187 2546 Patrum
1200 2486 1469 2549 benedictinorum
1480 2489 1517 2549 in
1530 2485 1675 2550 condeod'n

148 2575 314 2650 indicibus,
329 2599 405 2657 quos
418 2599 474 2640 sna
485 2600 580 2640 mauu
592 2581 789 2660 scripserant,
805 2590 836 2641 et
849 2582 881 2640 in
895 2580 1109 2661 speciminibus
1121 2581 1355 2664 typographicis,
1369 2582 1426 2643 ubi
1449 2604 1592 2646 numeros
1603 2582 1673 2664 prgi-

147 2693 258 2734 narum
267 2693 374 2736 omncs
386 2695 458 2735 curn
472 2675 602 2739 editione
615 2678 727 2739 iterum
738 2678 964 2759 comparabant,
984 2677 1183 2761 perlegendis,
1197 2678 1341 2759 postremi
1353 2677 1489 2740 bsdculi
1501 2678 1671 2742 emieaiooen

147 2767 282 2830 adhunc
298 2768 380 2831 diem
394 2773 534 2834 extraxit.

167 2944 170 2950 “
188 2929 233 2990 De
245 2929 377 3009 repetitis
392 2928 599 2994 voluminibus
609 2930 667 2993 hoc
679 2930 855 2994 addendum
865 2943 910 2994 eet
923 2976 931 3009 ,
946 2951 1017 2993 cnm
1029 2931 1127 3013 primo
1148 2942 1179 2993 et
1190 2931 1335 3012 amando,
1351 2952 1422 3015 qua
1432 2946 1504 3016 post
1515 2932 1665 3016 rdiqarn

147 3022 278 3104 pothetis
292 3024 500 3103 tradebantur,
513 3025 699 3089 Savilianam
708 3021 873 3090 editionem
886 3026 1065 3091 adverbum
1077 3025 1216 3091 abnobia
1228 3049 1290 3093 esse
1298 3028 1461 3103 collatam
1478 3050 1542 3112 qna
1555 3038 1663 3091 amre

147 3119 231 3202 quali
241 3121 355 3200 ductu,
376 3143 413 3184 ex
430 3144 519 3205 supra
533 3124 619 3187 dictis
635 3123 757 3187 abunde
777 3123 966 3207 intelligitur.
986 3122 1128 3206 Denique
1141 3126 1320 3189 universnm
1332 3144 1413 3206 opus
1426 3146 1445 3186 a
1466 3127 1564 3208 capite
1574 3123 1609 3187 od
1618 3120 1660 3184 orl·

146 3244 212 3284 cem
232 3246 343 3306 magua
361 3224 516 3307 diligentia
537 3226 706 3308 perlectum
715 3240 760 3289 est
774 3250 792 3290 a
805 3229 858 3289 Fr.
880 3228 1037 3303 Ddbmro,
1051 3228 1106 3308 qui
1119 3223 1235 3306 ultique
1252 3223 1285 3283 in
1304 3220 1419 3302 quibus
1428 3219 1589 3284 offenderet
1596 3216 1659 3280 nobi

147 3319 304 3383 indicavit.

187 3478 308 3560 Pagina
322 3500 376 3559 per
395 3492 493 3542 totum
507 3503 596 3563 opus,
611 3482 694 3563 quod
704 3484 769 3543 fieri
781 3482 868 3544 aliter
889 3503 952 3544 non
964 3493 1100 3563 poterat,
1122 3491 1195 3541 sunt
1205 3479 1311 3540 veteris
1330 3476 1473 3538 editionis
1494 3474 1655 3537 Montitun·

147 3584 254 3662 nianae,
269 3585 300 3644 iu
314 3584 469 3648 iudicibus
482 3586 608 3649 demum
626 3587 745 3669 dnobus
756 3609 859 3650 rerum
872 3600 903 3650 et
916 3585 1074 3669 Scriptura
1093 3604 1182 3647 sacra
1202 3583 1339 3647 locorum
1358 3581 1399 3645 ad
1411 3603 1525 3645 noram
1545 3580 1612 3643 benc
1622 3597 1654 3640 rt·

147 3687 225 3751 latae.

187 3845 274 3926 Vale,
288 3849 406 3924 Lector,
420 3861 451 3909 et
459 3869 600 3929 operam,
619 3850 740 3932 qualem
751 3871 809 3934 pro
822 3872 925 3914 rerum
938 3851 1112 3914 conditione
1120 3852 1153 3913 in
1176 3848 1390 3932 chrysostomo
1411 3867 1526 3930 ponere
1532 3845 1614 3921 licuit,
1628 3861 1651 3904 tt

147 3966 210 4027 qua
219 3944 304 4007 decet
314 3946 455 4025 aequitate
464 3946 603 4027 excipito.

142 4253 147 4259 .
271 4205 420 4271 scripsimus
431 4206 541 4268 Paririla

269 4294 449 4358 transactis,
459 4295 631 4351 MDCCCXL.
1168 4305 1420 4351 meum!
1437 4306 1513 4350 m.
