3714 5970
867 508 902 553 lb'

123 664 129 681 .
157 640 207 697 vr,
222 642 257 683 u.
270 625 317 699 6),
331 626 410 686 mira
424 626 465 687 sit
483 625 532 689 rel
549 648 717 708 pancorum
737 630 887 707 codicum,
905 634 960 713 qui
984 647 1158 712 supersunt,
1185 634 1353 709 diversitas,
1379 639 1497 702 diversa
1520 641 1592 702 item
1613 643 1644 702 in

123 715 223 793 nlt'u,
245 729 385 782 eoeunta
408 719 537 802 alioqui,
559 725 657 786 versio
669 723 803 786 Mutiani
817 729 903 806 jussu
925 726 1093 787 cassiodori
1118 731 1273 804 conlecta,
1296 733 1452 814 probabile
1474 748 1518 796 est
1539 751 1647 817 praeter

123 816 387 879 munionem
411 820 614 881 recensionem
627 822 718 883 etiam
732 822 804 885 alias
826 826 858 884 in
873 824 1011 886 homines
1025 827 1142 901 exiisse,
1167 846 1203 888 ex
1226 827 1357 889 aliorum
1371 829 1646 912 tachygraphorum

123 916 222 983 huis
231 920 380 986 collectas.
393 920 533 985 Ceterum
546 944 583 986 ex
603 925 723 989 duobus
743 929 908 1003 codicibus,
922 950 997 1010 qnos
1012 929 1209 1007 contulimus,
1224 932 1497 997 etCommeliniana
1515 938 1647 1000 editione

123 1014 258 1081 malls
282 1017 443 1081 emendae
460 1022 597 1102 contigit,
619 1022 731 1084 licetin
750 1027 928 1087 universum
949 1024 1052 1087 Savilii
1064 1039 1095 1086 et
1110 1026 1319 1092 Montlaucoui
1337 1044 1434 1092 textus
1454 1053 1489 1093 ex
1509 1032 1645 1094 meliori-

123 1130 162 1177 Ι
182 1111 323 1176 lontibus
343 1113 497 1178 derivatus
515 1119 564 1180 sit.
580 1118 762 1182 versionem
778 1121 1020 1202 latinam,quam
1040 1121 1169 1184 Savilius
1180 1125 1372 1204 rejiciendam
1385 1141 1518 1188 suaserat
1532 1140 1563 1187 ut
1582 1150 1648 1208 pes·

123 1212 227 1287 hura,
252 1210 382 1273 minime
403 1231 476 1273 vero
487 1213 722 1277 mendosiorem
740 1231 913 1278 receserunt
934 1217 1139 1291 Benedictini,
1165 1241 1221 1282 nos
1240 1221 1397 1302 aliquanto
1416 1222 1646 1286 tolerabiliorem

123 1306 305 1375 diluimus.
330 1310 570 1376 Iuerneudandn
594 1312 727 1377 Mutinni
748 1319 885 1379 versione
908 1319 1044 1397 primum
1068 1317 1165 1399 adjuti
1198 1340 1304 1380 sumus
1320 1331 1439 1380 vetusto
1466 1320 1644 1400 exemplari,

123 1408 194 1493 *ι
210 1409 392 1493 compendia
415 1411 601 1474 benedictini
621 1434 697 1496 saepe
722 1436 879 1497 perperam
903 1414 1132 1496 intellexerant,
1150 1413 1259 1475 deinde
1281 1414 1455 1476 Graecorum
1476 1416 1644 1492 collatione,

124 1500 403 1569 ndiniuetiouem
420 1506 584 1569 absurdam
596 1509 667 1590 plus
684 1509 768 1571 mille
781 1512 853 1572 locis
873 1512 1117 1583 emendavimus3
1139 1509 1271 1591 denique
1291 1511 1323 1570 in
1348 1511 1454 1573 multis
1476 1515 1646 1592 conjectura

124 1596 259 1665 mim
272 1613 349 1678 erat,
373 1614 409 1663 ut
427 1623 464 1663 ex
487 1606 574 1666 uncis
593 1607 775 1687 interpositis
789 1621 990 1688 cognoscetur.
1018 1607 1095 1670 Vide
1119 1606 1252 1684 subjecta
1269 1607 1391 1668 sectioni
1413 1608 1431 1667 5
1451 1605 1645 1684 Prasstionis,

124 1716 174 1781 η·
195 1708 248 1763 Ἦ.
269 1695 331 1759 Sed
352 1702 551 1780 quantumvis
573 1702 751 1765 sudavimus
775 1705 806 1764 in
833 1704 1012 1787 negligentia
1029 1704 1179 1766 editorum
1194 1725 1230 1765 ex
1250 1702 1296 1765 bis
1310 1702 1449 1764 llomiliis
1459 1702 1644 1783 expellenda,

124 1786 201 1853 robe
223 1790 337 1853 scimus
347 1791 381 1852 in
396 1793 488 1854 sterili
501 1793 559 1856 boc
578 1799 795 1859 commentario
805 1797 902 1859 multa
914 1799 1079 1880 prestanda
1091 1820 1262 1880 superesse:
1287 1819 1355 1880 quae
1368 1798 1585 1860 successoribus
1600 1841 1608 1871 ‚
1623 1802 1648 1861 si

124 1886 267 1969 plaut
279 1910 357 1970 quos
366 1888 536 1956 haecstudia
545 1893 701 1970 delectent,
712 1919 775 1957 non
790 1899 923 1978 ingratiis
935 1897 1192 1959 commendamus.

145 2018 314 2102 Excipiunt
328 2021 411 2084 bunc
424 2027 682 2088 commentarium
700 2027 839 2090 Homiliae
850 2027 1101 2090 excellentissima
1116 2029 1268 2105 undecim,
1289 2049 1307 2090 a
1322 2026 1539 2089 Montsaucono
1547 2027 1647 2107 primo

124 2114 210 2193 hs
232 2139 302 2199 que
324 2123 504 2184 meritorum
521 2127 587 2203 ejus
608 2125 646 2186 de
671 2125 703 2186 S.
728 2126 941 2209 Chrysostomo
971 2149 1034 2189 non
1067 2128 1175 2207 exigua
1196 2146 1265 2204 pars
1287 2138 1340 2185 est.
1366 2123 1585 2184 Duodecimum
1610 2144 1648 2183 ex

124 2212 303 2279 amuis
318 2217 429 2280 codicis
449 2219 588 2283 Vaticani
604 2224 668 2301 jam
686 2235 757 2284 ante
781 2224 814 2283 in
829 2222 1013 2286 Coisliniano
1037 2223 1171 2303 quodam
1191 2219 1293 2282 codice
1319 2218 1464 2280 detectam
1488 2218 1574 2298 prius
1587 2216 1648 2278 luci

124 2307 275 2377 brevem
294 2315 327 2373 in
350 2312 507 2376 volumine
520 2338 564 2389 vr,
586 2316 639 2379 ubi
663 2318 887 2382 emendationes
907 2319 1055 2400 quasdam
1077 2341 1114 2380 ex
1138 2317 1245 2378 eodem
1266 2315 1367 2378 codice
1389 2316 1501 2377 iterum
1525 2333 1646 2376 excusso

124 2406 205 2477 [Pr.
216 2407 366 2471 Mattlraeii
375 2413 627 2474 commentarium
637 2412 718 2475 dees
727 2416 880 2494 integrum
891 2414 1017 2496 protudit
1030 2417 1187 2477 Sinnerus.

153 2534 255 2622 Reque
276 2540 454 2602 mirandum
474 2555 519 2604 est
536 2541 790 2606 Montfauconum
812 2544 890 2607 illud
909 2546 1069 2607 inventum
1089 2544 1263 2626 sepiuscule
1286 2546 1370 2625 quasi
1396 2545 1428 2604 in
1455 2541 1648 2622 triumphum

129 2630 231 2697 duim
243 2638 288 2711 (iu
314 2635 492 2698 Praelatione
513 2638 678 2701 voluminis
691 2661 763 2716 vrn,
782 2662 850 2722 pag.
873 2641 934 2700 stu
946 2641 1111 2704 voluminis
1124 2663 1179 2719 arr,
1193 2663 1225 2721 p.
1251 2645 1309 2704 132
1329 2638 1493 2700 voluminis
1517 2658 1590 2711 xrrr,
1615 2650 1645 2699 et

133 2730 211 2810 stab:
225 2756 297 2797 nam
316 2756 420 2798 revera
436 2737 495 2798 illae
505 2738 644 2800 Humilia
658 2738 705 2801 vel
719 2742 797 2801 inter
808 2741 936 2820 optimas
949 2739 981 2800 S.
995 2738 1092 2802 Patris
1102 2737 1258 2818 splendide
1268 2738 1386 2798 enitent·
1395 2747 1425 2796 et
1439 2733 1578 2795 dictionis
1588 2733 1649 2794 ele-

135 2829 213 2909 prtia
224 2842 255 2890 et
266 2827 484 2891 sententiarum
498 2833 530 2893 vi
543 2845 635 2912 atque
650 2834 796 2913 gravitate
802 2831 861 2914 [*);
872 2846 1016 2914 preterea
1029 2845 1093 2894 tam
1106 2834 1235 2895 historia
1249 2831 1330 2894 illius
1340 2831 1481 2911 temporis
1496 2842 1650 2891 momenta

133 2925 248 3005 'darn
260 2926 408 2990 hactenus
426 2930 538 3010 ignota,
548 2951 642 3010 quam
652 2930 850 3012 arcbaeologiae
872 2929 1049 2992 Christiana
1063 2932 1200 2993 notiones
1216 2927 1334 3008 aliquot
1351 2946 1444 2988 novas
1469 2926 1646 2986 continent:

132 3036 185 3107 Ῥ
202 3046 246 3089 trs
263 3026 405 3107 pluribus
431 3029 564 3110 exposita
582 3042 626 3091 est
646 3030 677 3089 in
702 3027 832 3089 Monito.
854 3025 925 3088 lam
942 3029 1112 3108 antiquitus
1124 3039 1226 3088 autem
1242 3036 1318 3086 nota
1339 3035 1424 3083 erant
1446 3033 1476 3082 et
1501 3020 1541 3081 ab
1553 3019 1648 3080 eccle-

133 3120 231 3187 'uicis
245 3127 442 3208 scriptoribus
457 3141 611 3210 excerptae,
626 3140 661 3189 ut
683 3127 956 3189 demonstravimus
971 3127 1003 3186 in
1024 3125 1130 3186 eodem
1144 3122 1264 3184 Monito
1285 3142 1317 3199 p.
1332 3120 1392 3181 319
1410 3116 1458 3178 rel
1472 3116 1540 3180 ⁴53.
1557 3115 1649 3178 Gete-

139 3232 187 3280 τι
198 3220 499 3285 blontlauconianum
513 3223 663 3298 ordinem,
678 3243 777 3303 neque
789 3244 826 3284 ex
839 3223 939 3285 codice
952 3221 1079 3283 ductum
1093 3238 1193 3300 neque
1204 3217 1295 3277 rebus
1313 3215 1384 3295 ipsis
1405 3213 1649 3288 convenientem,

140 3310 333 3381 slinstitutnm
344 3332 483 3380 nostrum
496 3318 667 3401 relinquere
683 3320 830 3379 intactum
853 3319 946 3379 coacti
959 3336 1095 3389 eramus,
1115 3333 1291 3396 quanquam
1308 3328 1486 3391 persuasum
1506 3306 1648 3369 habentes

139 3404 265 3475 flurslln
277 3435 341 3476 non
354 3416 462 3497 exigna
474 3417 669 3479 intercessisse
681 3419 762 3479 iuter
772 3416 960 3498 singularum
975 3414 1170 3477 homiliarum
1176 3409 1454 3493 pronuntiationem
1466 3431 1475 3466 e
1489 3404 1528 3466 de
1540 3426 1601 3486 qua
1615 3426 1647 3466 re

138 3512 283 3572 murm
304 3525 440 3573 nostram
457 3514 618 3593 partimin
641 3511 853 3575 additamentis
878 3511 918 3573 ad
942 3511 1116 3587 Monitum,
1138 3509 1249 3590 partim
1277 3507 1309 3566 in
1336 3501 1647 3565 aninmdversionibus

138 3605 208 3665 Ulpi
225 3607 366 3689 subjectis
378 3607 509 3671 breviter
527 3610 770 3691 significavimus,
793 3607 932 3691 pluribus
945 3620 1047 3669 autem
1059 3605 1132 3668 alibi
1145 3601 1387 3686 significabimus
1411 3599 1475 3660 lloc
1488 3596 1648 3680 addimus,

133 3690 297 3764 'sumtum
323 3704 475 3785 probasse,
495 3705 660 3770 Homilirun
686 3731 754 3790 quse
774 3708 885 3790 legitur
906 3707 1063 3771 volumine
1082 3727 1127 3781 vr,
1149 3724 1219 3785 pag.
1243 3701 1303 3765 255
1323 3720 1403 3781 sqq„
1428 3698 1568 3778 scriptam
1586 3716 1648 3758 esse

131 3794 353 3871 *Rupiliam
373 3797 552 3862 Vaticanum
573 3823 642 3884 quse
654 3817 801 3867 nonaest.

126 3996 139 4009 ⁸
160 3922 231 3991 llam
245 3932 293 3993 vir
314 3931 432 4002 doctus,
446 3933 485 3996 de
504 3933 569 3997 aliis
581 3957 703 4018 quoque
725 3935 973 4016 Chrysostomicis
986 3933 1065 3995 bene
1078 3933 1215 4009 meritus,
1228 3944 1345 4013 partem
1368 3932 1514 4011 majorem
1535 3925 1646 3988 barum

132 4014 308 4089 hillarum
330 4027 379 4090 vel
392 4029 487 4091 edidit
500 4052 571 4092 cum
588 4034 821 4109 commentariis,
843 4031 891 4095 vel
904 4031 1151 4094 annotationibus
1178 4029 1339 4109 separatim
1360 4025 1448 4088 editis
1470 4024 1598 4086 correxit
1618 4035 1648 4082 et

130 4110 279 4185 dietavit.
296 4126 397 4206 Quam
410 4148 474 4188 rem
496 4142 560 4188 tarn
581 4127 718 4208 preclare
736 4127 968 4203 administravit,
994 4142 1030 4190 ut
1050 4125 1219 4188 multorum
1233 4122 1369 4185 locorum
1390 4134 1444 4181 aut
1456 4140 1559 4181 veram
1573 4118 1645 4178 scri·
1732 4122 1735 4127 '

130 4222 227 4291 liutem
246 4233 301 4283 aut
320 4235 433 4283 rectam
450 4224 679 4307 intelligentiam
700 4227 763 4307 ipse
780 4227 897 4306 primus
915 4235 1105 4286 monstraret.
1131 4221 1191 4283 Sed
1212 4219 1286 4299 quid
1307 4218 1344 4278 de
1365 4216 1478 4276 meritis
1496 4218 1559 4294 ejus
1577 4234 1643 4274 sen‹

127 4306 231 4392 fimus,
253 4337 317 4378 non
337 4339 414 4398 opus
440 4334 485 4381 est
507 4322 605 4383 verbis
625 4320 764 4383 hocloco
792 4321 972 4402 patefacere,
997 4342 1067 4381 cum
1094 4318 1371 4378 monstravissemus
1404 4311 1528 4389 reipsa.
1563 4305 1644 4368 Nam

127 4408 249 4485 'misus
261 4409 311 4472 vel
323 4412 358 4471 in
371 4409 546 4487 Germania,
570 4414 626 4477 ubi
639 4416 747 4495 scripta
767 4414 820 4476 illa
839 4414 918 4476 edita
930 4427 1012 4490 sunt,
1029 4434 1096 4474 raro
1108 4425 1138 4475 et
1154 4433 1264 4492 magna
1283 4406 1456 4469 difficultate
1480 4404 1645 4466 inveniun-

127 4508 227 4577 bsuos
236 4504 406 4569 multorum
412 4507 558 4571 desiderio
571 4509 711 4575 lubenter
720 4515 916 4596 gratificantes
925 4514 988 4593 ipsa
997 4511 1093 4572 'rerba
1107 4511 1165 4571 viri
1178 4506 1371 4570 eruditissimi
1383 4505 1444 4565 suis
1457 4502 1527 4564 locis
1537 4502 1646 4583 repeti·

127 4590 215 4678 lm,
227 4623 262 4663 0⁸
275 4604 489 4668 tantummodo
500 4606 671 4672 omittentes
692 4612 725 4671 in
738 4612 849 4693 quibus
865 4609 914 4673 vel
926 4623 1027 4691 aperte
1039 4607 1140 4689 lapsus
1151 4617 1214 4665 erat
1227 4603 1278 4664 vel
1290 4599 1532 4662 emendationem
1544 4620 1642 4679 quan·

127 4684 279 4761 haimis
292 4700 524 4781 improbabilem
545 4705 720 4786 protulerat.
739 4705 898 4770 Nonnulla
917 4709 964 4770 vir
980 4708 1113 4788 optimus
1128 4705 1190 4784 ipse
1208 4712 1377 4775 resecasset,
1401 4696 1426 4758 si
1452 4695 1558 4756 eadem
1579 4715 1642 4774 qua

127 4795 320 4872 ”Wlulwt
339 4800 565 4879 opportunitate
583 4802 636 4863 nti.
656 4800 812 4868 Nimirum
835 4805 930 4866 fauste
953 4801 1060 4865 accidit
1069 4814 1105 4863 ut
1126 4797 1332 4860 inveniremus
1350 4794 1405 4873 qui
1422 4790 1556 4853 codicem
1578 4789 1643 4852 Va·

157 5038 270 5116 'sl-0¹¹&
281 5042 403 5119 dispares
421 5047 455 5102 ab
469 5048 513 5104 bis
525 5063 597 5115 sunt,
616 5050 652 5105 de
673 5052 774 5125 quibus
792 5067 887 5125 magna
907 5058 981 5103 mota
993 5060 1050 5123 erat
1063 5043 1236 5119 exspectatio,
1247 5040 1367 5096 homilias
1388 5038 1511 5111 quinque
1523 5054 1611 5109 nuper
1629 5055 1643 5088 a

131 5132 215 5193 uest.
227 5139 315 5196 llaur.
330 5141 453 5199 beebcro
469 5162 484 5201 e
499 5145 594 5202 codice
608 5146 754 5203 Dresdensi
768 5155 919 5219 protracta.
935 5144 1028 5218 Lipsia
1045 5139 1120 5213 18³9.
1142 5139 1183 5197 8·.
1204 5140 1273 5209 Qua
1285 5137 1349 5192 licet
1367 5134 1503 5208 plerisque
1515 5133 1641 5205 Chryso-

134 5232 194 5287 1Πὶ
204 5251 298 5293 meu
310 5241 451 5297 ementitis
460 5241 539 5316 louge
552 5250 679 5317 prestent
690 5242 816 5300 dictimis
828 5242 948 5318 quodam
961 5241 1050 5296 nitore
1062 5248 1091 5294 et
1104 5232 1313 5311 argumentandi
1323 5233 1459 5299 acumine,
1471 5231 1500 5286 in
1510 5229 1583 5285 nulls
1601 5240 1642 5285 ts-

139 5340 184 5385 U
193 5349 277 5394 urum
288 5336 520 5410 deprehendimus
532 5341 618 5398 sancti
631 5341 745 5398 oratoris
755 5341 878 5415 proprias
890 5339 1003 5394 virtutes
1011 5345 1151 5408 certasque
1164 5331 1264 5404 ingcnii
1276 5333 1334 5402 ejus
1347 5339 1374 5386 et
1386 5328 1546 5384 elocutionis
1558 5336 1643 5382 notas.
