3714 5970
615 480 705 528 nnuc
730 478 863 529 coruunt
888 478 1087 531 tonantes.
1540 458 1605 553 ¹75

57 622 118 663 mus
126 602 203 663 enim
211 602 345 663 adversus
355 617 381 664 te
395 604 502 665 libellos
512 604 680 685 septuaginta
688 603 809 684 capitum
861 602 932 665 collo
942 602 1180 686 circumposuere,
1193 624 1262 685 quas
1275 616 1369 667 sancto
1380 604 1479 667 tenni
1492 626 1607 689 parave-

59 696 200 755 manilesta
213 696 333 777 piacula,
348 700 497 779 προδήλως
510 698 728 777 ἀθεμιτουργίας,
741 716 809 757 con-
860 708 942 773 rant,
954 709 985 754 ut
997 695 1037 756 sic
1054 696 1191 776 coniectus
1210 696 1238 756 in
1256 696 1412 757 naviculam
1432 698 1462 757 in
1486 698 1610 777 ignotum

58 790 172 849 tinentes
186 812 195 847 a
209 804 237 849 et
255 790 348 870 plures
368 811 462 850 sumus
473 835 483 862 ,
494 811 577 868 quam
600 803 646 849 tua
668 788 810 869 synodus,
861 788 952 849 locum
966 787 1172 859 emundaretur,
1184 788 1305 849 daemone
1318 791 1403 867 illos,
1418 790 1508 869 inquit
1517 790 1610 852 Palla·

59 882 110 941 uei
124 882 214 961 gratia
226 882 385 962 congregati
399 928 407 956 ‚
419 903 473 942 non
489 882 526 942 ad
538 881 704 942 eversionem
716 880 812 941 Eccle-
862 879 945 957 dius,
958 880 1043 941 veluti
1063 881 1152 940 leones
1161 881 1299 944 efferame.
1313 880 1435 956 Quidam
1449 903 1514 943 vero
1524 904 1561 943 ex
1574 883 1609 945 iis
1619 890 1765 941 sumta.

61 974 177 1047 sie,sed
190 974 228 1034 ad
239 996 333 1055 pacem
344 974 502 1036 curandam.
516 972 563 1033 Tu
576 973 647 1033 enim
660 971 811 1032 tricesimus
861 972 909 1051 qui
923 974 998 1032 missi
1013 974 1119 1031 lucrant
1135 972 1270 1053 perterriti
1288 973 1323 1033 ad
1341 976 1472 1033 loannem
1492 995 1546 1033 non
1566 970 1644 1035 ιβ’·
1659 966 1698 1019 ¹⁷⁰

61 1082 202 1126 sentines
225 1090 262 1127 ex
282 1066 363 1125 unica
382 1066 523 1147 provincia
533 1089 543 1142 ;
556 1086 605 1125 nos
629 1086 695 1124 vero
717 1084 812 1123 sumus
862 1080 999 1125 uerterunt
1014 1089 1020 1123 :
1035 1065 1189 1125 Demetrius
1203 1076 1344 1137 atatem,et
1353 1067 1517 1146 quicumque
1526 1069 1611 1128 Jonn·

61 1157 268 1237 quadragintae
281 1158 399 1219 dirersis
418 1159 583 1240 provinciis,
599 1158 669 1217 inter
681 1179 749 1237 quos
765 1179 812 1216 su·
862 1160 904 1220 nis
926 1162 1091 1220 consortium
1114 1160 1218 1220 cunctis
1241 1160 1321 1219 rebus
1344 1162 1556 1242 anteponebant,
1574 1159 1612 1223 ad

60 1272 118 1310 mus
131 1250 218 1311 etiarn
231 1265 336 1333 septem
351 1251 538 1332 metropolite.
550 1252 586 1311 Et
605 1264 811 1311 consentaneum
863 1253 942 1313 illum
957 1252 1069 1313 rediere.
1083 1252 1187 1314 Eodem
1200 1252 1378 1313 diecursoret
1388 1254 1614 1337 notariumqu-

60 1356 97 1401 est
107 1386 115 1411 ,
125 1356 157 1400 nt
172 1345 267 1402 minor
278 1364 437 1403 numerusa
450 1343 547 1422 majori
561 1354 643 1420 atque
656 1341 755 1422 potiori
766 1362 812 1401 se-
868 1348 964 1428 δρόμος
979 1348 1024 1405 καὶ
1035 1346 1258 1427 ταχυγράφος,οι
1269 1346 1373 1407 Palatio
1384 1347 1520 1409 venientes
1529 1350 1612 1410 Joan·

61 1434 183 1493 uinclum
198 1455 314 1495 canones
319 1434 466 1515 judicetur.
477 1434 615 1493 llabemus
628 1434 700 1492 enim
715 1447 741 1493 et
754 1432 814 1514 cpi·
867 1460 929 1497 uem
951 1438 1083 1517 urgebant
1100 1452 1131 1497 ut
1153 1437 1186 1496 ad
1208 1438 1345 1519 episcopos
1369 1436 1506 1499 accederet
1522 1463 1530 1498 t
1548 1439 1614 1501 illos

61 1527 322 1608 stolamtuam‚per
339 1548 421 1606 quam
435 1547 526 1587 mones
548 1526 746 1607 coepiscopum
759 1546 814 1585 no·
867 1550 932 1590 vero
949 1522 1050 1590 hor'tati
1062 1543 1124 1589 sunt
1130 1545 1183 1602 ‚ut
1194 1530 1331 1611 judicium
1341 1530 1530 1595 accelerarent.
1544 1530 1612 1593 Hae

61 1632 144 1677 stram
161 1622 318 1693 loannem,
340 1618 536 1680 accusationem
548 1632 624 1679 extra
643 1618 743 1677 limites
760 1638 814 1679 non
865 1642 947 1703 porro
964 1622 1054 1681 omnia
1067 1668 1075 1697 ‚
1088 1636 1118 1681 ut
1130 1622 1240 1683 credere
1249 1637 1298 1700 est,
1309 1622 1473 1683 moliebatur
1482 1622 1614 1685 Eudoxia

63 1708 162 1771 debere
175 1710 298 1770 admitti.
312 1711 408 1790 Unde,
422 1711 609 1772 ecclesiasticis
622 1710 728 1790 legibus
735 1712 816 1771 obse-
865 1712 964 1777 Joanni
974 1726 1065 1773 nostro
1078 1714 1193 1776 infensa.

64 1822 156 1880 quens,
167 1817 341 1863 accusatores
352 1817 412 1864 tuos
423 1825 541 1885 precare,
551 1818 581 1863 ut
591 1803 633 1863 rel
645 1804 680 1863 ab
690 1824 817 1863 accusan·
901 1804 970 1864 Aliis
982 1826 1047 1865 vero
1064 1806 1226 1865 instantibus
1241 1850 1250 1877 ,
1266 1805 1369 1867 Paulus
1382 1806 1539 1867 Heracleote
1554 1805 1614 1888 pri·
1634 1812 1769 1875 chrysm-

65 1894 99 1953 do
113 1909 138 1955 te
149 1894 295 1972 desistant,
301 1898 344 1957 vel
355 1918 389 1957 ne
402 1910 582 1977 provocentte
595 1911 626 1957 ut
635 1895 673 1956 ad
683 1897 815 1957 loannem
866 1917 926 1957 mrrs
944 1918 1039 1957 omnes
1053 1899 1211 1959 sententiam
1229 1898 1319 1959 dicere
1333 1899 1447 1979 rogavit.
1462 1898 1614 1959 statutum·
1624 1874 1770 1983 :¹5⁸⁰th

64 1988 181 2051 accedas.
194 2013 210 2045 s
230 1990 293 2050 atta
314 2010 422 2069 quoque
442 1989 487 2049 his
507 1988 759 2071 adjecerunt,quae
778 1989 816 2049 ab
866 2012 919 2071 que
938 1992 991 2051 tuit
1014 1994 1173 2055 loannema
1191 1992 1254 2052 sede
1269 1992 1426 2073 pellendum
1443 2012 1614 2072 essesquam
1624 2000 1740 2057 Quan-

62 2078 153 2139 eodem
167 2082 295 2142 Palladio
306 2082 474 2142 reseruntur.
866 2084 1024 2145 senmntiam
1036 2086 1151 2167 protulit
1168 2085 1336 2166 Gymnesios
1345 2084 1506 2165 episcopus,
1520 2098 1547 2143 et
1559 2104 1615 2165 po·
1625 2064 1755 2185 2¹:¹¹¹&ss

24 2192 54 2257 q.
103 2175 150 2234 ait
166 2198 235 2235 sero
250 2176 463 2259 Chrysostomus
478 2175 506 2234 in
516 2174 639 2256 Epistola
656 2195 704 2235 sua
719 2172 755 2234 ad
768 2176 817 2235 ln·
867 2191 982 2237 stremus
1001 2177 1184 2259 Theophilus.
1201 2178 1302 2237 Omnes
1323 2190 1414 2235 antem
1427 2176 1548 2257 episcopi
1562 2195 1674 2236 nu·tur.

63 2268 217 2327 nocentium
227 2269 329 2351 Papam
342 2271 377 2329 T.
389 2271 428 2339 3,
443 2290 471 2349 p.
487 2270 545 2329 516
556 2270 617 2344 5D,
628 2267 816 2348 Theophilum
867 2288 941 2329 mero
951 2268 1132 2350 quadraginta
1147 2269 1268 2349 quinque
1278 2268 1403 2344 crant,si
1412 2266 1480 2328 fides
1497 2268 1533 2328 sit
1545 2267 1616 2329 actis

62 2360 469 2421 advocavissearchidiaconum
477 2360 816 2440 Constantinopolitanum,
867 2384 883 2422 a
897 2362 1105 2423 Photioallatis.
1118 2362 1183 2421 llmc
1195 2383 1276 2445 porro
1290 2376 1348 2421 acta
1361 2361 1453 2442 rejecit
1467 2361 1615 2435 Batonius,

63 2453 107 2531 qui
123 2452 202 2512 haud
215 2453 302 2513 dubie
315 2454 440 2534 partibus
451 2453 508 2513 suis
521 2453 638 2513 herebat
646 2474 655 2529 3
664 2467 746 2531 atque
758 2454 816 2532 ejus
868 2455 915 2533 qui
929 2478 944 2514 a
959 2456 1048 2514 doctis
1061 2454 1129 2514 viris
1146 2455 1208 2536 jure
1220 2454 1386 2534 exploditur.
1403 2456 1473 2513 Nam
1487 2468 1549 2513 acta
1565 2453 1615 2515 illa

64 2566 143 2625 opera
159 2546 274 2606 Clarum
289 2567 396 2606 omnem
418 2545 471 2606 sibi
484 2544 654 2625 adjunxisse.
670 2548 731 2607 Jarn
744 2545 816 2605 enim
868 2568 933 2606 vera
945 2568 1004 2607 csse
1014 2559 1109 2628 putant
1118 2560 1176 2605 tum
1186 2545 1235 2605 alii
1248 2545 1321 2605 docti
1333 2546 1395 2621 riri,
1407 2558 1466 2604 turn
1476 2545 1616 2625 sagacissi-

64 2638 305 2698 ridimusClcrum
317 2638 658 2718 constantinopolitanum,
671 2636 818 2718 cujusdis-
869 2659 930 2697 mus
945 2638 1146 2699 Tillemontius.
1159 2638 1366 2697 Criminationcs
1378 2658 1459 2718 porro
1476 2636 1558 2711 illas,
1570 2635 1618 2699 vel

65 2730 168 2789 solutos
183 2750 274 2790 mores
286 2729 435 2791 incessebat
445 2729 657 2811 chrysostomus
669 2774 677 2804 ,
691 2728 818 2791 infestum
870 2730 970 2805 nullas,
979 2720 1026 2791 vel
1034 2730 1231 2802 mntorms,vcl
1240 2730 1350 2789 omnino
1361 2730 1442 2789 falsas
1452 2750 1509 2789 esse
1518 2742 1617 2810 putant

66 2822 116 2903 ipsi
130 2824 224 2883 luisse.
870 2836 931 2883 tum
948 2823 1061 2882 Photius
1073 2868 1081 2898 ,
1093 2836 1151 2881 tum
1162 2835 1296 2901 quotquot
1305 2823 1365 2883 veri
1377 2842 1469 2882 amore
1481 2834 1614 2882 tenentur.

104 2913 223 2972 Jnanurs
232 2930 316 2983 vero,
329 2923 471 2989 postquam
481 2908 611 2989 Synodus
625 2909 684 2969 hacc
701 2930 816 2990 respon·
871 2916 902 2975 ln
917 2913 1100 2975 damnationis
1118 2935 1182 2974 vero
1195 2914 1324 2973 sententia
1337 2913 1406 2973 nihil
1418 2913 1496 2972 aliud
1511 2912 1616 2973 fereba-

66 3004 141 3063 derat
152 3048 161 3077 ,
173 3005 204 3062 in
217 3002 308 3085 prima
318 3002 375 3082 jam
389 3022 438 3061 sua
452 3001 643 3081 responsione,
656 3002 691 3061 de
705 3022 758 3079 qua
770 3022 816 3061 su·
870 3021 915 3066 tur
928 3026 1032 3086 ‚quam
1053 3006 1126 3086 quod
1140 3007 1168 3066 in
1183 3005 1295 3088 Synodo
1309 3026 1465 3086 comparere
1474 3005 1613 3065 noluisset.

66 3096 165 3177 petius,
180 3096 320 3166 insistens,
329 3094 388 3153 haec
398 3092 469 3152 datis
482 3092 568 3152 litoris
577 3092 716 3173 respondit
726 3138 735 3169 ,
746 3115 776 3154 se
787 3093 815 3153 in
909 3103 1004 3161 Postea
1024 3099 1143 3159 mittitur
1163 3098 1199 3158 ad
1212 3097 1322 3159 clerum
1336 3096 1615 3179 constantinopolita.
1625 3101 1694 3151 tttot.
1707 3102 1768 3153 cot.

66 3190 162 3267 qoosis
182 3189 266 3259 loeo,
283 3187 334 3246 etsi
349 3185 378 3245 id
391 3187 419 3244 in
432 3185 541 3244 civitate
549 3185 608 3244 fieri
620 3185 816 3266 oportuit,pa·
869 3212 935 3251 num
951 3192 1083 3273 epistola,
1104 3212 1157 3271 qua
1176 3190 1351 3249 nuntiabatur
1371 3192 1501 3251 Joannem
1520 3210 1537 3249 a
1554 3181 1675 3251 sedem·

66 3298 151 3341 ratum
168 3302 229 3340 esse
249 3278 285 3339 ad
302 3278 440 3360 judicium
461 3276 654 3350 subeundum,
666 3276 816 3337 dommodo
869 3283 1004 3365 dejectum
1025 3285 1126 3357 luisse,
1140 3282 1312 3362 idipsumque
1323 3281 1483 3361 Imperatori
1504 3282 1615 3341 nuntia·

65 3375 223 3434 manifestos
245 3372 370 3431 inimicos
383 3391 448 3430 suos
460 3390 496 3430 ex
513 3382 647 3455 conventus
667 3389 719 3427 suo
732 3368 818 3449 ejice·
869 3390 914 3435 tur
929 3375 1187 3436 :addebaturetiam
1198 3375 1273 3433 illurn
1289 3374 1358 3432 laesae
1372 3373 1520 3452 majestatis
1535 3393 1615 3432 reum

66 3480 132 3535 ΝΜ,
147 3462 464 3545 nempeThenpbilum,
478 3461 606 3521 melum
618 3508 627 3537 2
637 3461 816 3522 Seltrlssttum
869 3469 1010 3528 declarari.
1024 3466 1190 3526 llortabatur
1208 3480 1299 3525 autem
1315 3465 1506 3544 Imperatorem
1525 3464 1616 3543 Syno-

66 3573 91 3618 et
101 3558 281 3629 Antiochum,
295 3555 459 3635 quosaperti
470 3554 525 3615 odii
537 3570 562 3615 et
575 3555 724 3615 inimicitie
740 3554 816 3634 signa
868 3562 938 3633 dus,
955 3560 1097 3640 utjultetet
1112 3558 1191 3617 illum
1205 3556 1320 3637 ej10i‚et
1333 3576 1424 3634 poenas
1437 3555 1507 3613 laesae
1526 3554 1618 3635 maj,-

66 3650 173 3711 dedisse
198 3648 359 3731 probabat;
380 3647 521 3707 declarans
547 3667 576 3707 se
601 3646 709 3707 etiamsi
728 3646 818 3706 decies
869 3654 945 3713 statis
970 3652 1280 3714 contaminantem
1302 3649 1467 3727 majestatem
1490 3646 1619 3707 dicebant

67 3742 165 3803 millies
178 3742 315 3815 miserint,
324 3739 418 3800 eadem
429 3760 534 3819 semper
543 3760 736 3821 responsurum
749 3760 816 3799 esse.
869 3745 943 3823 quod
954 3743 1156 3823 lmperatricem
1166 3740 1317 3803 Jembelem
1328 3738 1496 3820 appellasset:
1506 3737 1549 3797 dd
1557 3738 1618 3799 haec

105 3835 164 3895 Illis
177 3832 329 3912 autemqui
342 3832 521 3893 mittebantur
533 3831 659 3912 egressis,
675 3833 752 3892 venit
764 3834 818 3891 No·
869 3838 954 3898 oblati
965 3836 1053 3898 libuli
1067 3849 1129 3894 sum
1149 3856 1165 3894 a
1180 3833 1322 3908 Gerontio,
1333 3831 1447 3892 Paulino
1463 3844 1489 3892 et
1505 3830 1618 3912 Eugno·

67 3929 150 3987 tanus
163 3926 270 3985 habens
279 3926 440 4005 rescriptum
453 3924 647 4004 imperatoris,
661 3924 704 3983 cui
718 3925 817 3983 inserta
871 3931 979 4003 monio,
992 3929 1040 4007 qui
1054 3950 1083 3987 se
1095 3928 1217 4007 injustea
1232 3928 1336 3988 Joanue
1347 3924 1503 4005 episcopatu
1522 3925 1617 4006 pulsos

70 4037 124 4082 erat
137 4020 305 4103 snpplicatio
322 4019 510 4100 episcoporum
532 4019 681 4101 petentium
693 4033 721 4079 ut
734 4021 817 4081 Joan·
870 4022 1062 4103 querebantur.
1077 4022 1181 4081 Verum
1203 4017 1250 4098 qui
1268 4018 1424 4097 episcopatu
1441 4016 1477 4075 ab
1495 4037 1526 4076 eo
1539 4017 1617 4097 ejecti

70 4136 113 4175 nes
125 4114 160 4174 ad
169 4112 310 4196 judicium
324 4112 427 4171 inritos
447 4112 601 4187 sisteretur,
615 4110 746 4191 illumque
758 4112 818 4169 No·
870 4115 976 4174 fuerant
987 4158 997 4188 ‚
1007 4112 1113 4173 nonnisi
1128 4127 1189 4192 post
1203 4108 1352 4169 secundum
1363 4108 1489 4167 exsilium
1500 4110 1559 4189 ejus
1569 4130 1617 4169 re·

71 4203 200 4265 unusual
209 4203 346 4286 judicium
354 4203 468 4282 urgebat
482 4229 489 4261 ι
504 4202 561 4283 ipse
573 4224 639 4261 sero
649 4203 745 4262 eadem
758 4202 817 4283 ipta
871 4207 958 4268 stituti
969 4218 1042 4276 sunt,
1053 4218 1119 4263 teste
1132 4201 1263 4263 Palladio.
1277 4203 1341 4261 Post
1351 4199 1409 4259 haec
1419 4213 1509 4259 autem
1524 4201 1617 4261 Theo-

74 4318 128 4375 qnae
141 4317 226 4378 snpra
240 4294 353 4355 Notario
366 4292 643 4375 respondit.Subinde
654 4308 818 4368 nutem,nec
871 4300 963 4381 philus
973 4319 1034 4359 cum
1048 4296 1189 4356 Fratribus
1198 4293 1298 4373 Longis
1314 4293 1442 4352 facillime
1452 4293 1613 4353 reconcilia-

75 4388 518 4470 mora‚seneruntdoopresbyteci
531 4388 653 4464 loannis,
663 4389 816 4469 Eugenius,
871 4410 914 4453 tus
927 4406 983 4463 estt
998 4405 1071 4451 tanta
1085 4391 1158 4449 enim
1177 4384 1336 4448 eliminandi
1354 4385 1466 4446 Joannis
1485 4385 1614 4466 cupidine

77 4484 119 4560 qui
134 4484 319 4565 episcopatum
330 4480 467 4541 Heracleae
482 4481 510 4540 in
523 4481 731 4562 conspirationis
744 4503 818 4542 mer·
870 4487 1020 4560 tenebatur,
1025 4498 1055 4543 ut
1066 4497 1159 4543 cetera
1170 4480 1260 4539 omnia
1270 4499 1368 4560 parum
1378 4491 1493 4538 curaret.

80 4576 162 4635 edem
172 4574 709 4656 autema-at,etlsaaciushlonachus‚nou
723 4575 816 4635 melio·
909 4577 1042 4638 Arcadius
1059 4574 1171 4657 Synodo
1193 4571 1329 4652 rescripsit
1341 4584 1368 4631 et
1380 4571 1492 4632 loannis
1504 4569 1614 4653 deposi-
1641 4592 1708 4638 ntor.
1719 4604 1771 4638 ιιι.

82 4667 114 4725 ris
121 4682 186 4727 notae
198 4668 291 4738 homo,
305 4667 343 4727 ad
356 4666 500 4748 Synodom
514 4667 595 4727 illurn
605 4668 815 4750 compellantes,
870 4672 970 4733 tionem
984 4667 1164 4731 confirmavit.
1179 4667 1284 4726 Verum
1295 4662 1445 4742 qnodlaese
1458 4664 1607 4746 majestatis
1624 4668 1664 4701 ¹⁶¹·

86 4771 111 4814 ut
120 4760 217 4839 objecta
231 4758 347 4819 crimina
357 4758 481 4819 dilueret.
492 4758 543 4819 llis
551 4759 689 4839 respondit
699 4762 816 4823 loannes
869 4765 970 4825 crimen
983 4774 1095 4844 spectat,
1105 4778 1158 4819 non
1169 4756 1314 4817 attendisse
1326 4755 1435 4816 videtur
1445 4757 1595 4838 Imperator
1602 4780 1612 4836 3
1644 4766 1729 4813 mitat.
1744 4778 1772 4827 rt

89 4870 127 4927 pu
139 4853 272 4935 episcopos
292 4853 321 4912 in
341 4852 484 4933 Synodum
504 4852 540 4913 ad
553 4853 692 4926 Quercom
708 4855 815 4915 missos.
870 4857 926 4932 sed,
936 4855 1023 4934 inquit
1037 4850 1186 4920 Palladius,
1199 4852 1329 4941 Deuscor
1340 4850 1398 4930 ejus
1408 4849 1564 4925 ernollirit,
1581 4864 1612 4911 ut
1627 4828 1666 4891 ⁷4·
1683 4828 1723 4889 ⁷⁵⁰

93 4940 285 5025 Proximumque
300 4944 539 5021 tantidemque
553 4947 581 5007 in
595 4946 815 5009 tamdumnabili
870 4971 918 5011 eor
946 4949 1055 5007 leonum
1079 4943 1248 5005 emolliverat
1274 4963 1337 5023 erga
1367 4942 1517 5002 Danielem.
1548 4943 1614 5003 llaec

95 5048 149 5093 cetu
158 5038 210 5117 ipse
222 5039 352 5098 innoxius
363 5037 435 5112 licet,
445 5059 524 5098 causa
535 5038 651 5100 caderet.
871 5040 984 5104 Joannis
996 5036 1130 5120 depositio
1143 5036 1195 5095 sub
1214 5055 1354 5115 vesperam
1371 5034 1493 5093 nuntiata
1506 5036 1612 5095 suerat:

127 5129 165 5189 llli
179 5152 239 5195 vero
255 5131 381 5215 episcopi
391 5131 428 5191 ad
440 5133 583 5214 synodum
596 5133 672 5195 missi
683 5180 691 5208 ,
701 5134 817 5216 pessime
872 5154 925 5212 quo
935 5144 1072 5213 comperto
1083 5128 1200 5211 populus
1211 5128 1245 5187 ad
1256 5126 1444 5207 gravissimam
1456 5126 1616 5188 seditionem

101 5224 183 5303 ttoepti
192 5225 282 5300 luere3
292 5224 381 5283 alium
391 5224 464 5284 enim
476 5225 636 5287 verberibus
646 5227 817 5303 affecerunt,
871 5226 1004 5285 excitatus
1017 5237 1078 5284 ests
1094 5235 1202 5300 totaque
1221 5232 1298 5289 nocte
1310 5218 1494 5297 cxcttbantes,
1507 5240 1569 5280 eum
1579 5222 1616 5281 ab

101 5309 188 5377 alteim
196 5332 282 5381 restes
291 5314 503 5397 discerpserunt,
512 5316 589 5379 alteri
606 5332 712 5381 catenas
721 5318 820 5383 leneas
875 5318 986 5379 ccclesia
996 5314 1097 5377 abduci
1108 5334 1161 5375 non
1174 5311 1247 5395 passi
1255 5325 1328 5389 sunt,
1336 5310 1385 5373 scd
1397 5331 1505 5373 causam
1517 5313 1576 5395 ejus
1586 5313 1614 5374 in
1628 5340 1664 5383 trs
