<?xml version="1.0" encoding="UTF-8"?>
<!DOCTYPE html PUBLIC "-//W3C//DTD XHTML 1.0 Transitional//EN"
    "http://www.w3.org/TR/xhtml1/DTD/xhtml1-transitional.dtd">
<html xmlns="http://www.w3.org/1999/xhtml" xml:lang="en" lang="en">
 <head>
  <title>
</title>
<meta http-equiv="Content-Type" content="text/html;charset=utf-8" />
  <meta name='ocr-system' content='tesseract 3.04.00' />
  <meta name='ocr-capabilities' content='ocr_page ocr_carea ocr_par ocr_line ocrx_word'/>
</head>
<body>
  <div class='ocr_page' id='page_1' title='image "./sanctipatrisnos00chrygoog_0409.png"; bbox 0 0 3714 5970; ppageno 0'>
   <div class='ocr_carea' id='block_1_1' title="bbox 146 466 1203 538">
    <p class='ocr_par' dir='ltr' id='par_1_1' title="bbox 146 466 1203 538">
     <span class='ocr_line' id='line_1_1' title="bbox 146 466 1203 538; baseline -0.011 0"><span class='ocrx_word' id='word_1_1' title='bbox 146 466 215 538; x_wconf 75' lang='lat'><strong>382</strong></span> <span class='ocrx_word' id='word_1_2' title='bbox 625 485 655 532; x_wconf 76' lang='lat'><strong>8·</strong></span> <span class='ocrx_word' id='word_1_3' title='bbox 682 484 824 534; x_wconf 79' lang='lat' dir='ltr'><strong>totttttts</strong></span> <span class='ocrx_word' id='word_1_4' title='bbox 849 480 1033 531; x_wconf 70' lang='lat' dir='ltr'><strong>cnutsosu.</strong></span> <span class='ocrx_word' id='word_1_5' title='bbox 1062 476 1203 527; x_wconf 64' lang='lat' dir='ltr'><strong>ortuum</strong></span> 
     </span>
    </p>
   </div>
   <div class='ocr_carea' id='block_1_2' title="bbox 58 602 1680 2265">
    <p class='ocr_par' dir='ltr' id='par_1_2' title="bbox 58 602 1680 2265">
     <span class='ocr_line' id='line_1_2' title="bbox 145 602 1671 690; baseline -0.007 -16"><span class='ocrx_word' id='word_1_6' title='bbox 145 610 321 674; x_wconf 78' lang='lat' dir='ltr'><strong>saltationem</strong></span> <span class='ocrx_word' id='word_1_7' title='bbox 347 607 524 685; x_wconf 78' lang='lat' dir='ltr'><strong>llerodietlis,</strong></span> <span class='ocrx_word' id='word_1_8' title='bbox 534 622 555 670; x_wconf 90' lang='lat' dir='ltr'><strong>t.</strong></span> <span class='ocrx_word' id='word_1_9' title='bbox 566 614 589 672; x_wconf 80' lang='grc'><strong>’3</strong></span> <span class='ocrx_word' id='word_1_10' title='bbox 601 615 634 670; x_wconf 83' lang='lat' dir='ltr'><strong>in</strong></span> <span class='ocrx_word' id='word_1_11' title='bbox 653 608 783 690; x_wconf 70' lang='lat' dir='ltr'><strong>spiritis,</strong></span> <span class='ocrx_word' id='word_1_12' title='bbox 794 629 823 688; x_wconf 89' lang='lat' dir='ltr'><strong>p.</strong></span> <span class='ocrx_word' id='word_1_13' title='bbox 835 611 884 671; x_wconf 84' lang='lat'><strong>88.</strong></span> <span class='ocrx_word' id='word_1_14' title='bbox 973 604 1021 673; x_wconf 82' lang='grc' dir='ltr'>Ὦς</span> <span class='ocrx_word' id='word_1_15' title='bbox 1033 603 1195 685; x_wconf 76' lang='grc' dir='ltr'>τερπνδτῆς</span> <span class='ocrx_word' id='word_1_16' title='bbox 1206 606 1389 682; x_wconf 80' lang='grc' dir='ltr'>πντνματοιῆς</span> <span class='ocrx_word' id='word_1_17' title='bbox 1397 602 1498 676; x_wconf 76' lang='grc' dir='ltr'>τοιότης</span> <span class='ocrx_word' id='word_1_18' title='bbox 1506 606 1571 680; x_wconf 76' lang='grc' dir='ltr'>ἡμῖν</span> <span class='ocrx_word' id='word_1_19' title='bbox 1584 602 1671 663; x_wconf 52' lang='grc' dir='ltr'>δῶσι</span> 
     </span>
     <span class='ocr_line' id='line_1_3' title="bbox 184 695 1672 784; baseline -0.005 -19"><span class='ocrx_word' id='word_1_20' title='bbox 184 703 291 784; x_wconf 77' lang='grc' dir='ltr'>Ὠσπερ</span> <span class='ocrx_word' id='word_1_21' title='bbox 307 704 338 764; x_wconf 92' lang='grc' dir='ltr'><strong>τδ</strong></span> <span class='ocrx_word' id='word_1_22' title='bbox 359 705 450 772; x_wconf 76' lang='grc' dir='ltr'>ἁπλῶς</span> <span class='ocrx_word' id='word_1_23' title='bbox 474 701 522 763; x_wconf 84' lang='grc' dir='ltr'>καί</span> <span class='ocrx_word' id='word_1_24' title='bbox 541 706 578 771; x_wconf 80' lang='grc' dir='ltr'>ὡς</span> <span class='ocrx_word' id='word_1_25' title='bbox 601 701 680 783; x_wconf 63' lang='lat' dir='ltr'><strong>liupr</strong></span> <span class='ocrx_word' id='word_1_26' title='bbox 700 697 844 774; x_wconf 74' lang='grc' dir='ltr'>πιστεύειν,</span> <span class='ocrx_word' id='word_1_27' title='bbox 858 698 887 757; x_wconf 95' lang='lat' dir='ltr'><strong>in</strong></span> <span class='ocrx_word' id='word_1_28' title='bbox 943 721 1002 773; x_wconf 83' lang='grc' dir='ltr'>αης,</span> <span class='ocrx_word' id='word_1_29' title='bbox 1023 695 1058 756; x_wconf 82' lang='grc' dir='ltr'><strong>(ίε</strong></span> <span class='ocrx_word' id='word_1_30' title='bbox 1084 695 1244 756; x_wconf 81' lang='lat' dir='ltr'><strong>Poenitentio</strong></span> <span class='ocrx_word' id='word_1_31' title='bbox 1268 708 1295 756; x_wconf 90' lang='lat' dir='ltr'><strong>et</strong></span> <span class='ocrx_word' id='word_1_32' title='bbox 1316 695 1425 777; x_wconf 82' lang='lat' dir='ltr'><strong>Jejunio</strong></span> <span class='ocrx_word' id='word_1_33' title='bbox 1452 695 1536 755; x_wconf 86' lang='lat' dir='ltr'><strong>Hom.</strong></span> <span class='ocrx_word' id='word_1_34' title='bbox 1558 698 1596 757; x_wconf 64' lang='grc' dir='ltr'><strong>(ἱ.</strong></span> <span class='ocrx_word' id='word_1_35' title='bbox 1613 710 1630 756; x_wconf 82' lang='lat' dir='ltr'><strong>t</strong></span> <span class='ocrx_word' id='word_1_36' title='bbox 1649 702 1672 758; x_wconf 84' lang='grc'><strong>3</strong></span> 
     </span>
     <span class='ocr_line' id='line_1_4' title="bbox 146 792 1501 875; baseline -0.004 -17"><span class='ocrx_word' id='word_1_37' title='bbox 146 798 224 858; x_wconf 80' lang='lat' dir='ltr'><strong>loon.</strong></span> <span class='ocrx_word' id='word_1_38' title='bbox 237 796 319 855; x_wconf 89' lang='lat' dir='ltr'><strong>Hom.</strong></span> <span class='ocrx_word' id='word_1_39' title='bbox 332 799 383 857; x_wconf 88' lang='lat'><strong>87.</strong></span> <span class='ocrx_word' id='word_1_40' title='bbox 397 808 419 855; x_wconf 94' lang='lat' dir='ltr'><strong>t.</strong></span> <span class='ocrx_word' id='word_1_41' title='bbox 433 799 462 856; x_wconf 92' lang='lat'><strong>8.</strong></span> <span class='ocrx_word' id='word_1_42' title='bbox 473 816 501 875; x_wconf 92' lang='lat' dir='ltr'><strong>p.</strong></span> <span class='ocrx_word' id='word_1_43' title='bbox 513 793 585 856; x_wconf 78' lang='grc'><strong>513.</strong></span> <span class='ocrx_word' id='word_1_44' title='bbox 838 840 841 845; x_wconf 50' lang='lat'>&gt;</span> <span class='ocrx_word' id='word_1_45' title='bbox 942 811 971 870; x_wconf 97' lang='lat' dir='ltr'><strong>p.</strong></span> <span class='ocrx_word' id='word_1_46' title='bbox 983 792 1051 854; x_wconf 75' lang='lat' dir='ltr'><strong>utu</strong></span> <span class='ocrx_word' id='word_1_47' title='bbox 1498 848 1501 852; x_wconf 78' lang='grc'>,</span> 
     </span>
     <span class='ocr_line' id='line_1_5' title="bbox 186 878 1673 969; baseline -0.006 -20"><span class='ocrx_word' id='word_1_48' title='bbox 186 887 293 969; x_wconf 73' lang='grc' dir='ltr'>Ὠσπερ</span> <span class='ocrx_word' id='word_1_49' title='bbox 307 891 362 955; x_wconf 83' lang='grc' dir='ltr'>τοῖς</span> <span class='ocrx_word' id='word_1_50' title='bbox 379 886 531 969; x_wconf 79' lang='grc' dir='ltr'>σπείρουσιν</span> <span class='ocrx_word' id='word_1_51' title='bbox 549 887 642 968; x_wconf 81' lang='grc' dir='ltr'>όρελος</span> <span class='ocrx_word' id='word_1_52' title='bbox 663 885 754 955; x_wconf 71' lang='lat' dir='ltr'><strong>sotto.</strong></span> <span class='ocrx_word' id='word_1_53' title='bbox 766 884 840 960; x_wconf 85' lang='grc' dir='ltr'>όταν,</span> <span class='ocrx_word' id='word_1_54' title='bbox 854 884 889 945; x_wconf 78' lang='lat' dir='ltr'><strong>de</strong></span> <span class='ocrx_word' id='word_1_55' title='bbox 983 881 1137 964; x_wconf 82' lang='grc' dir='ltr'>Ὡςρανδρδ</span> <span class='ocrx_word' id='word_1_56' title='bbox 1148 881 1194 941; x_wconf 82' lang='grc' dir='ltr'>καί</span> <span class='ocrx_word' id='word_1_57' title='bbox 1207 879 1356 965; x_wconf 79' lang='grc' dir='ltr'>περιχαρὴς</span> <span class='ocrx_word' id='word_1_58' title='bbox 1368 884 1462 960; x_wconf 74' lang='grc' dir='ltr'>ἡμῖνὴ</span> <span class='ocrx_word' id='word_1_59' title='bbox 1471 881 1562 952; x_wconf 86' lang='grc' dir='ltr'>πόλις,</span> <span class='ocrx_word' id='word_1_60' title='bbox 1573 878 1602 938; x_wconf 88' lang='lat' dir='ltr'><strong>in</strong></span> <span class='ocrx_word' id='word_1_61' title='bbox 1612 882 1673 940; x_wconf 77' lang='lat' dir='ltr'><strong>ttu-</strong></span> 
     </span>
     <span class='ocr_line' id='line_1_6' title="bbox 148 974 1407 1058; baseline -0.004 -16"><span class='ocrx_word' id='word_1_62' title='bbox 148 980 308 1042; x_wconf 74' lang='lat' dir='ltr'><strong>l’oeniteutia</strong></span> <span class='ocrx_word' id='word_1_63' title='bbox 317 1024 325 1054; x_wconf 94' lang='lat'>‚</span> <span class='ocrx_word' id='word_1_64' title='bbox 335 993 362 1040; x_wconf 88' lang='lat' dir='ltr'><strong>et</strong></span> <span class='ocrx_word' id='word_1_65' title='bbox 386 979 421 1043; x_wconf 86' lang='lat' dir='ltr'><strong>de</strong></span> <span class='ocrx_word' id='word_1_66' title='bbox 443 979 478 1039; x_wconf 88' lang='lat' dir='ltr'><strong>iis</strong></span> <span class='ocrx_word' id='word_1_67' title='bbox 500 978 550 1058; x_wconf 87' lang='lat' dir='ltr'><strong>qui</strong></span> <span class='ocrx_word' id='word_1_68' title='bbox 562 1000 579 1038; x_wconf 77' lang='lat' dir='ltr'><strong>a</strong></span> <span class='ocrx_word' id='word_1_69' title='bbox 592 977 711 1038; x_wconf 80' lang='lat' dir='ltr'><strong>collectis</strong></span> <span class='ocrx_word' id='word_1_70' title='bbox 723 976 886 1049; x_wconf 80' lang='lat' dir='ltr'><strong>abfuenrnt,</strong></span> <span class='ocrx_word' id='word_1_71' title='bbox 944 975 1066 1036; x_wconf 77' lang='lat' dir='ltr'><strong>olrohaeos</strong></span> <span class='ocrx_word' id='word_1_72' title='bbox 1077 974 1157 1035; x_wconf 90' lang='lat' dir='ltr'><strong>Horn.</strong></span> <span class='ocrx_word' id='word_1_73' title='bbox 1174 980 1203 1035; x_wconf 93' lang='lat'><strong>1.</strong></span> <span class='ocrx_word' id='word_1_74' title='bbox 1218 987 1240 1033; x_wconf 86' lang='lat' dir='ltr'><strong>t.</strong></span> <span class='ocrx_word' id='word_1_75' title='bbox 1256 978 1286 1035; x_wconf 93' lang='grc'><strong>3.</strong></span> <span class='ocrx_word' id='word_1_76' title='bbox 1295 995 1328 1055; x_wconf 76' lang='lat' dir='ltr'><strong>p.</strong></span> <span class='ocrx_word' id='word_1_77' title='bbox 1334 975 1407 1038; x_wconf 84' lang='grc'><strong>633.</strong></span> 
     </span>
     <span class='ocr_line' id='line_1_7' title="bbox 148 1063 1674 1154; baseline -0.007 -21"><span class='ocrx_word' id='word_1_78' title='bbox 148 1074 229 1134; x_wconf 80' lang='lat' dir='ltr'><strong>llum.</strong></span> <span class='ocrx_word' id='word_1_79' title='bbox 242 1077 270 1135; x_wconf 84' lang='lat'><strong>9.</strong></span> <span class='ocrx_word' id='word_1_80' title='bbox 282 1087 303 1132; x_wconf 90' lang='grc'><strong>1.</strong></span> <span class='ocrx_word' id='word_1_81' title='bbox 317 1077 348 1137; x_wconf 88' lang='grc'><strong>3.</strong></span> <span class='ocrx_word' id='word_1_82' title='bbox 364 1093 392 1154; x_wconf 89' lang='lat' dir='ltr'><strong>p.</strong></span> <span class='ocrx_word' id='word_1_83' title='bbox 405 1071 476 1135; x_wconf 80' lang='lat'><strong>348.</strong></span> <span class='ocrx_word' id='word_1_84' title='bbox 984 1067 1189 1150; x_wconf 62' lang='grc' dir='ltr'><strong>1Γίδςὼροιίετή</strong></span> <span class='ocrx_word' id='word_1_85' title='bbox 1203 1065 1372 1146; x_wconf 72' lang='grc' dir='ltr'>πνευματικὴ</span> <span class='ocrx_word' id='word_1_86' title='bbox 1383 1063 1674 1141; x_wconf 76' lang='grc' dir='ltr'>ἐλαία,ιιῐιᾶσείωαίίο·</span> 
     </span>
     <span class='ocr_line' id='line_1_8' title="bbox 185 1160 1464 1245; baseline -0.008 -19"><span class='ocrx_word' id='word_1_87' title='bbox 185 1164 294 1245; x_wconf 74' lang='grc' dir='ltr'>Ὠσπερ</span> <span class='ocrx_word' id='word_1_88' title='bbox 307 1170 360 1225; x_wconf 80' lang='grc' dir='ltr'><strong>τῶν</strong></span> <span class='ocrx_word' id='word_1_89' title='bbox 372 1163 535 1244; x_wconf 79' lang='grc' dir='ltr'>σπειρόντων</span> <span class='ocrx_word' id='word_1_90' title='bbox 548 1163 641 1244; x_wconf 86' lang='grc' dir='ltr'>δρελος</span> <span class='ocrx_word' id='word_1_91' title='bbox 653 1161 740 1237; x_wconf 75' lang='grc' dir='ltr'>οὐδὲν,</span> <span class='ocrx_word' id='word_1_92' title='bbox 750 1161 814 1222; x_wconf 82' lang='grc' dir='ltr'>όταν</span> <span class='ocrx_word' id='word_1_93' title='bbox 832 1185 890 1221; x_wconf 86' lang='grc' dir='ltr'>πα-</span> <span class='ocrx_word' id='word_1_94' title='bbox 944 1162 1084 1223; x_wconf 81' lang='lat' dir='ltr'><strong>miliorum</strong></span> <span class='ocrx_word' id='word_1_95' title='bbox 1094 1181 1238 1233; x_wconf 70' lang='lat' dir='ltr'><strong>nonarum,</strong></span> <span class='ocrx_word' id='word_1_96' title='bbox 1252 1172 1277 1219; x_wconf 85' lang='lat' dir='ltr'><strong>t.</strong></span> <span class='ocrx_word' id='word_1_97' title='bbox 1290 1165 1338 1221; x_wconf 86' lang='grc'><strong>13.</strong></span> <span class='ocrx_word' id='word_1_98' title='bbox 1353 1180 1383 1240; x_wconf 88' lang='lat' dir='ltr'><strong>p.</strong></span> <span class='ocrx_word' id='word_1_99' title='bbox 1393 1160 1464 1222; x_wconf 83' lang='lat'><strong>395.</strong></span> 
     </span>
     <span class='ocr_line' id='line_1_9' title="bbox 149 1246 1680 1339; baseline -0.005 -24"><span class='ocrx_word' id='word_1_100' title='bbox 149 1259 182 1339; x_wconf 82' lang='grc' dir='ltr'>ρσί</span> <span class='ocrx_word' id='word_1_101' title='bbox 190 1303 200 1336; x_wconf 90' lang='grc'>,</span> <span class='ocrx_word' id='word_1_102' title='bbox 215 1256 285 1336; x_wconf 91' lang='lat' dir='ltr'><strong>quid</strong></span> <span class='ocrx_word' id='word_1_103' title='bbox 297 1256 333 1317; x_wconf 83' lang='lat' dir='ltr'><strong>sit</strong></span> <span class='ocrx_word' id='word_1_104' title='bbox 346 1255 428 1332; x_wconf 86' lang='lat' dir='ltr'><strong>illud,</strong></span> <span class='ocrx_word' id='word_1_105' title='bbox 442 1255 497 1314; x_wconf 81' lang='lat' dir='ltr'><strong>Ad</strong></span> <span class='ocrx_word' id='word_1_106' title='bbox 509 1254 743 1332; x_wconf 83' lang='lat' dir='ltr'><strong>similitudinem,</strong></span> <span class='ocrx_word' id='word_1_107' title='bbox 755 1275 777 1314; x_wconf 85' lang='lat' dir='ltr'><strong>s·</strong></span> <span class='ocrx_word' id='word_1_108' title='bbox 790 1253 819 1314; x_wconf 86' lang='lat' dir='ltr'><strong>in</strong></span> <span class='ocrx_word' id='word_1_109' title='bbox 832 1257 893 1317; x_wconf 83' lang='lat' dir='ltr'><strong>Ge-</strong></span> <span class='ocrx_word' id='word_1_110' title='bbox 984 1250 1023 1314; x_wconf 70' lang='lat' dir='ltr'><strong>&#39;ll</strong></span> <span class='ocrx_word' id='word_1_111' title='bbox 1034 1258 1082 1326; x_wconf 83' lang='grc' dir='ltr'><strong>τῆς</strong></span> <span class='ocrx_word' id='word_1_112' title='bbox 1098 1251 1187 1319; x_wconf 72' lang='grc' dir='ltr'>ἀνοίας</span> <span class='ocrx_word' id='word_1_113' title='bbox 1201 1255 1251 1324; x_wconf 69' lang='grc' dir='ltr'><strong>τῆς</strong></span> <span class='ocrx_word' id='word_1_114' title='bbox 1262 1251 1411 1323; x_wconf 75' lang='grc' dir='ltr'>’ίωδαῖαῆς</span> <span class='ocrx_word' id='word_1_115' title='bbox 1432 1246 1489 1330; x_wconf 75' lang='lat' dir='ltr'><strong>orph</strong></span> <span class='ocrx_word' id='word_1_116' title='bbox 1506 1253 1555 1308; x_wconf 80' lang='grc' dir='ltr'><strong>τοῦ</strong></span> <span class='ocrx_word' id='word_1_117' title='bbox 1572 1247 1680 1329; x_wconf 61' lang='lat' dir='ltr'><strong>naqa,</strong></span> 
     </span>
     <span class='ocr_line' id='line_1_10' title="bbox 147 1339 1415 1430; baseline -0.006 -19"><span class='ocrx_word' id='word_1_118' title='bbox 147 1349 234 1411; x_wconf 84' lang='lat' dir='ltr'><strong>nesinr</strong></span> <span class='ocrx_word' id='word_1_119' title='bbox 248 1351 344 1411; x_wconf 79' lang='lat' dir='ltr'><strong>Sermo</strong></span> <span class='ocrx_word' id='word_1_120' title='bbox 356 1353 386 1413; x_wconf 96' lang='grc'><strong>3.</strong></span> <span class='ocrx_word' id='word_1_121' title='bbox 398 1362 420 1409; x_wconf 92' lang='grc'><strong>1.</strong></span> <span class='ocrx_word' id='word_1_122' title='bbox 435 1348 464 1411; x_wconf 76' lang='lat' dir='ltr'><strong>l.</strong></span> <span class='ocrx_word' id='word_1_123' title='bbox 478 1371 506 1430; x_wconf 90' lang='lat' dir='ltr'><strong>p.</strong></span> <span class='ocrx_word' id='word_1_124' title='bbox 522 1348 614 1410; x_wconf 58' lang='lat'><strong>655!</strong></span> <span class='ocrx_word' id='word_1_125' title='bbox 624 1349 688 1426; x_wconf 83' lang='lat' dir='ltr'><strong>llaeo</strong></span> <span class='ocrx_word' id='word_1_126' title='bbox 698 1347 785 1408; x_wconf 74' lang='lat' dir='ltr'><strong>oratio</strong></span> <span class='ocrx_word' id='word_1_127' title='bbox 794 1347 891 1408; x_wconf 80' lang='lat' dir='ltr'><strong>eadem</strong></span> <span class='ocrx_word' id='word_1_128' title='bbox 945 1343 1153 1414; x_wconf 76' lang='lat' dir='ltr'><strong>intornflom.</strong></span> <span class='ocrx_word' id='word_1_129' title='bbox 1167 1346 1215 1409; x_wconf 91' lang='grc'><strong>53.</strong></span> <span class='ocrx_word' id='word_1_130' title='bbox 1230 1357 1250 1405; x_wconf 85' lang='grc'><strong>1.</strong></span> <span class='ocrx_word' id='word_1_131' title='bbox 1262 1348 1290 1408; x_wconf 88' lang='grc'><strong>3.</strong></span> <span class='ocrx_word' id='word_1_132' title='bbox 1302 1365 1330 1425; x_wconf 90' lang='lat' dir='ltr'><strong>p.</strong></span> <span class='ocrx_word' id='word_1_133' title='bbox 1344 1339 1415 1409; x_wconf 81' lang='lat'><strong>3&#39;10.</strong></span> 
     </span>
     <span class='ocr_line' id='line_1_11' title="bbox 146 1432 1680 1523; baseline 0.001 -19"><span class='ocrx_word' id='word_1_134' title='bbox 146 1445 203 1505; x_wconf 83' lang='lat' dir='ltr'><strong>iere</strong></span> <span class='ocrx_word' id='word_1_135' title='bbox 214 1465 298 1523; x_wconf 80' lang='lat' dir='ltr'><strong>quam</strong></span> <span class='ocrx_word' id='word_1_136' title='bbox 310 1463 388 1504; x_wconf 85' lang='lat' dir='ltr'><strong>sensu</strong></span> <span class='ocrx_word' id='word_1_137' title='bbox 411 1455 468 1504; x_wconf 74' lang='lat' dir='ltr'><strong>tem</strong></span> <span class='ocrx_word' id='word_1_138' title='bbox 479 1443 572 1506; x_wconf 83' lang='lat' dir='ltr'><strong>verbis</strong></span> <span class='ocrx_word' id='word_1_139' title='bbox 585 1457 625 1504; x_wconf 85' lang='lat' dir='ltr'><strong>est</strong></span> <span class='ocrx_word' id='word_1_140' title='bbox 634 1464 697 1504; x_wconf 89' lang='lat' dir='ltr'><strong>oum</strong></span> <span class='ocrx_word' id='word_1_141' title='bbox 706 1463 776 1504; x_wconf 81' lang='lat' dir='ltr'><strong>nona</strong></span> <span class='ocrx_word' id='word_1_142' title='bbox 790 1443 818 1503; x_wconf 94' lang='lat' dir='ltr'><strong>in</strong></span> <span class='ocrx_word' id='word_1_143' title='bbox 830 1445 891 1505; x_wconf 81' lang='lat' dir='ltr'><strong>Ge-</strong></span> <span class='ocrx_word' id='word_1_144' title='bbox 985 1433 1110 1515; x_wconf 65' lang='lat' dir='ltr'><strong>l-&#39;fltitc</strong></span> <span class='ocrx_word' id='word_1_145' title='bbox 1125 1435 1194 1516; x_wconf 67' lang='grc' dir='ltr'>βίας,</span> <span class='ocrx_word' id='word_1_146' title='bbox 1204 1435 1228 1497; x_wconf 65' lang='grc' dir='ltr'><strong>ὦ</strong></span> <span class='ocrx_word' id='word_1_147' title='bbox 1240 1435 1457 1518; x_wconf 60' lang='grc' dir='ltr'>τῆετυρεννίδοτ</span> <span class='ocrx_word' id='word_1_148' title='bbox 1468 1432 1680 1513; x_wconf 46' lang='lat' dir='ltr'><strong>witimirus</strong></span> 
     </span>
     <span class='ocr_line' id='line_1_12' title="bbox 148 1523 1678 1611; baseline -0.008 -15"><span class='ocrx_word' id='word_1_149' title='bbox 148 1536 243 1596; x_wconf 82' lang='lat' dir='ltr'><strong>nesim.</strong></span> <span class='ocrx_word' id='word_1_150' title='bbox 389 1558 392 1576; x_wconf 80' lang='lat'>=</span> <span class='ocrx_word' id='word_1_151' title='bbox 945 1532 973 1592; x_wconf 92' lang='lat' dir='ltr'><strong>in</strong></span> <span class='ocrx_word' id='word_1_152' title='bbox 986 1529 1066 1603; x_wconf 74' lang='lat' dir='ltr'><strong>itud,</strong></span> <span class='ocrx_word' id='word_1_153' title='bbox 1077 1532 1248 1611; x_wconf 82' lang='lat' dir='ltr'><em>Numquam</em></span> <span class='ocrx_word' id='word_1_154' title='bbox 1259 1529 1357 1589; x_wconf 80' lang='lat' dir='ltr'><strong>Filius</strong></span> <span class='ocrx_word' id='word_1_155' title='bbox 1371 1523 1678 1608; x_wconf 61' lang='lat' dir='ltr'><strong>aliquodasoipsoju·</strong></span> 
     </span>
     <span class='ocr_line' id='line_1_13' title="bbox 187 1616 1678 1710; baseline -0.006 -23"><span class='ocrx_word' id='word_1_156' title='bbox 187 1625 296 1710; x_wconf 79' lang='grc' dir='ltr'>Ὥσπερ</span> <span class='ocrx_word' id='word_1_157' title='bbox 309 1627 481 1710; x_wconf 81' lang='grc' dir='ltr'>δόριζομίνου</span> <span class='ocrx_word' id='word_1_158' title='bbox 501 1628 630 1690; x_wconf 76' lang='grc' dir='ltr'>δεσπότου</span> <span class='ocrx_word' id='word_1_159' title='bbox 650 1633 665 1690; x_wconf 86' lang='grc' dir='ltr'>ό</span> <span class='ocrx_word' id='word_1_160' title='bbox 678 1631 759 1698; x_wconf 86' lang='grc' dir='ltr'>καλδς</span> <span class='ocrx_word' id='word_1_161' title='bbox 771 1629 890 1706; x_wconf 78' lang='grc' dir='ltr'>οἰκέτης,</span> <span class='ocrx_word' id='word_1_162' title='bbox 946 1629 998 1700; x_wconf 85' lang='lat' dir='ltr'><strong>cit,</strong></span> <span class='ocrx_word' id='word_1_163' title='bbox 1006 1638 1025 1684; x_wconf 89' lang='lat' dir='ltr'><strong>t.</strong></span> <span class='ocrx_word' id='word_1_164' title='bbox 1035 1627 1064 1686; x_wconf 69' lang='lat' dir='ltr'><strong>u</strong></span> <span class='ocrx_word' id='word_1_165' title='bbox 1077 1646 1107 1706; x_wconf 88' lang='lat' dir='ltr'><strong>p.</strong></span> <span class='ocrx_word' id='word_1_166' title='bbox 1124 1626 1191 1686; x_wconf 88' lang='grc'><strong>355.</strong></span> <span class='ocrx_word' id='word_1_167' title='bbox 1205 1623 1220 1655; x_wconf 85' lang='lat'><strong>*</strong></span> <span class='ocrx_word' id='word_1_168' title='bbox 1233 1623 1289 1683; x_wconf 82' lang='lat' dir='ltr'><strong>ctr.</strong></span> <span class='ocrx_word' id='word_1_169' title='bbox 1303 1643 1364 1702; x_wconf 61' lang='grc' dir='ltr'><strong>(μιν.</strong></span> <span class='ocrx_word' id='word_1_170' title='bbox 1376 1620 1412 1680; x_wconf 86' lang='lat' dir='ltr'><strong>de</strong></span> <span class='ocrx_word' id='word_1_171' title='bbox 1425 1621 1478 1680; x_wconf 83' lang='lat' dir='ltr'><strong>lrao</strong></span> <span class='ocrx_word' id='word_1_172' title='bbox 1491 1618 1605 1680; x_wconf 74' lang='lat' dir='ltr'><strong>homilia</strong></span> <span class='ocrx_word' id='word_1_173' title='bbox 1614 1616 1678 1679; x_wconf 82' lang='lat' dir='ltr'><strong>dixi·</strong></span> 
     </span>
     <span class='ocr_line' id='line_1_14' title="bbox 149 1715 1349 1803; baseline -0.003 -23"><span class='ocrx_word' id='word_1_174' title='bbox 149 1720 178 1780; x_wconf 94' lang='lat' dir='ltr'><strong>in</strong></span> <span class='ocrx_word' id='word_1_175' title='bbox 198 1718 335 1779; x_wconf 83' lang='lat' dir='ltr'><strong>Psalmum</strong></span> <span class='ocrx_word' id='word_1_176' title='bbox 349 1725 380 1799; x_wconf 88' lang='lat'><strong>8,</strong></span> <span class='ocrx_word' id='word_1_177' title='bbox 399 1722 486 1781; x_wconf 78' lang='lat' dir='ltr'><strong>Dixit</strong></span> <span class='ocrx_word' id='word_1_178' title='bbox 505 1724 645 1803; x_wconf 79' lang='lat' dir='ltr'><strong>insipiens</strong></span> <span class='ocrx_word' id='word_1_179' title='bbox 666 1728 699 1782; x_wconf 84' lang='lat' dir='ltr'><strong>in</strong></span> <span class='ocrx_word' id='word_1_180' title='bbox 713 1724 801 1783; x_wconf 81' lang='lat' dir='ltr'><strong>corde</strong></span> <span class='ocrx_word' id='word_1_181' title='bbox 814 1742 868 1782; x_wconf 85' lang='lat' dir='ltr'><strong>suo</strong></span> <span class='ocrx_word' id='word_1_182' title='bbox 878 1750 891 1796; x_wconf 89' lang='grc'><strong>,·</strong></span> <span class='ocrx_word' id='word_1_183' title='bbox 947 1731 1040 1777; x_wconf 88' lang='lat' dir='ltr'><strong>must.</strong></span> <span class='ocrx_word' id='word_1_184' title='bbox 1057 1722 1104 1780; x_wconf 90' lang='grc'><strong>13.</strong></span> <span class='ocrx_word' id='word_1_185' title='bbox 1117 1739 1147 1798; x_wconf 92' lang='lat' dir='ltr'><strong>p.</strong></span> <span class='ocrx_word' id='word_1_186' title='bbox 1163 1718 1193 1778; x_wconf 88' lang='grc'><strong>5.</strong></span> <span class='ocrx_word' id='word_1_187' title='bbox 1207 1715 1349 1777; x_wconf 74' lang='grc' dir='ltr'>σιλιιονα.</span> 
     </span>
     <span class='ocr_line' id='line_1_15' title="bbox 148 1804 1679 1893; baseline -0.007 -20"><span class='ocrx_word' id='word_1_188' title='bbox 148 1813 260 1892; x_wconf 78' lang='lat' dir='ltr'><strong>spuria,</strong></span> <span class='ocrx_word' id='word_1_189' title='bbox 274 1824 294 1871; x_wconf 92' lang='grc'><strong>1.</strong></span> <span class='ocrx_word' id='word_1_190' title='bbox 307 1814 335 1872; x_wconf 88' lang='grc'><strong>5.</strong></span> <span class='ocrx_word' id='word_1_191' title='bbox 349 1834 377 1893; x_wconf 90' lang='lat' dir='ltr'><strong>p.</strong></span> <span class='ocrx_word' id='word_1_192' title='bbox 392 1813 460 1875; x_wconf 88' lang='grc'><strong>557.</strong></span> <span class='ocrx_word' id='word_1_193' title='bbox 985 1806 1025 1871; x_wconf 80' lang='grc' dir='ltr'>Ὦ</span> <span class='ocrx_word' id='word_1_194' title='bbox 1037 1812 1086 1880; x_wconf 73' lang='grc' dir='ltr'><strong>τῆς</strong></span> <span class='ocrx_word' id='word_1_195' title='bbox 1100 1815 1254 1887; x_wconf 73' lang='grc' dir='ltr'>θαυμαστῆς</span> <span class='ocrx_word' id='word_1_196' title='bbox 1265 1809 1311 1868; x_wconf 78' lang='grc' dir='ltr'>καί</span> <span class='ocrx_word' id='word_1_197' title='bbox 1323 1806 1436 1889; x_wconf 81' lang='grc' dir='ltr'>ταχείας</span> <span class='ocrx_word' id='word_1_198' title='bbox 1447 1806 1538 1884; x_wconf 80' lang='grc' dir='ltr'>νίαης,</span> <span class='ocrx_word' id='word_1_199' title='bbox 1549 1805 1577 1865; x_wconf 88' lang='lat' dir='ltr'><strong>iu</strong></span> <span class='ocrx_word' id='word_1_200' title='bbox 1592 1804 1679 1864; x_wconf 79' lang='lat' dir='ltr'><strong>Psaln.</strong></span> 
     </span>
     <span class='ocr_line' id='line_1_16' title="bbox 161 1903 1260 1986; baseline -0.001 -22"><span class='ocrx_word' id='word_1_201' title='bbox 161 1926 164 1933; x_wconf 90' lang='lat'>·</span> <span class='ocrx_word' id='word_1_202' title='bbox 186 1903 197 1956; x_wconf 85' lang='lat'><strong>·‘</strong></span> <span class='ocrx_word' id='word_1_203' title='bbox 198 1905 239 1972; x_wconf 84' lang='grc' dir='ltr'>Ως</span> <span class='ocrx_word' id='word_1_204' title='bbox 248 1904 370 1974; x_wconf 45' lang='grc' dir='ltr'>,ποθεινός</span> <span class='ocrx_word' id='word_1_205' title='bbox 382 1905 429 1966; x_wconf 83' lang='grc' dir='ltr'>καί</span> <span class='ocrx_word' id='word_1_206' title='bbox 443 1905 586 1983; x_wconf 71' lang='grc' dir='ltr'>ἐπέραστος</span> <span class='ocrx_word' id='word_1_207' title='bbox 599 1909 652 1966; x_wconf 84' lang='grc' dir='ltr'><strong>τῶν</strong></span> <span class='ocrx_word' id='word_1_208' title='bbox 662 1905 728 1967; x_wconf 85' lang='grc' dir='ltr'>νίονν</span> <span class='ocrx_word' id='word_1_209' title='bbox 742 1911 807 1986; x_wconf 80' lang='grc' dir='ltr'>ἡμῖν</span> <span class='ocrx_word' id='word_1_210' title='bbox 818 1908 891 1968; x_wconf 83' lang='grc' dir='ltr'>όδτλ-</span> <span class='ocrx_word' id='word_1_211' title='bbox 947 1909 979 1980; x_wconf 84' lang='grc'><strong>3,</strong></span> <span class='ocrx_word' id='word_1_212' title='bbox 991 1908 1092 1983; x_wconf 77' lang='lat' dir='ltr'><strong>spuria</strong></span> <span class='ocrx_word' id='word_1_213' title='bbox 1105 1917 1133 1962; x_wconf 81' lang='lat' dir='ltr'><strong>et</strong></span> <span class='ocrx_word' id='word_1_214' title='bbox 1145 1904 1260 1963; x_wconf 76' lang='lat' dir='ltr'><strong>omissa.</strong></span> 
     </span>
     <span class='ocr_line' id='line_1_17' title="bbox 149 1989 1679 2083; baseline -0.004 -28"><span class='ocrx_word' id='word_1_215' title='bbox 149 2000 218 2077; x_wconf 76' lang='grc' dir='ltr'>ριῗιν,</span> <span class='ocrx_word' id='word_1_216' title='bbox 233 1997 386 2057; x_wconf 77' lang='lat' dir='ltr'><strong>catechesis</strong></span> <span class='ocrx_word' id='word_1_217' title='bbox 399 2003 413 2058; x_wconf 93' lang='lat' dir='ltr'><strong>l</strong></span> <span class='ocrx_word' id='word_1_218' title='bbox 427 1998 464 2058; x_wconf 82' lang='lat' dir='ltr'><strong>ad</strong></span> <span class='ocrx_word' id='word_1_219' title='bbox 478 1997 684 2075; x_wconf 82' lang='lat' dir='ltr'><strong>llluminundos,</strong></span> <span class='ocrx_word' id='word_1_220' title='bbox 697 2013 719 2064; x_wconf 89' lang='lat' dir='ltr'><strong>t.</strong></span> <span class='ocrx_word' id='word_1_221' title='bbox 738 2004 766 2062; x_wconf 88' lang='grc'><strong>3.</strong></span> <span class='ocrx_word' id='word_1_222' title='bbox 780 2022 811 2083; x_wconf 93' lang='lat' dir='ltr'><strong>p.</strong></span> <span class='ocrx_word' id='word_1_223' title='bbox 824 2003 891 2062; x_wconf 78' lang='grc'><strong>335.</strong></span> <span class='ocrx_word' id='word_1_224' title='bbox 986 1995 1024 2055; x_wconf 82' lang='grc' dir='ltr'>Ὦ</span> <span class='ocrx_word' id='word_1_225' title='bbox 1043 2000 1096 2055; x_wconf 83' lang='grc' dir='ltr'><strong>τῶν</strong></span> <span class='ocrx_word' id='word_1_226' title='bbox 1111 1993 1190 2065; x_wconf 82' lang='grc' dir='ltr'>ξίνων</span> <span class='ocrx_word' id='word_1_227' title='bbox 1217 1994 1264 2055; x_wconf 80' lang='grc' dir='ltr'>καί</span> <span class='ocrx_word' id='word_1_228' title='bbox 1288 1993 1445 2074; x_wconf 82' lang='grc' dir='ltr'>παραδόξων</span> <span class='ocrx_word' id='word_1_229' title='bbox 1474 1989 1679 2073; x_wconf 77' lang='grc' dir='ltr'>πραγμάτων,ἰε</span> 
     </span>
     <span class='ocr_line' id='line_1_18' title="bbox 188 2085 1676 2173; baseline -0.006 -23"><span class='ocrx_word' id='word_1_230' title='bbox 188 2087 274 2150; x_wconf 74' lang='grc' dir='ltr'>Ὥστε</span> <span class='ocrx_word' id='word_1_231' title='bbox 291 2094 339 2150; x_wconf 81' lang='grc' dir='ltr'><strong>οὐκ</strong></span> <span class='ocrx_word' id='word_1_232' title='bbox 353 2091 420 2173; x_wconf 70' lang='grc' dir='ltr'><strong>ἀνὴρ</strong></span> <span class='ocrx_word' id='word_1_233' title='bbox 438 2091 527 2170; x_wconf 88' lang='grc' dir='ltr'>μόνον,</span> <span class='ocrx_word' id='word_1_234' title='bbox 543 2092 602 2152; x_wconf 84' lang='grc' dir='ltr'>οὔτε</span> <span class='ocrx_word' id='word_1_235' title='bbox 615 2092 692 2172; x_wconf 76' lang='grc' dir='ltr'>γυνὴ,</span> <span class='ocrx_word' id='word_1_236' title='bbox 708 2091 767 2152; x_wconf 77' lang='grc' dir='ltr'>οὔτε</span> <span class='ocrx_word' id='word_1_237' title='bbox 778 2093 891 2171; x_wconf 80' lang='grc' dir='ltr'>παιδία,</span> <span class='ocrx_word' id='word_1_238' title='bbox 946 2091 1112 2150; x_wconf 78' lang='grc' dir='ltr'>Βονοτοειιτα</span> <span class='ocrx_word' id='word_1_239' title='bbox 1123 2085 1227 2148; x_wconf 77' lang='lat' dir='ltr'><strong>Christi</strong></span> <span class='ocrx_word' id='word_1_240' title='bbox 1236 2085 1272 2147; x_wconf 80' lang='lat' dir='ltr'><strong>od</strong></span> <span class='ocrx_word' id='word_1_241' title='bbox 1291 2086 1406 2161; x_wconf 73' lang='lat' dir='ltr'><strong>inferos,</strong></span> <span class='ocrx_word' id='word_1_242' title='bbox 1417 2088 1569 2165; x_wconf 73' lang='lat' dir='ltr'><strong>spurinae</strong></span> <span class='ocrx_word' id='word_1_243' title='bbox 1576 2095 1676 2163; x_wconf 76' lang='lat' dir='ltr'><strong>preter·</strong></span> 
     </span>
     <span class='ocr_line' id='line_1_19' title="bbox 58 2180 1048 2265; baseline 0.002 -25"><span class='ocrx_word' id='word_1_244' title='bbox 58 2223 60 2228; x_wconf 83' lang='lat'><strong>.</strong></span> <span class='ocrx_word' id='word_1_245' title='bbox 150 2180 178 2241; x_wconf 92' lang='lat' dir='ltr'><strong>in</strong></span> <span class='ocrx_word' id='word_1_246' title='bbox 192 2180 245 2263; x_wconf 82' lang='lat' dir='ltr'><strong>Ep.</strong></span> <span class='ocrx_word' id='word_1_247' title='bbox 259 2182 297 2242; x_wconf 80' lang='lat' dir='ltr'><strong>ad</strong></span> <span class='ocrx_word' id='word_1_248' title='bbox 308 2181 408 2264; x_wconf 85' lang='lat' dir='ltr'><strong>Ephes.</strong></span> <span class='ocrx_word' id='word_1_249' title='bbox 423 2182 504 2243; x_wconf 87' lang='lat' dir='ltr'><strong>Hom.</strong></span> <span class='ocrx_word' id='word_1_250' title='bbox 522 2188 570 2245; x_wconf 90' lang='grc'><strong>33.</strong></span> <span class='ocrx_word' id='word_1_251' title='bbox 583 2197 602 2243; x_wconf 90' lang='grc'><strong>1.</strong></span> <span class='ocrx_word' id='word_1_252' title='bbox 619 2191 665 2246; x_wconf 91' lang='grc'><strong>11.</strong></span> <span class='ocrx_word' id='word_1_253' title='bbox 676 2206 705 2265; x_wconf 87' lang='grc' dir='ltr'><strong>ρ.</strong></span> <span class='ocrx_word' id='word_1_254' title='bbox 721 2186 787 2246; x_wconf 85' lang='grc'><strong>165.</strong></span> <span class='ocrx_word' id='word_1_255' title='bbox 948 2187 1048 2243; x_wconf 85' lang='lat' dir='ltr'><strong>missa.</strong></span> 
     </span>
    </p>
   </div>
   <div class='ocr_carea' id='block_1_3' title="bbox 145 2386 1674 2433">
    <p class='ocr_par' dir='ltr' id='par_1_3' title="bbox 145 2386 1674 2433">
     <span class='ocr_line' id='line_1_20' title="bbox 145 2386 1674 2433; baseline -0.007 0"><span class='ocrx_word' id='word_1_256' title='bbox 145 2386 1674 2433; x_wconf 45' lang='lat' dir='ltr'>w</span> 
     </span>
    </p>
   </div>
   <div class='ocr_carea' id='block_1_4' title="bbox 406 2596 1444 2660">
    <p class='ocr_par' dir='ltr' id='par_1_4' title="bbox 406 2596 1444 2660">
     <span class='ocr_line' id='line_1_21' title="bbox 406 2596 1444 2660; baseline -0.001 -3"><span class='ocrx_word' id='word_1_257' title='bbox 406 2597 625 2660; x_wconf 82' lang='lat' dir='ltr'><em>ADDENDA</em></span> <span class='ocrx_word' id='word_1_258' title='bbox 645 2598 703 2657; x_wconf 82' lang='lat' dir='ltr'><strong>ET</strong></span> <span class='ocrx_word' id='word_1_259' title='bbox 723 2597 1001 2660; x_wconf 81' lang='lat' dir='ltr'><em>CORRIGENDA</em></span> <span class='ocrx_word' id='word_1_260' title='bbox 1019 2599 1072 2658; x_wconf 84' lang='lat' dir='ltr'><strong>IN</strong></span> <span class='ocrx_word' id='word_1_261' title='bbox 1085 2597 1201 2659; x_wconf 85' lang='lat' dir='ltr'><em>NOVA</em></span> <span class='ocrx_word' id='word_1_262' title='bbox 1222 2596 1444 2657; x_wconf 81' lang='lat' dir='ltr'><strong>EDITIONE.</strong></span> 
     </span>
    </p>
   </div>
   <div class='ocr_carea' id='block_1_5' title="bbox 151 2807 1662 3727">
    <p class='ocr_par' dir='ltr' id='par_1_5' title="bbox 154 2807 1662 3077">
     <span class='ocr_line' id='line_1_22' title="bbox 194 2807 1662 2892; baseline -0.003 -22"><span class='ocrx_word' id='word_1_263' title='bbox 194 2810 229 2870; x_wconf 84' lang='lat' dir='ltr'><strong>Ei</strong></span> <span class='ocrx_word' id='word_1_264' title='bbox 242 2809 289 2870; x_wconf 82' lang='grc' dir='ltr'>καί</span> <span class='ocrx_word' id='word_1_265' title='bbox 302 2809 404 2892; x_wconf 76' lang='grc' dir='ltr'>δάκρυα</span> <span class='ocrx_word' id='word_1_266' title='bbox 416 2810 462 2870; x_wconf 76' lang='grc' dir='ltr'>καί</span> <span class='ocrx_word' id='word_1_267' title='bbox 475 2809 631 2891; x_wconf 81' lang='grc' dir='ltr'>στεναγμός,</span> <span class='ocrx_word' id='word_1_268' title='bbox 642 2809 681 2869; x_wconf 88' lang='lat' dir='ltr'><strong>sio</strong></span> <span class='ocrx_word' id='word_1_269' title='bbox 693 2807 788 2891; x_wconf 80' lang='lat' dir='ltr'><strong>incipit</strong></span> <span class='ocrx_word' id='word_1_270' title='bbox 800 2808 828 2868; x_wconf 90' lang='lat' dir='ltr'><strong>in</strong></span> <span class='ocrx_word' id='word_1_271' title='bbox 842 2811 895 2871; x_wconf 83' lang='lat' dir='ltr'><strong>Sa·</strong></span> <span class='ocrx_word' id='word_1_272' title='bbox 950 2810 978 2871; x_wconf 94' lang='lat' dir='ltr'><strong>in</strong></span> <span class='ocrx_word' id='word_1_273' title='bbox 992 2809 1394 2890; x_wconf 79' lang='lat' dir='ltr'><strong>Transfigtrrationem,spurio,</strong></span> <span class='ocrx_word' id='word_1_274' title='bbox 1405 2807 1662 2886; x_wconf 76' lang='grc' dir='ltr'><strong>εό.5ειν.1.7.ρ.319.</strong></span> 
     </span>
     <span class='ocr_line' id='line_1_23' title="bbox 154 2899 1661 2984; baseline -0.003 -25"><span class='ocrx_word' id='word_1_275' title='bbox 154 2901 222 2960; x_wconf 86' lang='lat' dir='ltr'><strong>vilio</strong></span> <span class='ocrx_word' id='word_1_276' title='bbox 235 2916 261 2961; x_wconf 89' lang='lat' dir='ltr'><strong>et</strong></span> <span class='ocrx_word' id='word_1_277' title='bbox 276 2901 404 2980; x_wconf 79' lang='lat' dir='ltr'><strong>Catulogo</strong></span> <span class='ocrx_word' id='word_1_278' title='bbox 424 2905 496 2981; x_wconf 77' lang='lat' dir='ltr'><strong>Aug.</strong></span> <span class='ocrx_word' id='word_1_279' title='bbox 511 2903 605 2964; x_wconf 89' lang='lat' dir='ltr'><strong>Sermo</strong></span> <span class='ocrx_word' id='word_1_280' title='bbox 623 2907 642 2964; x_wconf 92' lang='grc'><strong>3</strong></span> <span class='ocrx_word' id='word_1_281' title='bbox 663 2901 699 2962; x_wconf 84' lang='lat' dir='ltr'><strong>ad</strong></span> <span class='ocrx_word' id='word_1_282' title='bbox 720 2902 898 2964; x_wconf 81' lang='lat' dir='ltr'><strong>Theodorum</strong></span> <span class='ocrx_word' id='word_1_283' title='bbox 990 2905 1045 2965; x_wconf 78' lang='grc' dir='ltr'>Καὶ</span> <span class='ocrx_word' id='word_1_284' title='bbox 1068 2903 1171 2984; x_wconf 68' lang='grc' dir='ltr'>ἐγένετο</span> <span class='ocrx_word' id='word_1_285' title='bbox 1191 2902 1300 2974; x_wconf 79' lang='grc' dir='ltr'>καθεξῆς</span> <span class='ocrx_word' id='word_1_286' title='bbox 1316 2901 1475 2983; x_wconf 77' lang='grc' dir='ltr'>ἐποριόιτο,</span> <span class='ocrx_word' id='word_1_287' title='bbox 1487 2903 1516 2961; x_wconf 90' lang='lat' dir='ltr'><strong>in</strong></span> <span class='ocrx_word' id='word_1_288' title='bbox 1529 2901 1622 2962; x_wconf 84' lang='lat' dir='ltr'><strong>Filium</strong></span> <span class='ocrx_word' id='word_1_289' title='bbox 1632 2899 1661 2956; x_wconf 83' lang='lat' dir='ltr'><strong>ri·</strong></span> 
     </span>
     <span class='ocr_line' id='line_1_24' title="bbox 154 2995 1339 3077; baseline 0.001 -23"><span class='ocrx_word' id='word_1_290' title='bbox 154 2995 273 3075; x_wconf 78' lang='lat' dir='ltr'><strong>lapsum.</strong></span> <span class='ocrx_word' id='word_1_291' title='bbox 288 2996 432 3057; x_wconf 73' lang='lat' dir='ltr'><strong>Moritur</strong></span> <span class='ocrx_word' id='word_1_292' title='bbox 446 2996 548 3077; x_wconf 84' lang='grc' dir='ltr'>δόιιρυα</span> <span class='ocrx_word' id='word_1_293' title='bbox 561 3020 587 3056; x_wconf 73' lang='grc' dir='ltr'><strong>ν.</strong></span> <span class='ocrx_word' id='word_1_294' title='bbox 601 3021 658 3058; x_wconf 66' lang='grc' dir='ltr'><strong>ατ.</strong></span> <span class='ocrx_word' id='word_1_295' title='bbox 854 3024 857 3029; x_wconf 90' lang='grc'><em>·</em></span> <span class='ocrx_word' id='word_1_296' title='bbox 952 2999 1023 3059; x_wconf 82' lang='lat' dir='ltr'><strong>duae.</strong></span> <span class='ocrx_word' id='word_1_297' title='bbox 1038 2997 1112 3059; x_wconf 83' lang='lat' dir='ltr'><strong>Vide</strong></span> <span class='ocrx_word' id='word_1_298' title='bbox 1125 2995 1199 3057; x_wconf 77' lang='grc' dir='ltr'>Ὀλα</span> <span class='ocrx_word' id='word_1_299' title='bbox 1209 2996 1244 3057; x_wconf 87' lang='grc' dir='ltr'><strong>τδι</strong></span> <span class='ocrx_word' id='word_1_300' title='bbox 1256 2995 1339 3069; x_wconf 82' lang='grc' dir='ltr'>πόθη.</span> 
     </span>
    </p>

    <p class='ocr_par' dir='ltr' id='par_1_6' title="bbox 154 3086 1661 3265">
     <span class='ocr_line' id='line_1_25' title="bbox 194 3086 1659 3172; baseline -0.001 -25"><span class='ocrx_word' id='word_1_301' title='bbox 194 3087 346 3165; x_wconf 79' lang='grc' dir='ltr'>Εὐλογητὸς</span> <span class='ocrx_word' id='word_1_302' title='bbox 357 3091 372 3148; x_wconf 89' lang='grc' dir='ltr'>δ</span> <span class='ocrx_word' id='word_1_303' title='bbox 385 3089 468 3156; x_wconf 85' lang='grc' dir='ltr'>Θεός·</span> <span class='ocrx_word' id='word_1_304' title='bbox 483 3087 530 3148; x_wconf 79' lang='grc' dir='ltr'>καί</span> <span class='ocrx_word' id='word_1_305' title='bbox 548 3087 575 3157; x_wconf 71' lang='grc' dir='ltr'><strong>ἐξ</strong></span> <span class='ocrx_word' id='word_1_306' title='bbox 593 3087 744 3169; x_wconf 66' lang='lat' dir='ltr'><strong>Alphenor,</strong></span> <span class='ocrx_word' id='word_1_307' title='bbox 755 3087 796 3148; x_wconf 81' lang='lat' dir='ltr'><strong>sle</strong></span> <span class='ocrx_word' id='word_1_308' title='bbox 812 3089 897 3152; x_wconf 74' lang='lat' dir='ltr'><strong>sar&#39;r-</strong></span> <span class='ocrx_word' id='word_1_309' title='bbox 990 3090 1045 3152; x_wconf 82' lang='grc' dir='ltr'>Καί</span> <span class='ocrx_word' id='word_1_310' title='bbox 1053 3099 1108 3159; x_wconf 83' lang='grc' dir='ltr'>τὀῑς</span> <span class='ocrx_word' id='word_1_311' title='bbox 1121 3091 1261 3172; x_wconf 78' lang='grc' dir='ltr'>μάρτυσιν,</span> <span class='ocrx_word' id='word_1_312' title='bbox 1274 3089 1303 3148; x_wconf 86' lang='lat' dir='ltr'><strong>in</strong></span> <span class='ocrx_word' id='word_1_313' title='bbox 1316 3088 1518 3152; x_wconf 73' lang='lat' dir='ltr'><strong>Macchabmos.</strong></span> <span class='ocrx_word' id='word_1_314' title='bbox 1526 3087 1571 3148; x_wconf 84' lang='lat' dir='ltr'><strong>Est</strong></span> <span class='ocrx_word' id='word_1_315' title='bbox 1581 3086 1659 3167; x_wconf 71' lang='lat' dir='ltr'><strong>spuit</strong></span> 
     </span>
     <span class='ocr_line' id='line_1_26' title="bbox 154 3176 1661 3265; baseline 0.001 -27"><span class='ocrx_word' id='word_1_316' title='bbox 154 3177 217 3245; x_wconf 85' lang='lat' dir='ltr'><strong>lius.</strong></span> <span class='ocrx_word' id='word_1_317' title='bbox 227 3179 325 3238; x_wconf 85' lang='lat' dir='ltr'><strong>Montl.</strong></span> <span class='ocrx_word' id='word_1_318' title='bbox 339 3198 403 3238; x_wconf 85' lang='lat' dir='ltr'><strong>vero</strong></span> <span class='ocrx_word' id='word_1_319' title='bbox 417 3180 568 3259; x_wconf 75' lang='grc' dir='ltr'>Εὐλογητὸς</span> <span class='ocrx_word' id='word_1_320' title='bbox 577 3183 639 3243; x_wconf 85' lang='grc' dir='ltr'><strong>δΘ.</strong></span> <span class='ocrx_word' id='word_1_321' title='bbox 651 3180 692 3240; x_wconf 82' lang='grc' dir='ltr'><strong>ότι</strong></span> <span class='ocrx_word' id='word_1_322' title='bbox 707 3179 763 3241; x_wconf 86' lang='grc' dir='ltr'>καί.</span> <span class='ocrx_word' id='word_1_323' title='bbox 955 3196 961 3246; x_wconf 79' lang='lat'><strong>,³</strong></span> <span class='ocrx_word' id='word_1_324' title='bbox 992 3184 1145 3265; x_wconf 73' lang='lat' dir='ltr'><strong>Mouriptov</strong></span> <span class='ocrx_word' id='word_1_325' title='bbox 1161 3183 1230 3253; x_wconf 80' lang='grc' dir='ltr'>ξίνον</span> <span class='ocrx_word' id='word_1_326' title='bbox 1249 3184 1294 3243; x_wconf 81' lang='grc' dir='ltr'>καί</span> <span class='ocrx_word' id='word_1_327' title='bbox 1317 3182 1486 3264; x_wconf 76' lang='grc' dir='ltr'>παράδοξον,</span> <span class='ocrx_word' id='word_1_328' title='bbox 1499 3184 1591 3242; x_wconf 80' lang='lat' dir='ltr'><strong>dubia.</strong></span> <span class='ocrx_word' id='word_1_329' title='bbox 1611 3176 1661 3239; x_wconf 68' lang='lat' dir='ltr'><strong>lide</strong></span> 
     </span>
    </p>

    <p class='ocr_par' dir='ltr' id='par_1_7' title="bbox 151 3271 1611 3448">
     <span class='ocr_line' id='line_1_27' title="bbox 194 3271 1440 3354; baseline 0.001 -24"><span class='ocrx_word' id='word_1_330' title='bbox 194 3271 346 3351; x_wconf 74' lang='grc' dir='ltr'>Εὐλογητὸς</span> <span class='ocrx_word' id='word_1_331' title='bbox 355 3276 369 3331; x_wconf 91' lang='grc' dir='ltr'>δ</span> <span class='ocrx_word' id='word_1_332' title='bbox 378 3271 471 3340; x_wconf 68' lang='lat' dir='ltr'><strong>estet</strong></span> <span class='ocrx_word' id='word_1_333' title='bbox 484 3272 664 3353; x_wconf 79' lang='grc' dir='ltr'>χαρισάμενος</span> <span class='ocrx_word' id='word_1_334' title='bbox 676 3273 704 3333; x_wconf 91' lang='lat' dir='ltr'><strong>in</strong></span> <span class='ocrx_word' id='word_1_335' title='bbox 718 3271 836 3333; x_wconf 80' lang='lat' dir='ltr'><strong>mediam</strong></span> <span class='ocrx_word' id='word_1_336' title='bbox 849 3275 899 3335; x_wconf 81' lang='lat' dir='ltr'><strong>Je-</strong></span> <span class='ocrx_word' id='word_1_337' title='bbox 953 3273 990 3335; x_wconf 90' lang='grc' dir='ltr'><strong>Τί</strong></span> <span class='ocrx_word' id='word_1_338' title='bbox 999 3280 1095 3351; x_wconf 72' lang='grc' dir='ltr'>τοῦτο,</span> <span class='ocrx_word' id='word_1_339' title='bbox 1109 3286 1216 3354; x_wconf 84' lang='grc' dir='ltr'>σημεῖον</span> <span class='ocrx_word' id='word_1_340' title='bbox 1231 3274 1440 3353; x_wconf 76' lang='grc' dir='ltr'>ἀντιλεγόμενον.</span> 
     </span>
     <span class='ocr_line' id='line_1_28' title="bbox 151 3357 1611 3448; baseline 0.003 -28"><span class='ocrx_word' id='word_1_341' title='bbox 151 3361 303 3442; x_wconf 85' lang='lat' dir='ltr'><strong>juniorum,</strong></span> <span class='ocrx_word' id='word_1_342' title='bbox 314 3361 400 3421; x_wconf 87' lang='lat' dir='ltr'><strong>edidit</strong></span> <span class='ocrx_word' id='word_1_343' title='bbox 413 3363 502 3422; x_wconf 83' lang='lat' dir='ltr'><strong>Savil.</strong></span> <span class='ocrx_word' id='word_1_344' title='bbox 517 3377 537 3422; x_wconf 91' lang='lat' dir='ltr'><strong>t.</strong></span> <span class='ocrx_word' id='word_1_345' title='bbox 551 3365 580 3425; x_wconf 84' lang='lat'><strong>5.</strong></span> <span class='ocrx_word' id='word_1_346' title='bbox 593 3387 619 3445; x_wconf 91' lang='lat' dir='ltr'><strong>p.</strong></span> <span class='ocrx_word' id='word_1_347' title='bbox 629 3367 698 3429; x_wconf 88' lang='grc'><strong>376.</strong></span> <span class='ocrx_word' id='word_1_348' title='bbox 994 3357 1065 3427; x_wconf 73' lang='grc' dir='ltr'>Οἶδα</span> <span class='ocrx_word' id='word_1_349' title='bbox 1078 3367 1172 3448; x_wconf 82' lang='grc' dir='ltr'>πρῴην</span> <span class='ocrx_word' id='word_1_350' title='bbox 1183 3368 1243 3448; x_wconf 82' lang='grc' dir='ltr'>περὶ</span> <span class='ocrx_word' id='word_1_351' title='bbox 1253 3368 1425 3447; x_wconf 83' lang='grc' dir='ltr'>εἱμαρμένης.</span> <span class='ocrx_word' id='word_1_352' title='bbox 1439 3367 1514 3429; x_wconf 80' lang='grc' dir='ltr'>Αόιί.</span> <span class='ocrx_word' id='word_1_353' title='bbox 1527 3368 1611 3428; x_wconf 77' lang='lat' dir='ltr'><strong>dubim</strong></span> 
     </span>
    </p>

    <p class='ocr_par' dir='ltr' id='par_1_8' title="bbox 156 3456 1525 3630">
     <span class='ocr_line' id='line_1_29' title="bbox 194 3456 1525 3541; baseline 0.003 -24"><span class='ocrx_word' id='word_1_354' title='bbox 194 3456 262 3517; x_wconf 84' lang='grc' dir='ltr'><strong>Ἦδδ</strong></span> <span class='ocrx_word' id='word_1_355' title='bbox 274 3457 322 3534; x_wconf 80' lang='grc' dir='ltr'><strong>μδν</strong></span> <span class='ocrx_word' id='word_1_356' title='bbox 334 3457 463 3526; x_wconf 79' lang='grc' dir='ltr'>ναύταις..</span> <span class='ocrx_word' id='word_1_357' title='bbox 471 3500 503 3532; x_wconf 92' lang='grc'><strong>..,</strong></span> <span class='ocrx_word' id='word_1_358' title='bbox 515 3457 550 3518; x_wconf 90' lang='lat' dir='ltr'><strong>de</strong></span> <span class='ocrx_word' id='word_1_359' title='bbox 568 3460 677 3541; x_wconf 85' lang='lat' dir='ltr'><strong>Jejunio</strong></span> <span class='ocrx_word' id='word_1_360' title='bbox 689 3481 722 3520; x_wconf 82' lang='lat' dir='ltr'><strong>ac</strong></span> <span class='ocrx_word' id='word_1_361' title='bbox 741 3459 899 3536; x_wconf 82' lang='lat' dir='ltr'><strong>Hierosoly·</strong></span> <span class='ocrx_word' id='word_1_362' title='bbox 992 3459 1027 3521; x_wconf 77' lang='lat' dir='ltr'><strong>‘O</strong></span> <span class='ocrx_word' id='word_1_363' title='bbox 1041 3463 1193 3536; x_wconf 83' lang='grc' dir='ltr'>κακολογῶν</span> <span class='ocrx_word' id='word_1_364' title='bbox 1205 3461 1319 3541; x_wconf 85' lang='grc' dir='ltr'>πατίρα.</span> <span class='ocrx_word' id='word_1_365' title='bbox 1333 3458 1406 3520; x_wconf 78' lang='lat' dir='ltr'><strong>ddd.</strong></span> <span class='ocrx_word' id='word_1_366' title='bbox 1421 3462 1525 3527; x_wconf 84' lang='lat' dir='ltr'><strong>dubia.</strong></span> 
     </span>
     <span class='ocr_line' id='line_1_30' title="bbox 156 3550 1477 3630; baseline 0.003 -21"><span class='ocrx_word' id='word_1_367' title='bbox 156 3571 211 3610; x_wconf 81' lang='lat' dir='ltr'><strong>ma.</strong></span> <span class='ocrx_word' id='word_1_368' title='bbox 240 3550 604 3630; x_wconf 77' lang='lat' dir='ltr'><strong>CorrigeacEleemosyuo.</strong></span> <span class='ocrx_word' id='word_1_369' title='bbox 976 3551 1081 3627; x_wconf 72' lang='grc' dir='ltr'>,Οὐδὲν</span> <span class='ocrx_word' id='word_1_370' title='bbox 1095 3552 1165 3612; x_wconf 84' lang='grc' dir='ltr'>ἔστιν</span> <span class='ocrx_word' id='word_1_371' title='bbox 1180 3553 1269 3620; x_wconf 83' lang='grc' dir='ltr'>ὄντως.</span> <span class='ocrx_word' id='word_1_372' title='bbox 1287 3552 1477 3617; x_wconf 77' lang='grc' dir='ltr'>Αᾶό.τίνιδία.</span> 
     </span>
    </p>

    <p class='ocr_par' dir='ltr' id='par_1_9' title="bbox 199 3643 1566 3727">
     <span class='ocr_line' id='line_1_31' title="bbox 199 3643 1566 3727; baseline 0.001 -23"><span class='ocrx_word' id='word_1_373' title='bbox 199 3643 312 3711; x_wconf 84' lang='grc' dir='ltr'>Ἧκουες</span> <span class='ocrx_word' id='word_1_374' title='bbox 325 3649 371 3704; x_wconf 80' lang='grc' dir='ltr'><strong>τοῦ</strong></span> <span class='ocrx_word' id='word_1_375' title='bbox 386 3644 522 3706; x_wconf 84' lang='grc' dir='ltr'>Δεσπότου</span> <span class='ocrx_word' id='word_1_376' title='bbox 536 3646 653 3724; x_wconf 76' lang='grc' dir='ltr'>Χριστοῦ</span> <span class='ocrx_word' id='word_1_377' title='bbox 665 3645 761 3725; x_wconf 78' lang='grc' dir='ltr'>ἀρτίως</span> <span class='ocrx_word' id='word_1_378' title='bbox 772 3646 902 3727; x_wconf 76' lang='grc' dir='ltr'>λέγοντος,</span> <span class='ocrx_word' id='word_1_379' title='bbox 995 3647 1165 3726; x_wconf 85' lang='grc' dir='ltr'>Παλαῖστραι</span> <span class='ocrx_word' id='word_1_380' title='bbox 1180 3645 1228 3725; x_wconf 82' lang='grc' dir='ltr'><strong>μὲν</strong></span> <span class='ocrx_word' id='word_1_381' title='bbox 1242 3644 1372 3725; x_wconf 87' lang='grc' dir='ltr'>σώμασιν.</span> <span class='ocrx_word' id='word_1_382' title='bbox 1385 3645 1459 3706; x_wconf 78' lang='lat' dir='ltr'><strong>Add.</strong></span> <span class='ocrx_word' id='word_1_383' title='bbox 1471 3647 1566 3706; x_wconf 71' lang='lat' dir='ltr'><strong>dubim</strong></span> 
     </span>
    </p>
   </div>
   <div class='ocr_carea' id='block_1_6' title="bbox 928 3873 1313 3885">
    <p class='ocr_par' dir='ltr' id='par_1_10' title="bbox 928 3873 1313 3885">
     <span class='ocr_line' id='line_1_32' title="bbox 928 3873 1313 3885; baseline 0.005 -3"><span class='ocrx_word' id='word_1_384' title='bbox 928 3873 1313 3885; x_wconf 58' lang='lat' dir='ltr'><strong>——a——ae——n-—a</strong></span> 
     </span>
    </p>
   </div>
   <div class='ocr_carea' id='block_1_7' title="bbox 413 4055 1441 4124">
    <p class='ocr_par' dir='ltr' id='par_1_11' title="bbox 413 4055 1441 4124">
     <span class='ocr_line' id='line_1_33' title="bbox 413 4055 1441 4124; baseline 0.008 -13"><span class='ocrx_word' id='word_1_385' title='bbox 413 4055 768 4116; x_wconf 79' lang='lat' dir='ltr'><em>SUPPLEMENTUM</em></span> <span class='ocrx_word' id='word_1_386' title='bbox 784 4058 847 4117; x_wconf 80' lang='lat' dir='ltr'><strong>Au</strong></span> <span class='ocrx_word' id='word_1_387' title='bbox 868 4059 1058 4121; x_wconf 81' lang='lat' dir='ltr'><em>INDICEM</em></span> <span class='ocrx_word' id='word_1_388' title='bbox 1074 4063 1196 4122; x_wconf 82' lang='lat' dir='ltr'><em>NOVAE</em></span> <span class='ocrx_word' id='word_1_389' title='bbox 1217 4064 1441 4124; x_wconf 73' lang='lat' dir='ltr'><em>EDITIONIS.</em></span> 
     </span>
    </p>
   </div>
   <div class='ocr_carea' id='block_1_8' title="bbox 161 4265 1677 5382">
    <p class='ocr_par' dir='ltr' id='par_1_12' title="bbox 161 4265 1673 4728">
     <span class='ocr_line' id='line_1_34' title="bbox 200 4265 1664 4349; baseline 0.001 -21"><span class='ocrx_word' id='word_1_390' title='bbox 200 4267 288 4328; x_wconf 85' lang='lat' dir='ltr'><strong>Obliti</strong></span> <span class='ocrx_word' id='word_1_391' title='bbox 309 4288 415 4327; x_wconf 81' lang='lat' dir='ltr'><strong>eramus</strong></span> <span class='ocrx_word' id='word_1_392' title='bbox 435 4265 523 4325; x_wconf 85' lang='lat' dir='ltr'><strong>indici</strong></span> <span class='ocrx_word' id='word_1_393' title='bbox 551 4267 668 4345; x_wconf 76' lang='lat' dir='ltr'><strong>generali</strong></span> <span class='ocrx_word' id='word_1_394' title='bbox 703 4268 780 4328; x_wconf 87' lang='lat' dir='ltr'><strong>initia</strong></span> <span class='ocrx_word' id='word_1_395' title='bbox 800 4269 904 4349; x_wconf 81' lang='lat' dir='ltr'><strong>aliquot</strong></span> <span class='ocrx_word' id='word_1_396' title='bbox 957 4293 1018 4332; x_wconf 91' lang='lat' dir='ltr'><strong>mus</strong></span> <span class='ocrx_word' id='word_1_397' title='bbox 1041 4272 1125 4332; x_wconf 77' lang='lat' dir='ltr'><strong>edidit</strong></span> <span class='ocrx_word' id='word_1_398' title='bbox 1149 4272 1176 4332; x_wconf 91' lang='lat' dir='ltr'><strong>in</strong></span> <span class='ocrx_word' id='word_1_399' title='bbox 1197 4275 1247 4334; x_wconf 90' lang='lat' dir='ltr'><strong>Gr.</strong></span> <span class='ocrx_word' id='word_1_400' title='bbox 1264 4275 1392 4335; x_wconf 61' lang='lat' dir='ltr'><strong>Ecclesia)</strong></span> <span class='ocrx_word' id='word_1_401' title='bbox 1407 4277 1470 4336; x_wconf 87' lang='lat' dir='ltr'><strong>Vet.</strong></span> <span class='ocrx_word' id='word_1_402' title='bbox 1495 4278 1609 4335; x_wconf 76' lang='lat' dir='ltr'><strong>lilonum.</strong></span> <span class='ocrx_word' id='word_1_403' title='bbox 1623 4273 1664 4331; x_wconf 75' lang='grc'><strong>13</strong></span> 
     </span>
     <span class='ocr_line' id='line_1_35' title="bbox 161 4360 1666 4447; baseline 0.003 -27"><span class='ocrx_word' id='word_1_404' title='bbox 161 4360 336 4422; x_wconf 82' lang='lat' dir='ltr'><strong>homiliarum</strong></span> <span class='ocrx_word' id='word_1_405' title='bbox 350 4360 466 4418; x_wconf 85' lang='lat' dir='ltr'><strong>inserere</strong></span> <span class='ocrx_word' id='word_1_406' title='bbox 480 4373 540 4439; x_wconf 90' lang='lat' dir='ltr'><strong>post</strong></span> <span class='ocrx_word' id='word_1_407' title='bbox 555 4360 818 4421; x_wconf 78' lang='lat' dir='ltr'><strong>Montesalconiume</strong></span> <span class='ocrx_word' id='word_1_408' title='bbox 832 4377 904 4422; x_wconf 87' lang='lat' dir='ltr'><strong>teno-</strong></span> <span class='ocrx_word' id='word_1_409' title='bbox 958 4364 1028 4424; x_wconf 87' lang='lat' dir='ltr'><strong>llino</strong></span> <span class='ocrx_word' id='word_1_410' title='bbox 1045 4365 1174 4426; x_wconf 77' lang='lat' dir='ltr'><strong>Gallond.</strong></span> <span class='ocrx_word' id='word_1_411' title='bbox 1189 4367 1320 4426; x_wconf 87' lang='lat' dir='ltr'><strong>Biblioth.</strong></span> <span class='ocrx_word' id='word_1_412' title='bbox 1334 4369 1400 4428; x_wconf 81' lang='lat' dir='ltr'><strong>Vct.</strong></span> <span class='ocrx_word' id='word_1_413' title='bbox 1415 4370 1490 4428; x_wconf 80' lang='lat' dir='ltr'><strong>Patr.</strong></span> <span class='ocrx_word' id='word_1_414' title='bbox 1504 4382 1525 4427; x_wconf 89' lang='lat' dir='ltr'><strong>t.</strong></span> <span class='ocrx_word' id='word_1_415' title='bbox 1540 4375 1568 4429; x_wconf 89' lang='lat'><strong>8.</strong></span> <span class='ocrx_word' id='word_1_416' title='bbox 1584 4390 1606 4447; x_wconf 94' lang='lat' dir='ltr'><strong>p.</strong></span> <span class='ocrx_word' id='word_1_417' title='bbox 1621 4366 1666 4426; x_wconf 75' lang='lat' dir='ltr'><strong>ut.</strong></span> 
     </span>
     <span class='ocr_line' id='line_1_36' title="bbox 162 4451 1066 4536; baseline -0.003 -21"><span class='ocrx_word' id='word_1_418' title='bbox 162 4455 219 4514; x_wconf 87' lang='lat' dir='ltr'><strong>bris</strong></span> <span class='ocrx_word' id='word_1_419' title='bbox 232 4467 379 4513; x_wconf 86' lang='lat' dir='ltr'><strong>erutorum.</strong></span> <span class='ocrx_word' id='word_1_420' title='bbox 399 4454 468 4525; x_wconf 84' lang='lat' dir='ltr'><strong>Quae</strong></span> <span class='ocrx_word' id='word_1_421' title='bbox 486 4472 518 4510; x_wconf 92' lang='lat' dir='ltr'><strong>ue</strong></span> <span class='ocrx_word' id='word_1_422' title='bbox 531 4451 715 4512; x_wconf 75' lang='lat' dir='ltr'><strong>desiderentur</strong></span> <span class='ocrx_word' id='word_1_423' title='bbox 728 4477 848 4536; x_wconf 85' lang='lat' dir='ltr'><strong>prorsus,</strong></span> <span class='ocrx_word' id='word_1_424' title='bbox 856 4477 904 4536; x_wconf 83' lang='lat' dir='ltr'><strong>up·</strong></span> <span class='ocrx_word' id='word_1_425' title='bbox 958 4460 990 4515; x_wconf 76' lang='lat' dir='ltr'><strong>A.</strong></span> <span class='ocrx_word' id='word_1_426' title='bbox 1002 4478 1066 4536; x_wconf 31' lang='lat' dir='ltr'><strong>sqq..</strong></span> 
     </span>
     <span class='ocr_line' id='line_1_37' title="bbox 163 4543 1671 4638; baseline 0.004 -31"><span class='ocrx_word' id='word_1_427' title='bbox 163 4545 285 4628; x_wconf 83' lang='lat' dir='ltr'><strong>perdicis</strong></span> <span class='ocrx_word' id='word_1_428' title='bbox 307 4547 366 4605; x_wconf 89' lang='lat' dir='ltr'><strong>loco</strong></span> <span class='ocrx_word' id='word_1_429' title='bbox 391 4565 421 4604; x_wconf 82' lang='lat' dir='ltr'><strong>ee</strong></span> <span class='ocrx_word' id='word_1_430' title='bbox 446 4543 609 4624; x_wconf 76' lang='lat' dir='ltr'><strong>subjungere</strong></span> <span class='ocrx_word' id='word_1_431' title='bbox 630 4547 730 4607; x_wconf 82' lang='lat' dir='ltr'><strong>visum.</strong></span> <span class='ocrx_word' id='word_1_432' title='bbox 749 4548 819 4607; x_wconf 88' lang='lat' dir='ltr'><strong>Sunt</strong></span> <span class='ocrx_word' id='word_1_433' title='bbox 839 4568 904 4609; x_wconf 84' lang='lat' dir='ltr'><strong>vero</strong></span> <span class='ocrx_word' id='word_1_434' title='bbox 1000 4549 1114 4629; x_wconf 82' lang='grc' dir='ltr'>Μεγάλη</span> <span class='ocrx_word' id='word_1_435' title='bbox 1139 4557 1187 4626; x_wconf 73' lang='grc' dir='ltr'><strong>τῆς</strong></span> <span class='ocrx_word' id='word_1_436' title='bbox 1207 4554 1385 4633; x_wconf 79' lang='grc' dir='ltr'>ἐλεημοσύνης</span> <span class='ocrx_word' id='word_1_437' title='bbox 1410 4561 1426 4627; x_wconf 76' lang='grc' dir='ltr'>ἡ</span> <span class='ocrx_word' id='word_1_438' title='bbox 1452 4557 1592 4638; x_wconf 82' lang='grc' dir='ltr'>εὐεργεσία.</span> <span class='ocrx_word' id='word_1_439' title='bbox 1610 4549 1671 4613; x_wconf 70' lang='lat' dir='ltr'><strong>otto</strong></span> 
     </span>
     <span class='ocr_line' id='line_1_38' title="bbox 164 4638 1673 4728; baseline 0.003 -30"><span class='ocrx_word' id='word_1_440' title='bbox 164 4638 238 4698; x_wconf 76' lang='lat' dir='ltr'><strong>hmo:</strong></span> <span class='ocrx_word' id='word_1_441' title='bbox 959 4642 1025 4701; x_wconf 84' lang='grc' dir='ltr'>ἄλλο</span> <span class='ocrx_word' id='word_1_442' title='bbox 1039 4643 1202 4718; x_wconf 80' lang='grc' dir='ltr'>ἐξισόζεται,</span> <span class='ocrx_word' id='word_1_443' title='bbox 1217 4645 1252 4704; x_wconf 86' lang='lat' dir='ltr'><strong>do</strong></span> <span class='ocrx_word' id='word_1_444' title='bbox 1267 4646 1461 4728; x_wconf 76' lang='lat' dir='ltr'><strong>Eleernosyua,</strong></span> <span class='ocrx_word' id='word_1_445' title='bbox 1470 4663 1496 4707; x_wconf 87' lang='lat' dir='ltr'><strong>et</strong></span> <span class='ocrx_word' id='word_1_446' title='bbox 1508 4651 1535 4706; x_wconf 87' lang='lat' dir='ltr'><strong>in</strong></span> <span class='ocrx_word' id='word_1_447' title='bbox 1548 4648 1673 4707; x_wconf 73' lang='lat' dir='ltr'><strong>Divinos</strong></span> 
     </span>
    </p>

    <p class='ocr_par' dir='ltr' id='par_1_13' title="bbox 164 4722 1674 5188">
     <span class='ocr_line' id='line_1_39' title="bbox 203 4722 1673 4822; baseline 0.004 -31"><span class='ocrx_word' id='word_1_448' title='bbox 203 4730 287 4799; x_wconf 79' lang='grc' dir='ltr'>Ἄξιον</span> <span class='ocrx_word' id='word_1_449' title='bbox 303 4733 407 4813; x_wconf 80' lang='grc' dir='ltr'>πρῶτον</span> <span class='ocrx_word' id='word_1_450' title='bbox 430 4734 604 4805; x_wconf 75' lang='grc' dir='ltr'>ἐπιζητῆσαι,</span> <span class='ocrx_word' id='word_1_451' title='bbox 617 4731 682 4791; x_wconf 80' lang='grc' dir='ltr'>πότε</span> <span class='ocrx_word' id='word_1_452' title='bbox 704 4722 778 4799; x_wconf 69' lang='grc' dir='ltr'>οὗτος</span> <span class='ocrx_word' id='word_1_453' title='bbox 802 4736 816 4792; x_wconf 89' lang='grc' dir='ltr'>δ</span> <span class='ocrx_word' id='word_1_454' title='bbox 840 4730 907 4811; x_wconf 73' lang='grc' dir='ltr'>ἁνὴρ</span> <span class='ocrx_word' id='word_1_455' title='bbox 960 4733 1100 4792; x_wconf 65' lang='lat' dir='ltr'><strong>loturum.</strong></span> <span class='ocrx_word' id='word_1_456' title='bbox 1120 4735 1216 4796; x_wconf 83' lang='lat' dir='ltr'><strong>Edidit</strong></span> <span class='ocrx_word' id='word_1_457' title='bbox 1231 4740 1257 4799; x_wconf 90' lang='lat' dir='ltr'><strong>J.</strong></span> <span class='ocrx_word' id='word_1_458' title='bbox 1281 4739 1313 4800; x_wconf 89' lang='lat' dir='ltr'><strong>B.</strong></span> <span class='ocrx_word' id='word_1_459' title='bbox 1330 4740 1470 4799; x_wconf 80' lang='lat' dir='ltr'><strong>Gallicioli</strong></span> <span class='ocrx_word' id='word_1_460' title='bbox 1491 4742 1518 4799; x_wconf 89' lang='lat' dir='ltr'><strong>in</strong></span> <span class='ocrx_word' id='word_1_461' title='bbox 1533 4733 1673 4822; x_wconf 78' lang='lat' dir='ltr'><strong>Appendud</strong></span> 
     </span>
     <span class='ocr_line' id='line_1_40' title="bbox 164 4822 1607 4915; baseline 0.008 -35"><span class='ocrx_word' id='word_1_462' title='bbox 164 4822 407 4905; x_wconf 59' lang='lat' dir='ltr'><strong>-se&#39;povefflrologus</strong></span> <span class='ocrx_word' id='word_1_463' title='bbox 422 4822 608 4904; x_wconf 86' lang='lat' dir='ltr'><strong>Expositionis</strong></span> <span class='ocrx_word' id='word_1_464' title='bbox 623 4823 649 4880; x_wconf 91' lang='lat' dir='ltr'><strong>in</strong></span> <span class='ocrx_word' id='word_1_465' title='bbox 664 4823 733 4901; x_wconf 88' lang='lat' dir='ltr'><strong>Job,</strong></span> <span class='ocrx_word' id='word_1_466' title='bbox 745 4822 819 4905; x_wconf 80' lang='lat' dir='ltr'><strong>opud</strong></span> <span class='ocrx_word' id='word_1_467' title='bbox 832 4824 908 4884; x_wconf 78' lang='lat' dir='ltr'><strong>Ban-</strong></span> <span class='ocrx_word' id='word_1_468' title='bbox 961 4825 1090 4887; x_wconf 83' lang='lat' dir='ltr'><strong>Galland.</strong></span> <span class='ocrx_word' id='word_1_469' title='bbox 1106 4828 1178 4887; x_wconf 91' lang='lat' dir='ltr'><strong>Bibl.</strong></span> <span class='ocrx_word' id='word_1_470' title='bbox 1193 4832 1257 4892; x_wconf 74' lang='lat' dir='ltr'><strong>Vct.</strong></span> <span class='ocrx_word' id='word_1_471' title='bbox 1273 4831 1346 4892; x_wconf 84' lang='lat' dir='ltr'><strong>Patr.</strong></span> <span class='ocrx_word' id='word_1_472' title='bbox 1358 4846 1377 4892; x_wconf 85' lang='lat' dir='ltr'><strong>t.</strong></span> <span class='ocrx_word' id='word_1_473' title='bbox 1388 4834 1434 4894; x_wconf 78' lang='lat'><strong>14.</strong></span> <span class='ocrx_word' id='word_1_474' title='bbox 1453 4856 1483 4915; x_wconf 91' lang='lat' dir='ltr'><strong>p.</strong></span> <span class='ocrx_word' id='word_1_475' title='bbox 1502 4837 1569 4896; x_wconf 87' lang='lat'><strong>136.</strong></span> <span class='ocrx_word' id='word_1_476' title='bbox 1579 4839 1607 4892; x_wconf 75' lang='lat' dir='ltr'><strong>A.</strong></span> 
     </span>
     <span class='ocr_line' id='line_1_41' title="bbox 164 4913 1674 5003; baseline 0.008 -29"><span class='ocrx_word' id='word_1_477' title='bbox 164 4914 270 4974; x_wconf 91' lang='lat' dir='ltr'><strong>dinium</strong></span> <span class='ocrx_word' id='word_1_478' title='bbox 284 4913 310 4972; x_wconf 94' lang='lat' dir='ltr'><strong>in</strong></span> <span class='ocrx_word' id='word_1_479' title='bbox 327 4916 428 4975; x_wconf 84' lang='lat' dir='ltr'><strong>Graecae</strong></span> <span class='ocrx_word' id='word_1_480' title='bbox 446 4915 572 4975; x_wconf 66' lang='lat' dir='ltr'><strong>Ecclesiae</strong></span> <span class='ocrx_word' id='word_1_481' title='bbox 586 4917 650 4974; x_wconf 88' lang='lat' dir='ltr'><strong>Vot.</strong></span> <span class='ocrx_word' id='word_1_482' title='bbox 663 4917 787 4976; x_wconf 88' lang='lat' dir='ltr'><strong>lllonum.</strong></span> <span class='ocrx_word' id='word_1_483' title='bbox 809 4938 843 4974; x_wconf 84' lang='lat' dir='ltr'><strong>ex</strong></span> <span class='ocrx_word' id='word_1_484' title='bbox 857 4916 908 4975; x_wconf 88' lang='lat' dir='ltr'><strong>Bi·</strong></span> <span class='ocrx_word' id='word_1_485' title='bbox 1001 4917 1036 4980; x_wconf 85' lang='lat'><strong>‘0</strong></span> <span class='ocrx_word' id='word_1_486' title='bbox 1050 4921 1178 5003; x_wconf 78' lang='grc' dir='ltr'>μακάριος</span> <span class='ocrx_word' id='word_1_487' title='bbox 1195 4925 1298 4991; x_wconf 86' lang='grc' dir='ltr'>Παῦλος</span> <span class='ocrx_word' id='word_1_488' title='bbox 1311 4930 1325 4984; x_wconf 84' lang='grc' dir='ltr'>δ</span> <span class='ocrx_word' id='word_1_489' title='bbox 1340 4928 1542 5000; x_wconf 84' lang='grc' dir='ltr'>ἀπόστολος,τδ</span> <span class='ocrx_word' id='word_1_490' title='bbox 1554 4932 1632 4990; x_wconf 78' lang='grc' dir='ltr'>σκεῦος</span> <span class='ocrx_word' id='word_1_491' title='bbox 1642 4924 1674 4989; x_wconf 73' lang='lat' dir='ltr'><strong>tlt</strong></span> 
     </span>
     <span class='ocr_line' id='line_1_42' title="bbox 164 5005 1673 5091; baseline 0.007 -25"><span class='ocrx_word' id='word_1_492' title='bbox 164 5006 261 5067; x_wconf 86' lang='lat' dir='ltr'><strong>blioth.</strong></span> <span class='ocrx_word' id='word_1_493' title='bbox 285 5005 360 5066; x_wconf 88' lang='lat' dir='ltr'><strong>llled.</strong></span> <span class='ocrx_word' id='word_1_494' title='bbox 383 5007 527 5066; x_wconf 83' lang='lat' dir='ltr'><strong>Florentiae</strong></span> <span class='ocrx_word' id='word_1_495' title='bbox 554 5010 642 5069; x_wconf 86' lang='lat'><strong>1763.</strong></span> <span class='ocrx_word' id='word_1_496' title='bbox 661 5022 680 5067; x_wconf 93' lang='lat' dir='ltr'><strong>t.</strong></span> <span class='ocrx_word' id='word_1_497' title='bbox 698 5013 727 5069; x_wconf 87' lang='grc'><strong>3.</strong></span> <span class='ocrx_word' id='word_1_498' title='bbox 751 5008 855 5071; x_wconf 85' lang='lat' dir='ltr'><strong>ethinc</strong></span> <span class='ocrx_word' id='word_1_499' title='bbox 879 5008 908 5068; x_wconf 91' lang='lat' dir='ltr'><strong>in</strong></span> <span class='ocrx_word' id='word_1_500' title='bbox 961 5013 1083 5091; x_wconf 72' lang='grc' dir='ltr'>ἐκλογῆς,</span> <span class='ocrx_word' id='word_1_501' title='bbox 1099 5013 1217 5072; x_wconf 86' lang='lat' dir='ltr'><strong>Homilio</strong></span> <span class='ocrx_word' id='word_1_502' title='bbox 1233 5015 1366 5076; x_wconf 82' lang='lat' dir='ltr'><strong>indecem</strong></span> <span class='ocrx_word' id='word_1_503' title='bbox 1388 5020 1464 5079; x_wconf 89' lang='lat' dir='ltr'><strong>mille</strong></span> <span class='ocrx_word' id='word_1_504' title='bbox 1486 5020 1673 5089; x_wconf 64' lang='lat' dir='ltr'><strong>intermunt</strong></span> 
     </span>
     <span class='ocr_line' id='line_1_43' title="bbox 165 5096 1673 5188; baseline 0.001 -29"><span class='ocrx_word' id='word_1_505' title='bbox 165 5096 294 5160; x_wconf 72' lang='lat' dir='ltr'><strong>(lalland.</strong></span> <span class='ocrx_word' id='word_1_506' title='bbox 309 5096 439 5157; x_wconf 84' lang='lat' dir='ltr'><strong>Biblioth.</strong></span> <span class='ocrx_word' id='word_1_507' title='bbox 453 5100 515 5161; x_wconf 86' lang='lat' dir='ltr'><strong>Vet.</strong></span> <span class='ocrx_word' id='word_1_508' title='bbox 533 5102 607 5158; x_wconf 81' lang='lat' dir='ltr'><strong>Patr.</strong></span> <span class='ocrx_word' id='word_1_509' title='bbox 618 5112 637 5158; x_wconf 91' lang='lat' dir='ltr'><strong>t.</strong></span> <span class='ocrx_word' id='word_1_510' title='bbox 651 5104 681 5161; x_wconf 88' lang='lat'><strong>8.</strong></span> <span class='ocrx_word' id='word_1_511' title='bbox 694 5123 722 5181; x_wconf 92' lang='lat' dir='ltr'><strong>p.</strong></span> <span class='ocrx_word' id='word_1_512' title='bbox 732 5100 845 5164; x_wconf 76' lang='grc'><strong>3431).</strong></span> <span class='ocrx_word' id='word_1_513' title='bbox 961 5124 1091 5164; x_wconf 86' lang='lat' dir='ltr'><strong>memores</strong></span> <span class='ocrx_word' id='word_1_514' title='bbox 1110 5106 1195 5166; x_wconf 88' lang='lat' dir='ltr'><strong>simus</strong></span> <span class='ocrx_word' id='word_1_515' title='bbox 1219 5106 1390 5188; x_wconf 78' lang='lat' dir='ltr'><strong>injuriarum.</strong></span> <span class='ocrx_word' id='word_1_516' title='bbox 1401 5110 1500 5171; x_wconf 84' lang='lat' dir='ltr'><strong>Edidit</strong></span> <span class='ocrx_word' id='word_1_517' title='bbox 1527 5115 1557 5173; x_wconf 86' lang='lat' dir='ltr'><strong>C.</strong></span> <span class='ocrx_word' id='word_1_518' title='bbox 1576 5114 1606 5172; x_wconf 83' lang='lat' dir='ltr'><strong>F.</strong></span> <span class='ocrx_word' id='word_1_519' title='bbox 1621 5109 1673 5166; x_wconf 80' lang='lat' dir='ltr'><strong>ttr-</strong></span> 
     </span>
    </p>

    <p class='ocr_par' dir='ltr' id='par_1_14' title="bbox 164 5191 1677 5382">
     <span class='ocr_line' id='line_1_44' title="bbox 207 5191 1673 5282; baseline 0.003 -28"><span class='ocrx_word' id='word_1_520' title='bbox 207 5193 314 5261; x_wconf 81' lang='grc' dir='ltr'>Καὶτδις</span> <span class='ocrx_word' id='word_1_521' title='bbox 328 5191 512 5273; x_wconf 77' lang='grc' dir='ltr'>προλαὸοόσας</span> <span class='ocrx_word' id='word_1_522' title='bbox 521 5192 623 5273; x_wconf 73' lang='grc' dir='ltr'>ἡμέρας</span> <span class='ocrx_word' id='word_1_523' title='bbox 633 5195 842 5264; x_wconf 76' lang='grc' dir='ltr'>διδασκαλίας...</span> <span class='ocrx_word' id='word_1_524' title='bbox 853 5196 907 5257; x_wconf 91' lang='lat' dir='ltr'><strong>Ho·</strong></span> <span class='ocrx_word' id='word_1_525' title='bbox 959 5197 1020 5256; x_wconf 82' lang='lat' dir='ltr'><strong>thaei</strong></span> <span class='ocrx_word' id='word_1_526' title='bbox 1036 5197 1063 5257; x_wconf 89' lang='lat' dir='ltr'><strong>in</strong></span> <span class='ocrx_word' id='word_1_527' title='bbox 1080 5197 1169 5258; x_wconf 90' lang='lat' dir='ltr'><strong>libro:</strong></span> <span class='ocrx_word' id='word_1_528' title='bbox 1186 5201 1313 5282; x_wconf 79' lang='lat' dir='ltr'><strong>Gregorii</strong></span> <span class='ocrx_word' id='word_1_529' title='bbox 1329 5202 1576 5266; x_wconf 76' lang='lat' dir='ltr'><strong>Thessalonicensis</strong></span> <span class='ocrx_word' id='word_1_530' title='bbox 1589 5203 1611 5263; x_wconf 83' lang='lat' dir='ltr'>X</span> <span class='ocrx_word' id='word_1_531' title='bbox 1622 5202 1673 5259; x_wconf 80' lang='lat' dir='ltr'><strong>ou·</strong></span> 
     </span>
     <span class='ocr_line' id='line_1_45' title="bbox 164 5283 1677 5382; baseline 0.004 -35"><span class='ocrx_word' id='word_1_532' title='bbox 164 5285 240 5347; x_wconf 87' lang='lat' dir='ltr'><strong>milia</strong></span> <span class='ocrx_word' id='word_1_533' title='bbox 251 5284 286 5346; x_wconf 88' lang='lat' dir='ltr'><strong>de</strong></span> <span class='ocrx_word' id='word_1_534' title='bbox 298 5284 459 5347; x_wconf 78' lang='lat' dir='ltr'><strong>Poenitcntie</strong></span> <span class='ocrx_word' id='word_1_535' title='bbox 472 5283 667 5347; x_wconf 80' lang='lat' dir='ltr'><strong>Ninivitarum.</strong></span> <span class='ocrx_word' id='word_1_536' title='bbox 679 5285 832 5351; x_wconf 81' lang='lat' dir='ltr'><strong>Bandinius</strong></span> <span class='ocrx_word' id='word_1_537' title='bbox 846 5289 903 5370; x_wconf 76' lang='lat' dir='ltr'><strong>pri»</strong></span> <span class='ocrx_word' id='word_1_538' title='bbox 957 5291 1041 5353; x_wconf 83' lang='lat' dir='ltr'><strong>tiones</strong></span> <span class='ocrx_word' id='word_1_539' title='bbox 1056 5314 1117 5354; x_wconf 81' lang='lat' dir='ltr'><strong>cunr</strong></span> <span class='ocrx_word' id='word_1_540' title='bbox 1134 5292 1248 5374; x_wconf 77' lang='lat' dir='ltr'><strong>singulis</strong></span> <span class='ocrx_word' id='word_1_541' title='bbox 1262 5297 1374 5357; x_wconf 79' lang='lat' dir='ltr'><strong>loannis</strong></span> <span class='ocrx_word' id='word_1_542' title='bbox 1388 5296 1576 5382; x_wconf 72' lang='lat' dir='ltr'><strong>chrysostomi</strong></span> <span class='ocrx_word' id='word_1_543' title='bbox 1592 5310 1614 5355; x_wconf 85' lang='lat' dir='ltr'><strong>et</strong></span> <span class='ocrx_word' id='word_1_544' title='bbox 1626 5298 1677 5353; x_wconf 80' lang='lat' dir='ltr'><strong>lu·</strong></span> 
     </span>
    </p>
   </div>
   <div class='ocr_carea' id='block_1_9' title="bbox 0 0 1879 5970">
    <p class='ocr_par' dir='ltr' id='par_1_15' title="bbox 0 0 1879 5970">
     <span class='ocr_line' id='line_1_46' title="bbox 0 0 1879 5970; baseline 0 0"><span class='ocrx_word' id='word_1_545' title='bbox 0 0 1879 5970; x_wconf 95' lang='lat' dir='ltr'><strong> </strong></span> 
     </span>
    </p>
   </div>
  </div>
 </body>
</html>
