3714 5970
156 451 224 546 178

148 689 260 772 epistola
273 691 309 749 ad
320 693 504 751 Innocentium
528 692 617 752 dicere
636 712 681 767 se,
697 704 840 771 postquam
858 689 886 749 iu

147 781 238 841 sedem
248 804 326 842 suam
344 785 483 842 restitutus
503 797 553 859 est,
568 784 603 842 ah
617 785 780 864 Imperatore
791 794 885 862 postu-

147 875 226 945 lasse,
237 889 266 934 ut
275 875 418 955 Synodum
430 889 544 954 cogeret,
556 874 602 934 ubi
616 874 651 933 de
664 895 799 934 suacausa
810 873 886 954 judi-

147 982 252 1026 caretur
264 992 272 1025 :
284 980 311 1026 et
326 989 388 1027 cum
406 966 441 1025 ad
455 966 530 1026 illam
542 966 689 1047 cogendam
712 967 886 1047 Imperatoris

147 1059 232 1119 litere
252 1061 279 1120 in
301 1062 391 1119 omnia
413 1060 470 1118 loca
496 1059 684 1137 mitterentur,
700 1060 886 1142 Theophilum

148 1152 218 1211 male
229 1152 283 1211 sibi
292 1151 428 1210 conscium
435 1196 444 1226 ‚
459 1151 550 1210 media
560 1165 652 1223 nocte,
669 1173 810 1211 conscensa
822 1152 885 1211 navi

145 1264 207 1301 curn
219 1242 275 1301 suis
284 1242 431 1321 aufugisse.
442 1242 522 1302 Unde
531 1242 657 1320 consequi
670 1241 884 1316 videtur,Theo·

144 1335 251 1415 philum
264 1347 324 1414 post
338 1332 454 1392 reditum
464 1336 574 1395 loannis
596 1334 698 1413 aliquot
709 1333 806 1394 diebus
815 1335 885 1392 Con·

141 1425 315 1506 stantinopoli
328 1426 467 1501 mansisse,
478 1425 563 1487 donec
573 1425 700 1488 videlicet
712 1440 823 1506 rogante
835 1427 884 1487 Jo-

140 1539 211 1577 anue
223 1519 372 1595 Imperator
385 1516 476 1576 literas
490 1517 592 1601 ubique
604 1518 677 1577 misit
690 1518 725 1577 ad
740 1517 884 1598 Synodum

145 1607 301 1689 cogendam.
319 1610 388 1668 Cum
399 1630 463 1689 crgo
476 1609 504 1669 in
516 1609 701 1686 concionibus,
716 1630 783 1687 quas
798 1610 825 1669 in
838 1610 885 1670 die

142 1700 244 1760 reditus
265 1714 290 1760 et
310 1701 441 1781 postridie
460 1702 567 1777 habuit,
586 1701 659 1762 dicat
678 1701 803 1761 inimicos
820 1723 884 1762 suos

141 1792 287 1872 attingisse,
307 1792 346 1851 sic
363 1792 552 1872 intelligendus
570 1793 688 1854 videtur.

182 1888 325 1962 Postquam
337 1884 456 1965 episcopi
469 1884 522 1961 illi,
538 1886 585 1963 qui
596 1884 739 1967 Synodum
753 1884 781 1945 in
795 1885 883 1958 Quer-

140 1997 173 2035 eu
199 1976 405 2053 constituerant,
425 1998 487 2035 cum
510 1977 595 2055 gloria
617 1977 743 2036 reducem
761 1977 883 2037 ridentes

117 2062 121 2068 ’
140 2068 384 2148 Chrysostumum,
402 2068 595 2144 discesserant;
621 2069 794 2151 Theophilus
811 2115 819 2146 ,
834 2070 883 2148 qui

144 2161 376 2240 Constantinopoli
390 2174 455 2219 tunc
463 2175 530 2238 orat,
542 2162 712 2240 quiescebat,
730 2184 779 2223 neo
791 2178 883 2226 contra

139 2254 218 2313 illum
227 2252 367 2334 quidpiam
379 2253 499 2334 prolerre
513 2255 584 2313 ultra
592 2253 708 2314 audebat
720 2279 727 2312 :
743 2256 799 2314 baec
811 2271 884 2317 certe

140 2347 225 2428 potuit
247 2346 393 2425 generatim
405 2345 495 2404 dicere
513 2346 732 2426 chrysostomus.
753 2346 882 2426 Alioquin

140 2460 204 2498 vero
219 2439 274 2496 lucc
291 2437 537 2498 Alexandrinorum
553 2460 616 2496 cum
631 2439 882 2520 Constantinopoli-

628 478 659 524 S·
686 473 828 524 rotatus
853 472 1085 525 CHRYSOSTONI
1112 476 1213 542 VlTA,

5 597 314 727 ilffidfflfflffl·
326 600 431 659 l’ffllm
452 612 541 660 temen
559 613 599 660 eet
618 599 841 681 Chrysostomum
858 597 885 657 in

938 598 1034 677 fuisse,
1044 615 1071 661 et
1084 615 1140 660 tam
1154 600 1240 660 multa
1251 602 1365 662 loannes
1378 612 1456 673 tacet,
1475 614 1505 660 ut
1517 601 1635 662 nesciam
1645 623 1679 664 an
1688 613 1722 652 ¹⁵¹

940 785 1033 846 inferri
1044 786 1139 866 possit.
1172 802 1176 808 '

978 876 1040 933 Non
1060 873 1188 932 diuturna
1206 874 1321 934 ioannes
1341 871 1534 951 tranquillitate
1551 873 1606 932 irui
1622 896 1675 954 po-

939 967 1002 1027 tuit.
1019 969 1083 1027 Post
1096 965 1165 1024 duos
1182 985 1297 1043 namque
1313 979 1421 1024 exactos
1434 985 1450 1024 a
1465 963 1554 1024 reditu
1565 985 1679 1040 meuses,

939 1060 1027 1138 iuquit
1041 1057 1181 1119 Palladius
1193 1079 1221 1137 p.
1234 1058 1284 1131 75,
1294 1076 1384 1116 rerum
1396 1055 1509 1115 mutatio
1520 1069 1606 1136 empta
1619 1070 1658 1116 est
1670 1080 1678 1114 a

938 1150 1050 1210 Joannis
1063 1149 1137 1208 enim
1152 1148 1255 1206 inimici
1269 1148 1338 1206 nihil
1350 1168 1402 1206 non
1417 1148 1562 1207 movebant
1575 1162 1605 1207 ut
1619 1148 1680 1229 pri·

937 1242 1007 1301 stiua
1025 1254 1083 1300 acta
1112 1253 1269 1321 repeterent.
1290 1238 1420 1298 Arcadius
1438 1259 1503 1299 vero
1524 1240 1675 1319 Imperator

937 1335 1012 1394 mitis
1025 1333 1166 1411 facilisque
1178 1345 1250 1405 erat,
1271 1331 1319 1390 sed
1336 1352 1371 1390 cx
1388 1330 1488 1410 ingenii
1505 1331 1616 1390 levitate
1638 1330 1675 1390 ad

937 1427 1094 1503 sententiam
1108 1423 1267 1483 mutandam
1278 1443 1389 1502 pronus.
1403 1421 1528 1481 Eudoxia
1540 1442 1604 1483 vero
1618 1426 1678 1480 Au·

939 1531 1016 1598 gusta
1031 1517 1122 1592 illum,
1138 1529 1169 1574 ut
1184 1528 1311 1596 putatur,
1331 1526 1465 1574 utcontra
1480 1514 1611 1574 loannem
1625 1512 1679 1573 de·

937 1630 992 1669 nuo
1009 1609 1115 1668 seviret
1136 1607 1290 1667 concitavit.
1313 1608 1407 1685 Neque
1424 1607 1505 1666 reiert
1521 1605 1673 1677 Palladius,

937 1699 1048 1779 quade
1073 1720 1152 1759 causa
1176 1698 1223 1759 illa
1251 1700 1382 1760 loannem
1406 1699 1495 1759 denuo
1518 1698 1675 1779 impetierit,

936 1807 1016 1871 atque
1035 1806 1065 1851 ut
1080 1812 1142 1850 eum
1155 1790 1310 1850 deturbaret
1323 1811 1414 1849 omues
1428 1790 1568 1849 machinas
1581 1811 1678 1850 move·

936 1885 973 1943 rit
991 1906 998 1940 :
1016 1904 1111 1944 verum
1128 1884 1251 1943 Socrates
1270 1897 1297 1942 et
1317 1883 1480 1942 &eumenus
1501 1882 1573 1942 hanc
1589 1880 1678 1943 denua

936 1977 1010 2055 pulsi
1024 1976 1135 2037 Joannis
1148 1976 1314 2035 occasionem
1328 1977 1476 2056 proferunt.

977 2071 1108 2146 Argentea
1128 2080 1218 2127 statua
1238 2067 1370 2129 Eudoxiae
1387 2072 1534 2148 Auguste,
1552 2067 1678 2128 muliebri
1695 2085 1724 2129 ct

935 2159 1004 2218 stola
1018 2160 1133 2237 amicta,
1155 2180 1239 2242 supra
1263 2159 1351 2219 basim
1374 2173 1400 2219 et
1414 2161 1567 2220 columnam
1587 2175 1676 2222 erecta
1686 2163 1724 2257 1ζρ

936 2253 1034 2327 fuerat,
1052 2254 1177 2334 proxime
1190 2255 1330 2315 ecclesiam
1347 2258 1378 2317 S.
1397 2253 1520 2338 Sophiae3
1534 2255 1573 2314 ita
1587 2269 1618 2314 ut
1630 2256 1676 2315 in·
1685 2273 1724 2319 Bu

935 2358 976 2404 ter
990 2360 1132 2425 utramque
1148 2346 1240 2407 media
1257 2347 1400 2408 dumtaxat
1414 2351 1508 2431 platee
1523 2351 1571 2410 via
1590 2336 1724 2412 inter-⁶⁶

931 2440 1002 2519 jecta
1014 2451 1094 2498 esset.
1110 2443 1179 2498 Ante
1198 2438 1273 2498 illam
1292 2454 1407 2500 statuam
1420 2462 1470 2522 pro
1484 2455 1591 2523 recepto
1604 2418 1724 2532 mord:

139 2531 207 2591 tanis
223 2531 355 2590 contentio
369 2544 396 2589 et
414 2551 504 2610 pugna
520 2551 574 2588 non
593 2528 704 2589 videtur
724 2552 801 2610 posse
821 2545 883 2590 ante

139 2623 323 2704 Chrysostomi
332 2622 450 2681 reditum
461 2620 596 2681 accidisse.
605 2623 882 2702 Severiauusquoque

142 2715 312 2774 Gabalorum
328 2715 428 2793 aliique
441 2735 532 2773 omues
547 2716 658 2775 Joannis
677 2716 778 2775 inimici
789 2718 881 2796 fugam

4 2825 87 2871 eattae.
102 2840 127 2885 p.
138 2807 264 2866 iecerunt.
281 2803 366 2864 Addit
378 2827 440 2865 vero
450 2806 597 2880 Palladius,
609 2808 882 2888 Constantinopolita-

1 2888 28 2933 '·''·
139 2919 187 2958 uos
205 2896 390 2978 Theophilum
414 2898 581 2976 quaesivisse,
595 2913 625 2958 ut
652 2900 731 2959 illum
756 2900 785 2960 in
807 2923 881 2961 mare

140 2990 334 3069 demergerent.

20 3101 99 3161 curyr.
111 3107 128 3144 ι.
178 3084 244 3143 Post
259 3081 406 3161 Theophili
421 3082 512 3160 sugam
526 3101 579 3141 nou
594 3083 707 3141 cessavit
721 3083 881 3165 Chrysosto·

1 3169 11 3212 ἶ·
22 3180 43 3223 1‘·
58 3162 112 3212 ⁵¹⁸⁴
138 3197 198 3236 mus
210 3178 401 3255 Imperatorem
417 3174 533 3254 precari,
545 3189 575 3232 ut
589 3175 716 3254 Synodus
724 3175 819 3235 iterum
835 3197 883 3234 co-

935 2531 1147 2612 popularcsludi
1155 2531 1280 2591 celebrati
1291 2545 1363 2591 sunt.
1373 2534 1450 2613 Saepe
1459 2532 1581 2594 vidimus
1591 2534 1680 2616 Chry·
1686 2568 1706 2598 e.
1718 2565 1724 2597 ι

934 2639 1082 2683 sostomum
1109 2638 1200 2684 contra
1225 2623 1382 2704 hujusmodi
1405 2625 1556 2706 spectacula
1583 2625 1677 2687 decla-
1708 2640 1724 2685 e

934 2730 1064 2793 mantem,
1085 2718 1149 2796 quia
1164 2737 1259 2797 nempe
1279 2717 1306 2776 in
1321 2715 1478 2797 hujusmodi
1499 2718 1614 2778 ludicris
1631 2695 1724 2779 re·⁸“

933 2807 985 2866 hus
1005 2830 1110 2888 semper
1129 2809 1253 2887 quaedam
1266 2809 1490 2882 admittebantur,
1506 2832 1576 2888 quae
1595 2810 1679 2871 Chri-

934 2899 1083 2959 stianorum
1104 2901 1270 2963 moribusct
1290 2923 1362 2961 verae
1381 2901 1476 2983 pietati
1496 2901 1678 2963 adversaren-

933 3005 987 3052 tur.
1011 2996 1184 3074 Quapropter
1204 2993 1430 3074 Chrysostomas,
1452 3014 1515 3053 cum
1539 2993 1598 3053 haec
1614 3008 1676 3054 ante

932 3086 1026 3145 valvas
1039 3087 1157 3145 ecclesia
1166 3087 1235 3145 lacta
1245 3101 1375 3160 cerneret,
1386 3086 1529 3167 pristinam
1540 3087 1671 3167 loquendi

936 3175 1088 3237 libertatem
1102 3199 1248 3248 resumens,
1265 3193 1357 3238 contra
1370 3200 1415 3238 eos
1429 3179 1476 3257 qui
1488 3179 1621 3258 ejusmodi
1636 3179 1677 3239 lu·

16 4411 102 4453 Sturum

11 4490 48 4519 ,ι
65 4483 99 4532 ut·
142 4488 204 4530 vero
230 4466 409 4533 Sozomenus,
436 4476 495 4543 post
521 4483 672 4541 regressum
696 4463 885 4543 Chrysostomi

137 3283 244 3351 geretur
250 3267 284 3326 ad
290 3288 397 3326 eausam
407 3287 482 3326 suam
494 3266 884 3346 retractandam‚utqueTheo·

137 3363 229 3444 philus
238 3360 341 3419 adesset
352 3359 472 3437 rogabat.
483 3358 559 3417 Misit
567 3359 723 3439 Imperator,
734 3360 784 3438 qui
796 3359 885 3419 Theo·

137 3454 244 3537 philum
273 3451 361 3511 redire
386 3452 512 3531 juberent
541 3470 603 3508 cum
630 3451 799 3510 consortibus
829 3449 884 3509 suis

138 3547 272 3620 omnibus,
284 3557 458 3624 utgestorum
469 3564 577 3602 suorum
589 3543 717 3601 rationem
729 3542 882 3603 redderent.

140 3641 189 3701 Ille
203 3659 267 3697 vcro
289 3636 460 3718 Imperatoris
483 3635 567 3714 jussui
591 3655 644 3693 non
667 3635 882 3715 obtemperavit,

140 3744 288 3814 praetexeus
307 3728 401 3808 populi
419 3726 595 3794 seditionem,
620 3727 668 3804 qui
690 3726 884 3806 Chrysostomo

141 3822 276 3883 studebat.
295 3823 386 3896 Neque
401 3832 487 3876 tamen
500 3817 612 3875 cessavit
627 3818 838 3898 chrysostomus
848 3820 884 3878 ab

140 3917 304 3995 Imperatore
324 3909 460 3989 postulare
478 3922 506 3966 ut
529 3908 657 3989 Synodus
681 3923 831 3987 cogeretur,
856 3911 882 3969 in

140 4029 193 4086 qua
212 4007 268 4085 ipse
282 4023 389 4060 eausam
409 4022 485 4059 suam
504 4016 694 4080 propugnaret.
716 4005 884 4082 ¹supererant

140 4097 230 4158 adhuc
245 4093 476 4172 Constantinopoli
495 4093 600 4170 aliquot
622 4093 741 4173 episcopi
753 4095 826 4173 Syri,
836 4094 884 4171 qui

142 4212 203 4251 cum
216 4186 369 4266 Tlreophilo
381 4186 409 4242 in
418 4184 528 4265 Synodo
539 4182 574 4243 ad
584 4183 721 4255 Quercum
733 4200 824 4245 eontra
836 4190 885 4248 Jo-

140 4303 237 4344 anuem
255 4277 413 4338 seutentiam
438 4276 583 4335 dixerant:
601 4276 651 4334 hus
669 4277 749 4335 etiam
773 4277 885 4357 Syuorlo

114 4371 343 4452 1‚trrnccogendae
363 4371 488 4429 interesse
507 4371 618 4448 rogabat
638 4372 763 4430 loannes.
786 4373 886 4430 Narrat

142 4558 279 4639 sexaginta
291 4557 397 4614 circiter
411 4557 565 4636 episcopos,
581 4557 628 4632 qui
651 4556 885 4636 Constantinopoli

141 4663 329 4719 couvenerant,
339 4662 397 4705 aeta
406 4648 512 4726 Synodi
525 4649 551 4706 in
562 4649 669 4718 Quercu
682 4649 755 4707 nulla
769 4671 825 4709 esse
835 4650 885 4708 de-

142 4747 293 4818 clararisse,
301 4755 327 4799 et
339 4754 403 4799 tuuc
415 4740 637 4819 Chrysostomum
652 4742 812 4822 episcopalia
824 4763 886 4800 mu-

143 4845 186 4907 nia
207 4834 369 4900 resurrrsisse.
386 4830 542 4889 Reclamant
556 4853 620 4889 vero
633 4834 728 4912 nuperi
741 4835 885 4913 scriptores

143 4940 193 5001 hac
202 4929 276 4995 direti
293 4927 402 4987 ratione.
419 4924 448 4984 Si
468 4924 518 4981 boc
540 4923 575 4980 ita
590 4937 694 5001 gestum
709 4925 817 5002 luisset,
835 4926 887 4984 hoc

144 5046 213 5095 terte
221 5025 332 5089 dixisset
341 5020 549 5100 Chrysostomus
561 5018 814 5099 InnocentioPapae,
825 5041 886 5097 quae

146 5139 217 5211 gestu
229 5122 335 5180 fueraut
351 5112 473 5170 reserens.
489 5112 592 5170 Verum
604 5110 767 5169 Sozomenus
777 5132 829 5169 non
840 5111 886 5168 di-

147 5222 184 5283 «ᾖ
197 5216 245 5279 hos
256 5208 393 5292 episcopos
413 5200 556 5284 Synodum
572 5200 764 5278 celebravisse;
777 5202 825 5261 sed
841 5224 887 5261 so-

150 5316 206 5377 u
217 5304 364 5377 declarasse
381 5295 604 5375 Clrrysostomum
621 5292 718 5372 injuste
730 5292 884 5374 depositum

936 3266 986 3327 dos
999 3271 1139 3344 cauabant,
1157 3270 1201 3328 vel
1218 3270 1273 3329 illis
1287 3271 1443 3345 intererant,
1458 3291 1521 3330 cum
1536 3270 1678 3331 vehemen-

937 3364 974 3419 tia
991 3360 1070 3420 solita
1089 3362 1261 3422 concionatus
1277 3375 1326 3421 est.
1348 3362 1424 3421 Hanc
1441 3376 1473 3421 ut
1488 3362 1678 3421 contumeliam

937 3477 952 3513 a
966 3458 1068 3516 Joanue
1081 3456 1133 3514 sihi
1153 3456 1257 3515 illatam
1276 3457 1358 3514 luisse
1372 3470 1470 3536 putans
1487 3456 1636 3531 Eudoxia‚
1651 3456 1680 3516 in

937 3547 1006 3605 iram
1029 3549 1176 3624 concitata,
1205 3569 1299 3607 rursus
1324 3548 1511 3629 cpiscoporum
1536 3549 1679 3630 Synodum

936 3638 1066 3697 adversus
1079 3640 1157 3698 illum
1172 3641 1329 3720 congregari
1344 3642 1458 3701 curavit.

976 3731 1029 3789 llic
1043 3753 1122 3811 porro
1136 3736 1258 3793 Socrates
1274 3753 1302 3792 se
1317 3733 1429 3794 Joannis
1447 3746 1522 3812 gesta
1537 3732 1679 3813 improba-

937 3843 966 3880 re
979 3843 1031 3880 nou
1046 3820 1208 3883 dissimulat.
1223 3824 1366 3882 Debuisset
1380 3825 1472 3896 euim,
1486 3824 1588 3903 Inquit,
1604 3823 1678 3905 prius

937 3914 1035 3972 blanda
1048 3914 1199 3974 hortatione
1212 3915 1386 3996 Principibus
1399 3917 1524 3991 suadere,
1539 3929 1569 3974 ut
1581 3915 1617 3974 ab
1628 3916 1680 3975 bu·

934 4006 1055 4086 jusmodi
1073 4006 1187 4066 ludicris
1203 4008 1375 4082 abstinerent,
1395 4028 1482 4085 neque
1499 4006 1608 4088 probris
1627 4008 1679 4067 irn-

937 4113 1025 4179 petere
1034 4121 1090 4175 eos,
1103 4100 1150 4177 qui
1161 4100 1212 4160 ista
1224 4100 1283 4158 fieri
1289 4112 1487 4180 preceperant.
1500 4102 1608 4160 Verum
1619 4100 1679 4177 quis

937 4192 986 4250 seit
997 4213 1030 4250 an
1047 4196 1194 4271 Augustam
1209 4213 1261 4252 non
1275 4192 1350 4272 prius
1363 4190 1499 4249 monuerit
1513 4205 1624 4250 sanctus
1634 4211 1679 4248 an-

938 4283 1034 4341 tistes?
1050 4285 1142 4352 Certe,
1160 4284 1288 4342 referente
1311 4282 1489 4363 Theophane,
1513 4283 1678 4362 Chrysosto-

938 4395 998 4433 mus
1011 4375 1169 4433 Praeseetum
1185 4374 1272 4446 urbis,
1289 4373 1361 4433 ludis
1376 4373 1535 4452 hujusmodi
1548 4373 1680 4453 praeposi-

938 4480 1008 4542 tum,
1022 4467 1072 4524 bac
1083 4466 1117 4524 de
1130 4487 1159 4525 rc
1172 4466 1285 4524 monuit.
1302 4465 1350 4525 llle
1362 4484 1437 4534 vero,
1448 4465 1496 4542 qui
1512 4464 1679 4523 Nanichaeus

938 4571 1005 4628 erat,
1031 4556 1184 4614 Eudoxiam
1202 4555 1271 4614 adiit
1290 4555 1444 4613 nuntiatum
1467 4554 1584 4614 illinon
1605 4575 1679 4634 posse

938 4652 1067 4711 Joanuem
1083 4649 1161 4718 serre,
1179 4661 1208 4706 ut
1222 4661 1315 4705 statuae
1329 4667 1383 4705 suae
1397 4647 1485 4705 honor
1498 4646 1678 4719 exhiberetur,

939 4762 993 4820 quo
1006 4740 1092 4819 magis
1106 4740 1226 4798 animum
1240 4740 1298 4819 ejus
1312 4751 1493 4819 exasperaret.

980 4830 1105 4892 Eudoxio
1128 4831 1212 4910 igitur
1233 4830 1262 4889 id
1283 4831 1310 4888 in
1326 4828 1517 4888 contumeliam
1536 4849 1617 4889 suam
1634 4828 1679 4888 di-

939 4940 1013 4985 ctum
1030 4937 1165 5003 reputans,
1179 4943 1272 4981 rursus
1286 4921 1397 4985 Joannis
1411 4922 1559 5001 perniciem
1575 4922 1679 4982 machi-

939 5032 1001 5077 nata
1021 5030 1071 5092 est,
1092 5030 1117 5074 et
1133 5014 1277 5095 Synodum
1295 5013 1483 5093 episcoporum
1502 5012 1636 5074 adversus
1648 5015 1700 5072 il·.

940 5113 997 5171 lum
1012 5109 1168 5189 congregari
1182 5107 1296 5167 curavit.
1313 5105 1344 5163 ld
1361 5105 1407 5164 ubi
1422 5105 1533 5166 resciuit
1552 5110 1679 5177 Joaones,

940 5206 962 5262 si
982 5204 1050 5261 sudes
1063 5201 1097 5260 sit
1115 5199 1221 5261 Socrati
1234 5211 1260 5257 ct
1273 5200 1433 5273 Sozomeno,
1448 5198 1525 5258 illam
1541 5199 1681 5259 homiliam

941 5293 1047 5362 habuc,
1061 5313 1121 5371 quar
1132 5291 1170 5352 sic
1182 5290 1294 5373 incipit:
1306 5293 1432 5350 Rursum
1441 5291 1591 5351 Hereditas
1599 5293 1681 5372 furit.
