3714 5970
169 450 240 496 2¹0

165 573 901 654 efflfie,i1{nit,eltdninporlttnaesuaecon·

164 668 277 727 immani
289 683 319 726 et
331 667 434 747 inim
447 668 521 727 helle
534 668 615 727 finem
635 666 770 746 imponere
788 662 901 740 volunt,

163 764 214 841 qni
231 763 332 821 hm
346 784 365 821 a
383 763 518 843 pincipio
530 762 793 832 malornmaumores
805 758 899 830 fuere,

163 875 198 913 ne
211 876 262 914 ras
278 855 420 914 ernmrbet
434 854 526 930 illud,
543 875 609 913 nere
621 851 725 912 animos
739 863 840 909 vestros
853 849 901 909 de·

115 967 152 1006 rte
163 946 254 1006 bilimt
265 971 274 1002 ι
285 962 388 1026 «μυ
397 949 472 1006 eim
481 948 565 1025 major
578 943 656 1006 vobis
669 943 790 1004 exoritur
805 941 900 1019 labor,

3 2206 149 2255 ΙΜΜ

5 2272 104 2327 mure

5 2331 84 2379 melu
93 2333 147 2375 utt-

5 2399 79 2451 urqe·
89 2393 119 2439 ιὰ

5 2456 123 2516 seu*

5 2520 67 2565 teu

7 2618 147 2745 itti:

6 3106 145 3178 Ueli&

163 1042 331 1102 melia·
341 1042 428 1120 n'pr
441 1060 537 1099 eutem
548 1051 677 1101 nectetur.
688 1061 703 1092 a
889 1103 894 1116 Ι

203 1135 325 1195 l'nerio
335 1152 443 1212 quoqne
455 1130 649 1191 Mediolanensi
667 1128 742 1189 misit
760 1127 901 1208 epistolam

163 1227 245 1300 iffi,
263 1243 290 1286 et
301 1226 436 1307 llesytbio
453 1225 593 1286 Salonensi
612 1223 641 1282 in
660 1222 797 1282 Dalmatia
818 1223 898 1303 epist.

167 1323 316 1398 rtsszqaos
328 1317 440 1399 perinde
450 1316 571 1376 laudata
586 1316 686 1375 virtute
695 1330 721 1376 et
732 1315 898 1388 constantin,

162 1426 190 1471 et
202 1411 325 1470 beentur
337 1424 368 1469 et
380 1422 466 1490 ooepta
481 1408 608 1490 perlicere
621 1420 753 1488 satagant.
772 1408 900 1468 Summo·

162 1525 227 1585 pere
238 1501 368 1584 przdieat
385 1502 416 1563 S.
428 1501 534 1561 Aurelii
548 1501 767 1581 carthaginensis
779 1499 900 1581 episcopi

160 1597 306 1665 virtutem,
318 1593 495 1654 constantiam
515 1605 541 1652 et
560 1592 688 1671 loquendi
706 1592 857 1652 libertatem
871 1590 901 1649 in

159 1689 271 1770 epistola
287 1688 363 1748 rte:
377 1708 456 1767 quem
466 1688 514 1746 etsi
529 1699 604 1746 tanto
613 1697 746 1744 terrarum
756 1681 900 1744 intervallo

159 1780 197 1841 ab
208 1801 237 1841 se
251 1780 396 1852 dissitum,
412 1777 465 1838 sibi
479 1791 567 1837 tamen
588 1777 698 1837 caritate
710 1775 901 1857 conjunctissi-

159 1892 235 1933 mum
252 1892 310 1932 esse
328 1869 477 1950 signifieat,
495 1872 532 1929 ita
554 1882 583 1928 ut
600 1869 733 1955 ferventer
754 1867 902 1928 admodum

157 1988 267 2029 musam
281 1987 357 2026 suam
371 1965 517 2041 defendat,
530 1965 708 2043 hortaturque
723 1962 804 2023 illum
823 1977 854 2025 nt
873 1965 900 2023 in

157 2059 211 2119 boc
223 2057 351 2140 preclaro
365 2057 510 2117 certamine
523 2069 687 2137 perseveret.

200 2151 257 2210 lloc
276 2149 392 2221 ultimo,
405 2162 436 2207 ut
446 2161 574 2229 putatur,
589 2145 681 2207 exsilii
702 2147 745 2206 sui
765 2166 852 2220 anno,
867 2144 902 2208 li·

158 2242 239 2304 brum
252 2238 417 2319 composuit,
433 2239 512 2318 cujus
528 2237 572 2298 vel
585 2238 681 2299 titulus
692 2238 764 2297 solus
772 2236 902 2296 Christia-

159 2355 201 2395 nae
226 2329 405 2414 philosophie
431 2351 565 2389 summam
587 2326 799 2409 complectitur:
817 2327 903 2404 Quod

158 2430 210 2509 qui
231 2429 356 2503 seipsum
376 2443 435 2480 non
453 2423 552 2495 laedit,
565 2441 649 2479 mmo
672 2421 778 2479 ledere
795 2424 898 2498 possit.

159 2522 211 2583 llic
222 2516 357 2598 quidquid
373 2516 407 2575 ad
423 2518 500 2598 pium
515 2515 578 2575 vita
597 2513 750 2573 institutum
767 2511 900 2594 pertinet,

158 2612 281 2695 apposite
294 2608 437 2690 profertur.
451 2607 525 2679 Quia
537 2627 601 2668 vcro
615 2606 665 2665 vix
679 2605 831 2684 contingere
849 2625 900 2683 po-

158 2717 219 2776 test,
231 2703 315 2780 utqui
323 2700 349 2760 in
362 2699 406 2760 via
420 2699 514 2759 salutis
525 2697 635 2769 incedit,
643 2698 769 2758 aerumnis
777 2717 828 2757 non
840 2718 900 2778 pre-

158 2809 261 2867 matur,
274 2805 384 2873 quante
403 2790 527 2850 utilitatis
539 2789 594 2849 sint
609 2810 736 2849 rerumne
748 2805 774 2850 et
783 2790 898 2851 calami-

159 2899 244 2961 tates,
255 2897 313 2945 tum
322 2903 356 2943 ex
366 2882 525 2961 scripturis,
536 2894 593 2940 tum
605 2895 799 2942 exsauctorum
811 2902 900 2942 exem·

158 2978 207 3063 plo
219 2976 309 3061 palam
329 2974 401 3034 iacit
416 2973 480 3032 Post
492 2972 566 3032 hunc
580 2972 744 3033 continenter
762 2973 849 3033 alium
860 2973 899 3033 li-

156 3072 238 3135 brum
250 3067 353 3141 edidit,
369 3066 447 3146 cujus
457 3065 551 3124 titulus
562 3087 570 3124 a
582 3065 637 3124 Aa
648 3085 696 3124 eos
710 3069 761 3146 qui
775 3067 899 3125 scanda-

157 3164 238 3229 ilenti
246 3159 314 3224 suist
325 3163 360 3220 ob
370 3160 561 3218 adversitates
573 3178 638 3238 que
648 3165 841 3238 contigerunt,
847 3179 899 3236 po·

155 3256 275 3339 polique
288 3266 315 3313 et
330 3251 488 3312 multorum
499 3249 683 3309 sacerdotum
694 3254 897 3332 persequutio-

158 3368 222 3411 κω
236 3365 272 3407 ec
280 3346 497 3426 perversionem
510 3386 519 3413 ,
530 3355 582 3400 etc.
599 3363 607 3394 τ
623 3340 670 3399 ubi
680 3341 762 3401 -idem
781 3343 836 3402 iere
853 3364 898 3401 ar-

158 3451 314 3525 gumentum
335 3434 504 3516 persequitur
519 3432 592 3512 quod
612 3432 640 3491 in
656 3433 814 3512 praecedenti
829 3434 900 3493 libro

159 3541 327 3598 maereret.
343 3526 442 3606 Agitur
462 3527 506 3586 hic
528 3527 565 3587 de
577 3526 694 3585 serendis
706 3527 788 3586 rebus
801 3525 898 3587 adver·

158 3623 210 3697 sis,
220 3621 414 3703 cirjuscumque
429 3617 536 3677 tandem
556 3619 660 3696 generis
673 3618 747 3691 sint,
761 3620 899 3700 exemplo-

158 3738 212 3804 que
234 3725 385 3779 unctorum
406 3709 513 3771 Veteris
533 3709 657 3788 Novique
679 3712 842 3782 Testamenti
863 3712 898 3773 ad

158 3832 217 3876 etet
241 3827 298 3875 tutu
321 3802 498 3864 instituuntur
519 3802 825 3883 constantinopolitani,
852 3807 898 3884 qui

160 3920 223 3971 tutto
236 3895 380 3963 aecelestis
389 3893 575 3975 perversisque
588 3894 744 3954 nominibus
758 3898 898 3958 vexaban-

158 4014 214 4065 tur.
230 3992 270 4057 hd
282 4013 327 4056 rot
340 4010 403 4050 vcro
417 3987 535 4048 maxime
547 4003 648 4069 spectat
659 3990 762 4064 oratio,
777 3992 824 4070 qui
837 4016 900 4073 pro·

159 4091 208 4157 teu
225 4085 345 4152 ridentes
369 4103 385 4141 a
404 4078 538 4140 seditiosis
559 4079 722 4158 nefariisque
744 4082 900 4144 bominibus

159 4180 271 4253 tritri,
284 4175 405 4242 divinam
426 4172 577 4244 incusarent
595 4172 807 4250 providentiam.
830 4178 901 4236 arri·

158 4304 220 4350 rute
232 4271 387 4354 euteriuqui
398 4291 413 4330 a
424 4267 609 4329 consceleratis
621 4268 648 4325 in
659 4279 838 4330 successorem
849 4276 901 4331 Ar·

159 4375 223 4443 sarii
237 4381 375 4455 «suipertus
393 4365 479 4425 irrorat
491 4406 498 4435 ,
511 4358 639 4419 acerrime
649 4363 808 4441 perstringit
820 4409 827 4436 ‚
838 4386 900 4423 euru

160 4471 198 4536 tit
210 4488 272 4552 sup,
284 4464 344 4527 lili
367 4455 453 4521 ll'ilu'l
473 4474 540 4533 ergo
557 4457 679 4511 istorum
699 4457 752 4512 tibi
771 4458 900 4536 offendi-

162 4563 229 4629 «vlo
238 4563 275 4625 sit
286 4601 296 4629 ,
308 4574 367 4617 uiro
379 4547 512 4613 sacerdos
526 4545 577 4604 ille
597 4567 674 4605 nunc
698 4548 895 4626 depravatus,

161 4659 230 4741 lupar
244 4653 345 4737 guerris
362 4644 466 4707 saurus
479 4643 510 4697 in
528 4658 644 4717 gregem
664 4640 806 4701 insiliens.
819 4644 899 4703 Unde

161 4741 327 4833 rumrpuvluri
351 4734 458 4800 mutuno
481 4729 694 4802 videtur,hunc
713 4733 817 4795 librum
835 4737 909 4796 edi..

163 4858 221 4910 tum
230 4840 311 4904 inisse
323 4844 462 4918 quitquam
477 4823 557 4904 legati
570 4824 720 4883 innocentii
732 4827 829 4908 Papae,
841 4832 901 4910 epi·

162 4936 235 5022 „opi
248 4923 414 4995 tlrirntalrs,
431 4917 553 5000 quicum
567 4914 662 4994 legatis
672 4933 817 4992 venerant,
836 4922 900 4979 alii-

161 5052 216 5116 qur
229 5024 306 5093 nrirlti
319 5013 451 5106 episcopi,
466 5009 629 5084 sacerdotes,
641 5009 752 5083 clerici,
769 5026 795 5071 et
806 5014 897 5094 cujus-

163 5127 205 5191 νς,
217 5118 321 5206 mair
338 5128 365 5178 rt
382 5102 559 5178 conditionis,
572 5101 662 5164 Attico
677 5117 785 5164 auctore
799 5151 808 5181 ,
824 5107 898 5187 pulsi

160 5219 272 5301 direque
282 5207 370 5278 serati
382 5206 485 5269 luerent
496 5244 506 5273 ,
521 5211 643 5278 utsupra
656 5194 784 5258 vidimus.

201 5314 252 5377 Per
268 5321 352 5374 totum
365 5313 454 5367 aurens
474 5311 573 5359 annum
590 5289 651 5355 406
665 5289 804 5351 commoda
819 5293 896 5354 vale-

645 451 676 498 S.
703 449 843 499 toseriis
867 449 1098 499 crtutsosrontt
1125 451 1224 519 VITA,

959 572 1053 633 tudine
1076 575 1218 643 fruebatur
1239 575 1467 656 Chrysostomus,
1480 589 1512 637 ut
1531 576 1560 634 in
1579 576 1698 658 Epistola

958 665 993 724 ad
1008 665 1150 746 Elpidiuin
1162 670 1220 727 142
1235 680 1276 726 sat
1289 667 1431 748 perspicue
1444 667 1586 740 insinuat,
1601 669 1650 729 ubi
1664 671 1698 730 ait

957 780 987 819 se
1000 762 1056 840 jam
1072 761 1228 819 Isaurorum
1247 760 1410 820 tumultibus
1423 761 1592 834 liberatum,
1604 764 1698 824 ouoac

957 852 1046 929 quiete
1066 851 1120 911 [rui
1133 866 1214 931 atque
1231 852 1260 911 in
1278 854 1422 913 securitate
1434 853 1541 934 degere.
1556 855 1588 914 ln
1604 853 1698 937 hyeme

957 956 1044 1003 autem
1059 958 1123 1002 tunc
1135 945 1309 1013 versabatur,
1323 967 1384 1024 quae
1397 947 1424 1005 in
1439 947 1565 1006 Armenia
1579 951 1699 1029 asperim

956 1056 1013 1094 esse
1022 1034 1133 1094 solebat.
1148 1038 1265 1097 loannes
1279 1058 1344 1096 vero
1358 1037 1494 1098 imbecillo
1506 1059 1623 1120 corpore
1634 1062 1698 1120 pre·

954 1125 1047 1200 ditus,
1061 1126 1129 1187 dum
1143 1128 1230 1207 lrigus
1246 1129 1371 1205 seviret,
1380 1129 1455 1190 domi
1469 1151 1498 1189 se
1511 1145 1645 1211 perpetuo
1656 1133 1698 1191 in·

956 1218 1092 1291 eludebat,
1102 1241 1218 1298 raroque
1229 1241 1245 1280 e
1258 1214 1352 1281 limine
1366 1220 1462 1303 pedem
1475 1223 1619 1299 efferebam
1629 1224 1699 1285 inde·

955 1331 1009 1390 que
1019 1311 1121 1370 lactum
1136 1326 1166 1371 ut
1176 1313 1203 1370 iu
1216 1312 1314 1393 hyeme
1325 1313 1373 1373 illa
1381 1314 1451 1375 bona
1461 1315 1618 1377 valetudine
1626 1317 1697 1377 frue-

954 1416 1039 1463 retur.
1059 1404 1090 1462 In
1098 1405 1213 1485 epistola
1227 1426 1338 1485 quoque
1350 1421 1444 1485 quarta
1458 1406 1495 1468 ad
1504 1408 1696 1490 Olympiadem

955 1495 992 1553 ait
1012 1515 1040 1554 se
1057 1495 1128 1554 bona
1143 1495 1298 1557 valetudine
1310 1498 1380 1572 frui,
1395 1514 1476 1578 atque
1496 1499 1525 1559 in
1548 1521 1648 1581 magna
1660 1522 1697 1562 se·

954 1586 1066 1646 euritate
1079 1608 1151 1664 esse3
1164 1587 1231 1648 adeo
1254 1603 1284 1649 ut
1306 1591 1431 1650 Armenii
1441 1590 1478 1651 ad
1492 1605 1635 1673 stuporem
1654 1615 1696 1654 us·

954 1700 1006 1756 quc
1019 1679 1195 1756 mirarentur,
1209 1682 1284 1760 quod
1298 1683 1342 1741 vir
1362 1683 1430 1744 adeo
1450 1685 1585 1745 imbecilli
1598 1707 1695 1770 corpo-

954 1770 1013 1843 ris,
1028 1771 1224 1831 intolerandam
1243 1774 1353 1853 frigoris
1378 1777 1435 1836 vim
1456 1779 1578 1859 perferre
1590 1795 1696 1860 posset,

955 1884 1016 1923 cum
1031 1863 1050 1922 ii
1066 1863 1161 1939 etiam,
1176 1865 1223 1942 qui
1245 1866 1292 1925 tali
1311 1867 1404 1948 hyemi
1422 1869 1522 1930 assueti
1536 1885 1626 1948 mant,
1638 1872 1697 1933 hinc

955 1975 1009 2015 non
1021 1956 1164 2034 vulgarem
1177 1958 1205 2014 in
1219 1956 1332 2017 modum
1342 1960 1522 2022 afficerentur.
1540 1963 1698 2045 Olympiadi
1736 1967 1743 2013 ¹

955 2063 1043 2107 autem
1055 2069 1084 2107 se
1096 2049 1200 2109 misisse
1213 2050 1251 2109 ait
1266 2051 1381 2128 librum,
1393 2075 1446 2132 quo
1457 2055 1555 2136 probat
1566 2047 1743 2154 neminem&

956 2138 1053 2199 laedere
1065 2161 1142 2220 posse
1152 2161 1229 2214 eum,
1238 2143 1285 2221 qui
1299 2145 1487 2226 seipsurrrnon
1501 2148 1587 2226 laedit,
1598 2172 1696 2212 necnon
1705 2157 1743 2200 δὲ·

956 2234 1042 2294 alium
1054 2233 1156 2293 librum
1171 2234 1289 2316 idipsum
1304 2240 1542 2321 comprobantem,
1556 2265 1639 2322 quem
1654 2267 1697 2328 po·

957 2341 1084 2386 stremum
1110 2348 1172 2386 eum
1193 2349 1250 2387 esse
1272 2332 1315 2389 cui
1337 2332 1433 2393 titulus
1447 2349 1504 2410 est,
1517 2336 1573 2396 Ad
1589 2344 1699 2420 eosqui

956 2419 1157 2478 scandalizati
1171 2435 1262 2498 sunt,
1282 2437 1335 2483 etc.
1348 2468 1357 2495 ,
1370 2426 1427 2505 jam
1442 2427 1512 2487 nihil
1534 2428 1699 2492 dubitamus.

996 2513 1089 2589 Neque
1108 2512 1214 2573 silentio
1232 2517 1452 2596 pretereundum
1474 2520 1506 2580 id
1529 2522 1603 2600 quod
1620 2523 1699 2605 paulo

956 2616 1032 2662 antea
1047 2602 1207 2683 Olympiadi
1221 2604 1307 2679 dixit,
1324 2629 1352 2667 se
1371 2630 1467 2695 nempe
1479 2624 1551 2672 certo
1570 2615 1599 2673 in
1611 2615 1698 2675 sed·

954 2715 1031 2754 suam
1047 2695 1240 2757 restituendum
1252 2698 1318 2758 iore.
1334 2698 1377 2760 En
1390 2703 1450 2780 ejus
1463 2703 1568 2764 verbus
1585 2731 1602 2763 e
1619 2706 1702 2783 Quod

955 2786 979 2848 si
998 2787 1049 2846 tibi
1072 2788 1195 2847 moeroris
1208 2809 1317 2850 causam
1332 2791 1361 2851 id
1376 2795 1471 2869 alfert',
1484 2796 1564 2875 quod
1584 2819 1602 2858 a
1625 2799 1702 2861 nobis

955 2880 1074 2960 sejuncta
1085 2880 1137 2954 sis,
1155 2881 1238 2961 hujus
1251 2883 1333 2944 etiarn
1350 2887 1387 2945 rei
1400 2885 1493 2947 latum
1506 2889 1592 2950 finem
1606 2912 1702 2975 exspe-

957 2985 1010 3032 cta.
1027 2975 1114 3051 Atque
1136 2973 1257 3058 hocnon
1278 2978 1436 3038 consolandi
1460 2981 1545 3041 animi
1563 2985 1607 3044 tui
1621 3007 1702 3048 carm

955 3064 1112 3139 nuncdico‚
1124 3066 1171 3126 sed
1183 3067 1247 3145 quia
1262 3069 1434 3150 exploratum
1448 3072 1517 3132 mibi
1527 3089 1569 3135 eet
1580 3075 1618 3136 ita
1629 3077 1698 3140 iore.

955 3159 1026 3217 Nam
1044 3159 1095 3218 nisi
1110 3159 1146 3218 ita
1159 3160 1281 3220 [uturum
1293 3176 1377 3235 esset,
1391 3165 1575 3244 jampridem,
1592 3170 1645 3230 nisi
1660 3191 1704 3232 me

956 3250 1048 3329 opinio
1072 3252 1161 3326 fallit,
1176 3274 1224 3332 per
1242 3254 1310 3313 mihi
1326 3255 1415 3315 illatas
1431 3258 1601 3321 calamitates
1616 3284 1632 3322 e
1647 3263 1703 3324 vita

956 3343 1100 3402 cessissem.
1115 3346 1153 3404 Ut
1177 3346 1248 3405 enim
1260 3347 1341 3407 etiam
1358 3350 1448 3409 omnia
1467 3372 1528 3429 quae
1545 3354 1702 3416 Constanti·
1740 3378 1743 3384 ·

956 3437 1046 3517 nopoli
1059 3458 1199 3517 perpessus
1215 3460 1275 3498 sum
1292 3455 1470 3520 preteream,
1488 3460 1611 3522 quanta,
1626 3463 1702 3529 post-

955 3549 1036 3607 quarn
1051 3550 1085 3588 ex
1101 3530 1167 3589 urbe
1183 3526 1284 3591 err-essi
1296 3544 1309 3607 ‚‘
1323 3534 1350 3591 in
1366 3546 1421 3593 tam
1440 3534 1521 3616 longo
1536 3559 1571 3596 ac
1591 3542 1700 3602 molesto

955 3619 1051 3680 itinere
1064 3623 1172 3701 pertuli,
1182 3644 1300 3701 quorum
1314 3626 1399 3685 multa
1411 3628 1545 3708 ejusmodi
1558 3646 1655 3707 erant,
1670 3646 1698 3694 nt

955 3728 1068 3773 mortem
1092 3716 1189 3774 afferre
1209 3731 1331 3796 possent3
1357 3733 1456 3796 quanta
1477 3735 1623 3802 postquam
1647 3725 1698 3786 hur

955 3807 1035 3882 veni,
1050 3821 1146 3885 quanta
1169 3825 1311 3888 postquam
1325 3811 1432 3872 Cucuso
1449 3813 1587 3894 migravi,
1601 3831 1696 3896 quanta

955 3899 1071 3977 denique
1084 3915 1228 3981 postquam
1239 3902 1363 3962 Arabissi
1373 3922 1557 3968 commoratus
1568 3931 1629 3970 sum
1636 3958 1646 3984 ,
1658 3912 1696 3970 in·

956 3992 1078 4072 telligere
1088 3993 1222 4052 tibi'licet.
1235 4017 1249 4048 u
1262 3996 1301 4053 lta
1321 3998 1434 4076 putabat
1453 4000 1502 4058 ille
1512 4001 1696 4065 Constantino·

956 4084 1031 4165 polin
1046 4085 1098 4144 sibi
1112 4085 1313 4164 remigrandum
1333 4109 1400 4149 esse.
1414 4093 1518 4154 Verum
1529 4095 1603 4173 alio,
1618 4117 1695 4175 qnam

956 4178 1098 4258 sperabat,
1115 4177 1196 4236 modo
1213 4200 1256 4238 res
1268 4179 1375 4244 cecidit.
1466 4207 1471 4216 ·

996 4272 1027 4329 ln
1045 4272 1098 4329 fine
1119 4285 1207 4330 autem
1221 4271 1340 4351 epistole
1352 4277 1372 4333 l
1383 4273 1417 4334 ad
1431 4274 1626 4358 Olympiadem
1641 4280 1693 4339 bac

956 4365 994 4424 ait
1006 4390 1014 4423 ε
1027 4389 1042 4420 e
1050 4367 1091 4423 De
1104 4364 1212 4441 Pelagio
1224 4365 1357 4425 monacho
1368 4387 1466 4446 magno
1479 4370 1577 4432 dolore
1589 4374 1692 4433 affectus

956 4479 1025 4516 sum.
1037 4458 1130 4536 Cogita
1146 4457 1229 4536 igitur
1247 4472 1312 4536 quot
1326 4460 1489 4539 quantisque
1502 4467 1609 4525 coronis
1621 4464 1691 4546 digni

955 4549 1008 4608 sint
1018 4549 1064 4627 qui
1077 4549 1139 4608 serti
1154 4550 1243 4609 animo
1257 4553 1285 4610 in
1300 4553 1357 4611 acie
1370 4567 1521 4631 steterunt,
1534 4579 1597 4618 cum
1612 4560 1691 4635 viros,

955 4644 1003 4719 qui
1029 4656 1084 4701 tam
1106 4642 1150 4723 pie
1173 4664 1205 4702 ac
1230 4660 1321 4704 sancte
1342 4660 1469 4726 tantaque
1493 4671 1557 4711 cum
1580 4654 1692 4715 toleran-

955 4733 992 4793 tia
1017 4734 1159 4809 vixerant,
1175 4735 1264 4817 abripi
1284 4752 1367 4816 atque
1392 4740 1419 4805 in
1441 4742 1567 4805 fraudem
1592 4745 1692 4827 impelli

954 4826 1105 4886 videamus.
1119 4828 1194 4888 »Hie
1208 4844 1318 4909 putatur
1330 4833 1372 4910 agi
1385 4831 1420 4892 de
1433 4835 1546 4915 Pelagio
1559 4839 1694 4899 haeresiar-

953 4920 1004 4980 rha
1017 4966 1025 4994 ‚
1037 4923 1084 4999 qui
1100 4922 1149 4981 hoc
1172 4936 1290 5002 tempore
1300 4945 1402 4986 errores
1419 4949 1482 4988 suos
1495 4930 1569 4991 circa
1582 4932 1693 5012 gratiam

953 5015 1003 5074 Dei
1016 5014 1155 5095 publicare
1167 5016 1258 5096 coepit.

991 5109 1065 5166 Inter
1080 5107 1204 5188 epistolas
1217 5109 1404 5190 Chrysostnmi
1416 5155 1425 5183 ,
1438 5135 1506 5191 quas
1518 5114 1588 5177 bene
1599 5119 1698 5180 mulus

948 5200 1005 5281 jam
1021 5201 1246 5279 memoravimus,
1258 5204 1318 5263 aliae
1331 5206 1456 5285 quedam
1466 5222 1550 5285 sunt,
1565 5232 1626 5290 quar
1636 5213 1704 5274 nul-

949 5294 1005 5354 lam
1018 5294 1062 5355 vel
1083 5296 1209 5376 temporis
1221 5297 1264 5357 vel
1278 5298 1425 5359 occasionis
1438 5320 1493 5378 qua
1512 5300 1586 5365 date
1599 5306 1696 5380 fuere,
