3750 6052
694 539 812 591 srurtt
838 538 999 604 quantu.
1557 548 1627 623 297

61 670 157 730 ἁλιέων
171 670 200 729 οὐ
220 665 390 748 περιίμενον,
412 661 518 731 ίειοτολς
539 662 707 727 ίκυύίοτεοοε
730 666 774 726 leel
798 663 829 724 τδ
881 662 951 722 sein
966 661 1107 742 navigium
1119 661 1243 727 saltando
1254 661 1443 757 projiciebant.
1457 665 1554 746 stagni
1567 669 1629 728 lun·

60 754 160 810 πλοῖον.
174 747 210 807 ‘0
229 746 336 823 πυθμὴν
349 749 397 816 τῆς
417 744 514 820 λίμνης
532 747 582 804 οὐκ
598 749 710 806 ἐκινεῖτο
716 787 726 820 ,
746 744 828 811 οὐδεὶς
880 743 948 800 duna
960 762 1013 800 non
1030 743 1269 821 :commovebatuq
1284 746 1368 826 piscis
1380 743 1473 805 nullus
1485 747 1555 806 infra
1569 767 1629 806 ma·

60 833 113 888 τῶν
127 827 224 908 ίγθόων
238 827 312 886 κάτω
327 823 414 901 μίνεεν
434 827 569 902 ἠνείχετο·
584 823 693 903 ᾔδεισαν
710 822 763 904 γὰρ
783 823 827 882 τδν
883 841 947 879 nere
970 821 1120 882 sustinebat
1131 845 1139 879 ε
1150 837 1280 882 noverant
1292 826 1365 884 enim
1384 845 1446 884 eum
1461 827 1509 904 qui
1531 825 1602 886 dixit
1618 849 1626 885 τ

62 897 186 986 εἰρηκότα
200 928 205 939 ·
224 903 393 982 Ἐξαγαγίτω
407 900 442 962 τδι
457 901 540 962 ὐδατα
557 905 655 982 ίρπετδ
673 905 764 984 ψυχῶν
777 904 827 970 ζον·
884 901 1058 960 Producant
1072 922 1159 980 uqttae
1169 903 1273 982 reptile
1282 911 1389 962 animer
1399 912 1537 965 uirentis.
1550 906 1627 980 Quid
1642 908 1701 967 oeni
1711 933 1730 967 ι.
1743 934 1782 968 ειν.

62 992 126 1046 σῶν.
141 986 177 1045 Τί
187 976 231 1044 οὐν
244 990 258 1044 ό
271 984 364 1059 Σίμων
375 1025 384 1054 ,
397 987 411 1042 δ
434 983 492 1042 δυσί
505 982 646 1063 πράγμασι
659 979 830 1065 περιπεσὼν,
883 998 947 1057 crgo
962 979 1066 1052 Simon,
1080 979 1127 1058 qui
1142 979 1170 1039 in
1181 979 1251 1040 duos
1264 1002 1342 1042 casus
1356 984 1497 1059 inciderat,
1512 986 1559 1063 qui
1571 999 1628 1046 tota

61 1067 134 1137 θτὴν
147 1065 229 1123 νύκτα
236 1063 367 1130 κοπιάσας
380 1061 424 1121 καί
437 1060 517 1138 μηδὲν
529 1064 644 1137 πιάσας,
656 1061 702 1122 καὶ
714 1066 748 1142 τῇ
759 1060 830 1138 ἠμί·
884 1072 961 1116 nocte
971 1058 1095 1118 laborans
1109 1058 1177 1118 nihil
1191 1074 1313 1140 ceperat,
1329 1063 1393 1122 etin
1408 1064 1454 1122 die
1467 1064 1628 1126 adverbum

81 1171 96 1204 α
120 1145 163 1205 ἐπὶ
184 1148 222 1224 τῷ
241 1141 342 1224 ῥήματι
358 1146 403 1200 τοῦ
418 1140 507 1212 Ἰησοῦ
528 1142 563 1201 cd
581 1143 670 1202 πάντα
685 1141 830 1223 θηρεύσαςς
884 1138 994 1197 marini
1017 1139 1107 1197 omnia
1123 1141 1302 1219 ceperatlUt
1322 1141 1393 1201 vidit
1407 1143 1474 1202 retia
1493 1143 1629 1219 scissa,el

70 1213 111 1293 tl,
124 1215 175 1283 εἶδε
197 1223 231 1281 τδι
246 1221 337 1280 δίκτυα
351 1221 441 1300 διερρα
458 1220 522 1294 dra,
540 1220 587 1281 καὶ
606 1221 702 1289 ἄλλους
719 1218 831 1287 πολλὼς
847 1234 867 1282 Ε
887 1217 985 1275 multos
1010 1217 1077 1276 alios
1101 1217 1188 1298 pisces
1210 1219 1277 1279 soris
1299 1233 1408 1294 smntes,
1422 1222 1580 1300 hiantesque
1599 1237 1631 1284 ut

63 1303 156 1382 ἰχθύας
176 1300 268 1369 ἔξωθεν
286 1243 461 1366 ίατῶταςκοθ
482 1300 547 1401 πρὸς
566 1301 597 1360 τὸ
616 1307 775 1382 θηρευθῆναι
789 1323 832 1360 νεε-
885 1309 1055 1387 caperentur,
1065 1316 1114 1362 nec
1124 1298 1245 1378 procula
1259 1300 1362 1359 retibus
1375 1321 1484 1361 manere
1495 1304 1632 1363 sustinen-

62 1384 193 1462 χηνότας,
208 1380 253 1440 καί
273 1381 363 1459 πόρρω
375 1381 428 1437 τῶν
442 1380 553 1439 διατυων
568 1379 655 1458 μίνειν
670 1382 708 1460 μὴ
732 1386 830 1461 duapo-
885 1377 1087 1454 tas,quas1vim
1102 1397 1197 1456 passus
1210 1377 1329 1458 procidit
1338 1394 1401 1439 ante
1411 1382 1572 1457 Dominum,
1584 1381 1630 1442 di·

63 1453 173 1538 μ’ένους,
194 1465 229 1526 ὡς
251 1459 310 1537 βίαν
331 1457 484 1535 ὐτομίνων,
504 1460 653 1539 προσέπεσε
675 1465 714 1540 τῷ
740 1462 831 1540 Καρίην
884 1475 948 1514 cens
960 1478 968 1511 ε
982 1456 1043 1514 axi
1056 1477 1077 1514 α
1088 1477 1145 1529 nte,
1156 1461 1227 1538 quia
1237 1458 1324 1516 homo
1334 1473 1553 1538 peccatorsum,
1564 1463 1630 1519 Do-

62 1543 145 1620 λέγυιν
160 1562 166 1576 ·
183 1539 292 1607 Ἔξελθε
305 1537 352 1598 ἀπ’
367 1540 447 1613 ἐμοῦ,
463 1537 611 1618 Κόριε,δτι
626 1538 676 1608 εἰνὴ
704 1541 831 1621 ἅμαρτεν-
886 1539 975 1594 πιίπσ.
987 1534 1049 1595 Scio
1063 1534 1173 1595 dunum
1188 1536 1248 1615 quis
1258 1537 1297 1599 ιε
1307 1558 1315 1596 ε
1326 1558 1473 1616 numquam
1483 1539 1540 1598 ridi
1549 1541 1632 1600 talem

61 1620 106 1687 λός
128 1624 192 1698 εἶμι.
207 1617 312 1696 ”Epor
327 1617 418 1677 λοιπὸν
441 1617 513 1684 ὅστις
528 1608 566 1675 εί·
583 1621 631 1678 οὐκ
651 1565 718 1680 elio»
734 1619 832 1701 ἰχθύων
885 1614 1003 1694 piscium
1017 1618 1446 1696 fflP¹UP⁸¹B-M⁰⁸0⁸bll0mlsse‚
1460 1618 1547 1698 Ρίῦθεδ
1560 1619 1630 1678 inlr!

61 1701 145 1780 ἄγραν
158 1698 222 1759 ποτὲ
235 1696 369 1768 τοιαύτην.
388 1695 485 1770 Ἔθος,
505 1696 643 1772 Δέσποτα,
656 1697 717 1767 τούς
740 1699 833 1780 ἰχθύας
885 1713 1012 1772 sagenam
1036 1693 1176 1755 includere
1192 1708 1239 1755 :at
1260 1699 1425 1758 contrarium
1447 1717 1520 1757 nunc
1539 1698 1630 1771 video,

60 1784 95 1858 τῇ
111 1781 214 1857 σαγήνῃ
228 1778 300 1838 ludov
321 1774 489 1835 ἀποκλείειν
502 1779 650 1837 τούναντίον
664 1777 692 1839 dl
707 1783 752 1838 νῦν
766 1778 831 1857 βλί-
887 1775 972 1852 places
983 1773 1049 1834 soris
1059 1793 1184 1852 sagenam
1199 1777 1400 1855 occupant.Exi
1415 1797 1495 1853 ame,
1507 1777 1627 1839 obscero.

60 1883 119 1931 πω,
134 1857 225 1926 three,
246 1861 270 1915 οἱ
286 1856 428 1934 ἰχθύοςοην
444 1855 561 1932 οογηνην
574 1864 725 1936 κρατοῦσιν,
740 1856 834 1927 'EQ
888 1852 993 1912 Cohibe
1002 1851 1114 1912 demum
1128 1853 1255 1913 divinum
1270 1869 1347 1914 tuum
1362 1856 1519 1916 mandatum
1532 1883 1539 1914 τ
1550 1857 1631 1917 relin-

61 1943 90 1995 θε
114 1940 159 1997 ἀπ’
173 1940 251 2014 ἐμοῦ,
267 1937 426 2014 παρακαλῶ.
439 1934 568 2014 Ἐπίσχες
590 1937 682 1997 λοιπὸν
701 1938 732 1999 τὸ
745 1939 831 2000 θεῖνεόο
887 1953 941 2008 que
963 1946 1057 2011 stagno
1073 1932 1144 1992 duos
1167 1933 1259 1993 saltem
1278 1935 1364 2015 pisces
1383 1935 1419 1995 ad
1438 1936 1629 2015 generandum.

61 2039 109 2075 σου
134 2017 312 2096 πρόσταγμα·
334 2015 467 2073 κατοθιπε
485 2019 519 2093 τῇ
538 2017 618 2097 λίμνῃ
633 2017 684 2077 κᾶν
706 2016 752 2077 δύο
767 2019 833 2098 πρὸς
888 2011 942 2071 Exi
957 2033 972 2070 a
986 2032 1030 2070 me
1044 2035 1051 2070 ε
1066 2032 1119 2071 nou
1137 2025 1162 2070 te
1175 2013 1289 2091 repello,
1301 2015 1348 2074 scd
1363 2035 1406 2073 me
1420 2016 1547 2075 miserum
1562 2037 1630 2097 ρεπ-

60 2096 141 2171 γονὴν
164 2096 266 2174 ἰχθύας·
292 2092 401 2161 Ἔξελθε
422 2095 469 2152 ἀπ’
491 2096 575 2169 ἐμοῦ·
600 2098 630 2155 οὐ
653 2095 683 2156 σί
711 2099 832 2158 ἀπωθοῦ.
851 2109 869 2156 r
886 2090 949 2150 dico
961 2114 968 2148 ε
981 2093 1042 2150 Exi
1054 2112 1073 2149 a
1085 2112 1142 2163 me,
1155 2098 1227 2170 quia
1238 2094 1325 2151 homo
1336 2097 1630 2174 peccatorsum,Do-

62 2200 129 2251 μοι,
145 2166 203 2234 ἀλλ’·
224 2172 337 2252 ὶμουεδν
351 2173 493 2239 τελανίζω.
505 2170 614 2242 Ἔξελθε
632 2178 679 2235 ἀπ’
692 2179 772 2254 ἐμοῦ,
790 2177 832 2238 θος
887 2177 974 2229 utine.
992 2171 1127 2229 Dominus
1146 2191 1211 2230 vero
1232 2171 1337 2230 Simoni
1357 2172 1429 2232 dixit
1440 2197 1448 2228 ε
1459 2174 1582 2250 Exeam,
1595 2194 1631 2235 ex

61 2254 129 2332 ἀνὴρ
145 2254 302 2332 ἁμαρτωλός
318 2254 388 2329 είμι,
403 2251 493 2331 Κύριε.
507 2250 541 2312 ‘0
556 2253 583 2312 δί
599 2254 696 2334 Κύριος
710 2256 775 2333 πρὸς
785 2257 831 2317 τὸν
886 2249 1011 2307 navicula
1025 2264 1082 2321 tua,
1095 2249 1201 2322 Simon,
1210 2251 1351 2328 egrediar3
1362 2251 1389 2310 in
1402 2266 1428 2311 te
1440 2266 1529 2311 autem
1538 2253 1632 2312 intrui-

62 2335 192 2410 Σίμωνα·
206 2331 312 2404 ίξελθω,
325 2337 370 2390 τού
386 2331 526 2410 ’πλοιαρίου
540 2356 598 2406 σου,
610 2335 713 2412 Σίμων,
728 2335 831 2417 ίξίρχο-
887 2329 926 2387 b0
940 2351 947 2387 ι
962 2328 1015 2388 Ῑιᾶθ
1030 2328 1066 2387 de
1082 2349 1162 2388 ⁶⁸⁰ss
1175 2329 1211 2389 id
1224 2343 1249 2388 ίε
1263 2332 1333 2391 Veni·
1345 2333 1415 2390 Nam
1429 2352 1491 2391 cum
1504 2353 1631 2412 aperta,

62 2437 121 2487 μαι·
136 2416 162 2471 ἐν
176 2413 217 2472 σοί
232 2409 461 2486 δὲείσελεύσομαι·
467 2411 558 2470 τούτου
571 2413 651 2494 χοίριν
663 2413 710 2473 καί
720 2437 830 2494 παρεγο.
839 2448 876 2488 ,ω
886 2421 981 2487 captus
995 2428 1032 2467 es.
1048 2407 1131 2481 Quod
1143 2421 1172 2466 tu
1188 2408 1273 2484 lacis,
1289 2409 1318 2468 id
1329 2423 1358 2468 tu
1372 2431 1466 2490 passus
1479 2431 1518 2470 es.
1533 2411 1587 2472 Sed
1600 2426 1630 2472 tu

60 2492 144 2569 νόμην
164 2490 229 2572 πρὸς
250 2492 289 2550 σε’.
307 2489 436 2570 Θηρεύων
457 2490 508 2570 γὰρ
531 2493 687 2572 ίθηρεύθης’
701 2493 716 2554 θ
729 2503 830 2571 ποιεῖς,
847 2503 866 2548 Α
886 2507 902 2545 a
915 2486 970 2546 vita
987 2488 1015 2546 in
1028 2501 1142 2546 mortem
1157 2486 1258 2562 trnhis;
1268 2509 1318 2568 ego
1331 2511 1396 2550 vero
1411 2512 1426 2549 a
1440 2503 1527 2550 morte
1540 2491 1569 2550 in
1584 2490 1631 2551 ri..

60 2572 202 2638 πέπονθας.
226 2569 264 2629 Σὺ
286 2568 333 2647 μίν
353 2568 388 2647 γδ
430 2568 483 2628 ἀπὸ
503 2573 572 2641 ζωῆς
589 2575 625 2639 είς
649 2573 761 2633 θάνατον
783 2573 831 2634 ελ.
886 2568 1010 2625 tam.Ne
1026 2566 1252 2640 timeus,Simon
1268 2589 1325 2626 rex
1345 2571 1402 2629 linc
1414 2573 1481 2651 γάεπ
1497 2572 1731 2638 domincum,
1745 2603 1782 2639 νο,

62 2674 125 2718 κεες·
141 2649 194 2727 ἐγὼ
207 2649 234 2708 δὲ
256 2651 314 2708 aaa
328 2592 439 2708 θανότου
453 2651 491 2717 alc
506 2649 587 2722 ζωήν.
608 2650 654 2723 Μὴ
667 2651 762 2731 ηοθοῦ,
778 2654 829 2714 Σί.
886 2649 945 2705 eris
962 2652 1089 2727 cupiens.
1110 2647 1242 2724 Stagnum
1264 2647 1402 2727 relinque,
1418 2649 1510 2708 orbem
1531 2670 1630 2729 sagena

62 2753 129 2805 μονν,
143 2730 195 2789 ἀπδ
216 2736 262 2788 τοῦ
279 2733 323 2786 νῦν
337 2726 488 2808 ἀνθρώποις
503 2727 551 2808 ίοῃ
566 2732 684 2810 ζωγρῶν.
700 2732 760 2805 Τὴν
784 2734 829 2793 tt..
886 2745 967 2804 σερε,
982 2725 1116 2784 calamum
1127 2726 1276 2805 confringe,
1289 2740 1317 2786 et
1330 2748 1436 2788 crucem
1449 2749 1569 2809 appara3
1578 2773 1629 2791 .....

62 2834 129 2884 μνηο
146 2808 286 2881 κατάλιπε,
297 2806 345 2879 τὴν
359 2806 515 2884 οἰκουμένην
525 2809 670 2880 οογήυοος·
684 2811 728 2870 τὸν
743 2812 830 2874 χάλα.
885 2804 1018 2885 discerpe,
1033 2818 1059 2863 et
1069 2803 1194 2884 pictatem
1227 2805 1341 2879 redica3
1354 2807 1464 2866 hamum
1480 2809 1591 2889 projice,
1602 2823 1630 2870 ct

62 2912 110 2966 μον
127 2888 286 2958 σύνθλαοον,
300 2887 346 2945 καί
367 2886 410 2946 τὸν
425 2890 538 2967 σταυρὸν
552 2889 704 2968 εὐτρίπισον
715 2910 722 2924 ·
734 2891 784 2964 τὴν
798 2894 829 2928 *²*
885 2884 994 2943 morbos
1007 2904 1085 2957 ουτος
1098 2884 1164 2943 retia
1177 2828 1242 2944 odio
1256 2885 1326 2945 habe
1336 2933 1345 2958 ,
1356 2900 1382 2959 et
1400 2888 1517 2947 celestes
1538 2890 1629 2948 clavos

61 2973 175 3047 δρμαῖαν
205 2968 372 3038 διοίσπασον,
395 2966 440 3024 καί
464 2967 513 3040 τὴν
541 2968 676 3029 εὐσίύεεαν
704 2971 829 3050 κήρυξον·
885 2962 1051 3032 taonem
1060 2967 1122 3022 nari
1139 2964 1285 3042 egredere,
1302 2980 1329 3026 et
1342 2968 1411 3026 iutra
1423 2968 1452 3027 in
1465 2966 1627 3028 Ecclesiam.

62 3049 136 3126 ῥῖψον
161 3046 192 3106 τὸ
208 3047 362 3126 ἄγκιστρον,
380 3045 425 3104 καί
438 3043 529 3113 νόσους
549 3047 727 3128 θεράπευσον·
742 3051 830 3110 eddi.
886 3043 958 3102 Noli
976 3042 1191 3114 limere,Sim0n
1205 3068 1212 3101 τ
1228 3066 1264 3104 α
1283 3046 1338 3108 hoc
1354 3047 1485 3106 ltomr'ues
1506 3055 1564 3107 ert's
1577 3069 1631 3108 ca·

63 3150 129 3184 κτυα
151 3125 277 3202 μίσησον,
303 3123 410 3192 καὶτδις
426 3124 560 3201 οὐρανίους
584 3128 657 3196 οιλιῑς
689 3128 830 3191 α’λνεεοοοο·
884 3121 1137 3197 piens.0Domini
1146 3121 1343 3204 potestatemlo
1358 3127 1429 3184 Petri
1442 3124 1630 3207 prudentiam!

62 3204 147 3271 ἔξελθε
166 3206 218 3264 ἀπὸ
234 3210 279 3263 τοῦ
297 3201 407 3273 πλοίου,
419 3204 466 3262 καί
478 3203 578 3265 εἴσελθε
592 3209 630 3273 εἷς
646 3153 696 3279 riv
710 3212 830 3283 Ἐκελη-
888 3202 949 3259 Nou
964 3199 1036 3259 dixit
1048 3201 1165 3281 piscator
1176 3201 1222 3261 ille
1236 3204 1282 3281 qui
1294 3217 1388 3284 captus
1401 3219 1462 3264 este
1477 3207 1565 3275 Quam
1578 3206 1629 3265 ab·

62 3284 130 3343 οίαν.
158 3283 203 3352 Μὴ
225 3283 320 3358 poet,
342 3281 448 3359 Σίμων,
465 3282 520 3343 tet
537 3290 599 3344 τοῦ·
616 3291 660 3344 νῦν
681 3289 833 3367 ἀνθρώπως
888 3279 970 3339 surda
987 3293 1026 3339 ast
1045 3280 1093 3339 rlla
1111 3284 1234 3359 Magistri
1256 3282 1567 3344 adhortatioihomines
1584 3296 1632 3344 ta·

61 3364 109 3440 ἔτη
129 3367 248 3440 ζωγρῶν.
262 3359 301 3420 Ὢ
326 3365 373 3431 τῆς
394 3365 440 3419 τοῦ
462 3358 561 3440 Κυρίου
583 3364 732 3442 δυνάμεως·
749 3366 834 3439 θεῆς
850 3383 869 3430 ο
888 3359 972 3438 piam,
985 3374 1013 3418 ct
1026 3359 1162 3437 quodnam
1176 3363 1519 3442 rcteapparabo‘r‘uhinam
1534 3380 1631 3424 texun-

61 3449 107 3499 τοῦ
123 3443 225 3519 Πέτρου
245 3441 380 3505 συνέσεως.
401 3441 459 3498 Οὐκ
473 3431 544 3499 εἶπεν
560 3446 575 3501 δ
589 3444 716 3512 ἁλιευθεὶς
731 3445 833 3517 ἁλιεὺς,
889 3452 935 3496 tur
959 3439 1018 3497 hae
1040 3439 1106 3498 retia
1120 3438 1241 3501 lromines
1261 3455 1289 3499 ut
1308 3442 1378 3500 seras
1395 3443 1629 3520 capientiainum

60 3520 88 3580 τί
101 3521 130 3579 τδ
145 3521 215 3589 ξένον
229 3523 276 3590 τῆς
287 3525 333 3579 τοῦ
348 3519 506 3579 διδασκάλω
519 3520 717 3599 παραενίσιεεςγ
733 3526 834 3606 ἀνθρώ.
888 3517 1005 3598 abripiet
1018 3539 1062 3588 me
1075 3519 1121 3578 hic
1129 3540 1217 3579 sermo
1231 3520 1303 3578 hami
1322 3521 1428 3580 instar?
1441 3522 1519 3581 Nihil
1531 3522 1629 3601 lturuqr
1794 3568 1800 3578 .

60 3624 125 3667 πους
138 3599 340 3680 ζωγρήοω,κα“ι
353 3606 427 3657 ποῖον
447 3598 550 3658 δίκτυον
564 3601 833 3681 εὐερεπίσωςεεοῦθὲ
887 3595 1077 3672 dixitSimou3
1092 3611 1196 3657 tantum
1215 3599 1441 3673 audivit,statim
1463 3601 1630 3680 obsequutus
1657 3630 1662 3672 χ
1768 3602 1797 3641 ·’

59 3682 104 3739 καί
117 3680 240 3739 ”νίθοντα
252 3679 286 3737 τδι
299 3677 491 3758 ἀνθρυνπόθηρα
504 3687 587 3740 ταῦτα
600 3680 711 3756 δίκτυα,
726 3684 764 3764 μὴ
782 3687 833 3765 dp.
887 3688 928 3736 est
946 3702 953 3735 ε
967 3698 1020 3737 που
1037 3676 1160 3738 vendidit
1178 3678 1284 3761 pisces,
1303 3700 1354 3739 nun
1375 3679 1461 3740 deluit
1479 3682 1520 3740 illi
1539 3681 1643 3741 abun?

58 3760 136 3826 ποίξεε
149 3783 182 3837 με
196 3758 271 3836 λόγος
284 3761 380 3838 ἅγκιστ
397 3759 476 3825 εύσας
489 3781 539 3835 μσς
549 3760 636 3821 Οὐδὲν
648 3762 750 3824 τούτων
759 3755 831 3825 εἶπεν
887 3757 979 3815 dantia
1001 3777 1110 3830 rerum,
1123 3778 1175 3817 non
1198 3779 1259 3816 cum
1284 3781 1370 3840 uxore
1392 3781 1447 3819 rem
1467 3761 1627 3841 composuit.

57 3843 72 3897 ὁ
93 3839 204 3917 Σίμων,
222 3838 300 3916 μόνω
324 3836 351 3896 δί
371 3782 603 3909 circumsiliens
623 3841 785 3914 θπξκουσεν·
801 3849 831 3906 οὒ
886 3839 946 3896 Non
957 3834 1029 3895 dixit
1043 3838 1173 3905 Domino,
1184 3838 1268 3899 Serra
1282 3838 1350 3896 mihi
1365 3840 1458 3899 saltem
1470 3841 1629 3913 mediocria,

58 3917 118 3985 τοὺς
136 3920 227 3998 ἰχθύας
247 3917 401 3989 ἐπώλησεν,
415 3919 445 3977 οὐ
463 3921 512 3987 τῆς
530 3918 653 3997 εὐπορίας
676 3923 787 3998 ἐδεήθη,
801 3928 831 3985 ὠ
887 3915 1023 3975 Domine:
1040 3937 1199 3983 componam
1210 3938 1271 3976 eum
1285 3920 1512 3998 negotiatoribus;
1567 3941 1630 3978 eros

60 4003 93 4075 τῇ
107 3998 212 4075 γυναικί
225 3995 399 4069 συνετάξατο,
410 3997 458 4056 οὐκ
474 3988 532 4056 εἷπε
545 3998 610 4077 πρδε
622 3999 667 4059 τὸν
679 4003 830 4074 Δεσπόεην,
888 4009 996 4054 sumtus
1009 3995 1163 4056 domesticis
1178 3997 1244 4056 meis
1264 3998 1422 4076 relinquam.
1442 4000 1518 4059 Nihil
1541 4020 1629 4059 ιοτυυι

60 4078 146 4137 σῶσόν
169 4102 219 4153 μου
240 4076 273 4136 τδ
295 4075 406 4152 μίτρια,
420 4075 559 4136 Δέσποτα·
581 4080 747 4157 λογοθεπηοω
770 4083 831 4154 τοὺς
847 4099 866 4146 c
887 4075 983 4134 Simon
996 4075 1068 4135 dixit
1083 4100 1090 4133 ε
1104 4079 1200 4137 Petrus
1209 4077 1281 4136 enirn
1296 4098 1387 4136 revera
1398 4093 1464 4140 erat.
1475 4082 1566 4158 Neque
1580 4080 1631 4152 Peg

60 4157 256 4225 συναλλοίκτας,
275 4155 358 4233 μικρδ
381 4154 546 4232 ἀναλώματα
567 4166 622 4224 τοῐς
641 4161 678 4226 εἰς
696 4161 743 4221 τδν
758 4153 830 4223 οἶκόν
886 4167 1056 4215 trustautum
1066 4153 1627 4238 Dominieo'praeceptoobedivitpedetiam

60 4258 111 4311 μου
136 4236 297 4386 καταλείγο.
320 4233 406 4294 Οὐδίν
426 4234 526 4294 τούτων
545 4239 560 4295 δ
580 4236 727 4320 Σίμοεν“ίρ
820 4262 828 4278 ·
885 4234 1007 4294 Andreas
1019 4249 1046 4294 et
1059 4235 1176 4296 lacobus
1195 4250 1222 4301 et
1241 4239 1357 4298 loannes
1370 4261 1377 4294 ι
1390 4239 1448 4297 haec
1472 4240 1544 4298 enim
1564 4252 1627 4298 suut

59 4314 162 4395 Πέτρος
172 4314 224 4395 γδρ
255 4339 269 4372 ν
291 4312 321 4372 τὸ
333 4313 400 4372 llos.
418 4314 472 4372 Καὶ
485 4314 577 4396 ὅτιπερ
590 4320 619 4375 οὐ
634 4317 711 4395 μόνον
756 4321 829 4402 ίτρος
884 4314 960 4394 [νοτία
973 4313 1029 4374 duo
1040 4314 1133 4375 fidelia
1147 4316 1423 4379 amborumlratrum.

58 4397 192 4466 ὑπήκουσε
221 4398 260 4476 τῷ
284 4395 432 4473 δεσποτικῷ
457 4393 656 4470 προστάγματι,
680 4398 749 4459 ἀλλὰ
782 4401 829 4462 καί

59 4473 196 4554 Ἀνδρίας,
221 4473 266 4532 καί
288 4470 431 4540 ’ίοίκωόος,
452 4472 499 4532 καὶ
521 4472 663 4549 Ἰωάννης·
678 4469 757 4541 αὐτας
776 4481 828 4562 γάρ

59 4555 124 4612 εἰσιν
138 4558 165 4613 αί
180 4553 290 4633 ἀδελφαί
306 4552 351 4610 καί
366 4552 459 4611 πισταί
471 4548 517 4610 δύο
528 4553 647 4632 ζυγόδες.

100 4624 174 4700 Εἶδες
195 4633 243 4703 tlt
259 4637 305 4691 τοῦ
327 4632 424 4711 Κιρίειε
445 4632 729 4711 πθεγμεεείειὸείεεσ
770 4638 828 4721 ἄριν
924 4640 1055 4701 Vidistin‘
1067 4641 1175 4701 Domini
1188 4640 1481 4722 negotiationomlqua
1492 4643 1527 4703 dc
1546 4665 1626 4705 eausa

55 4711 101 4770 ἐπὶ
125 4710 173 4782 τὴν
198 4712 294 4787 λίμνην
316 4712 495 4791 παρεγίνετος
516 4711 561 4771 ἵνα
584 4711 713 4792 colaepio
764 4722 829 4798 Ιλους
884 4720 1262 4801 instagnumsecontulerit?
1276 4736 1340 4782 utct
1359 4722 1627 4799 turbasdooeret,et

56 4790 163 4869 διδάξῃ,
175 4789 234 4856 coire
248 4790 277 4850 ll
294 4790 376 4857 ἁλιεῖς
389 4791 574 4872 ἂγωστρεύσῃ.
588 4790 700 4858 Ἥκουει
718 4788 762 4857 οὐν
776 4802 829 4878 ἀρ·
905 4799 1032 4859 iscatores
1045 4800 1126 4861 hamo
1147 4815 1263 4880 caperet.
1285 4801 1394 4861 Audisti
1408 4803 1493 4882 igitur
1509 4825 1626 4884 evange-

54 4870 119 4936 τίεις
141 4874 186 4929 τοῦ
205 4870 389 4948 εὐαγγελιστοῦ
413 4870 547 4949 litoteta·
560 4872 614 4932 Καὶ
634 4876 830 4955 καταγαγόντες
884 4821 975 4938 listam
988 4881 1140 4940 dicentem:
1155 4883 1196 4940 Iit
1207 4882 1356 4941 subderetis
1366 4885 1407 4941 od
1420 4896 1530 4942 terram
1544 4888 1626 4944 novi·
1639 4916 1716 4964 lm
1742 4931 1779 4966 ,h

55 4949 91 5008 τδι
112 4952 192 5008 πλοῖα
207 4950 294 5008 αὐτῶν
308 4949 351 5008 ἐπί
368 4952 416 5019 τῆς
448 4955 494 5022 ἶς,
508 4949 617 5032 δρίντες
631 4952 752 5027 ἅπαντα,
765 4959 829 5027 ἠκο-
846 4983 866 5031 1,
884 4962 959 5031 bus,
977 4959 1088 5020 relictis
1110 4964 1261 5034 omnibus,
1286 4965 1402 5041 sequuti
1422 4975 1492 5022 sunt
1513 4966 1625 5024 Jesum.

53 5028 193 5125 λοόθησαχ
205 5031 244 5107 τῷ
260 5027 358 5126 Ἰησοῦ.
369 5027 407 5087 Τί
418 4974 474 5125 dizo
483 5029 578 5112 Κύριος
588 5054 596 5104 ;
607 5032 646 5092 δεῖ
659 5034 711 5115 γὰρ
723 5060 829 5114 συμπε-
884 5037 959 5109 Quid
972 5060 1036 5098 vero
1046 5039 1198 5099 Dominus?
1211 5054 1316 5118 oportet
1329 5041 1401 5099 enim
1414 5042 1530 5101 sermoni
1544 5042 1626 5101 sinent

57 5117 134 5187 ρᾶναι
157 5133 195 5188 τῳ
209 5106 288 5187 λόγῳΙ
306 5109 346 5172 Ως
361 5097 413 5166 eide
425 5131 479 5166 των
498 5110 651 5172 ἀποστόλων
669 5113 718 5186 τλν
732 5122 830 5196 προθυ-
883 5116 1030 5196 imponere.
1043 5121 1080 5178 Ut
1091 5117 1161 5178 vidit
1172 5121 1355 5199 apostolorum
1367 5120 1542 5193 alacritatem,
1552 5121 1624 5199 quod

57 5187 138 5265 μίαν,
156 5187 248 5265 ὅτεπερ
270 5184 377 5266 ἅνείτεε
397 5187 517 5259 ἅπαντα,
537 5191 720 5266 ἠκολούθησαν
739 5198 828 5277 αὐτῷ,
885 5198 985 5258 relictis
997 5198 1124 5260 omnibus
1142 5200 1248 5280 sequuti
1269 5214 1355 5260 essent
1376 5199 1484 5280 ipsum,
1497 5200 1534 5281 ad
1548 5222 1625 5260 curu·

89 5364 99 5387 ε
119 5347 178 5417 [dn
194 5346 254 5400 l'ott.
267 5356 369 5411 νηθονται
380 5346 409 5415 l]
