3750 6052
294 638 363 728 134
758 655 788 702 s.
817 650 957 713 toiams
982 652 1214 707 cuarsossosn
1239 654 1334 723 vrrs,

289 783 360 846 Elia
375 781 509 864 explicat,
520 802 552 841 ac
564 800 626 841 cum
640 799 746 841 summa
759 776 891 841 modestia
903 790 930 839 et
941 777 1032 839 humi·
1086 782 1169 843 semel
1180 781 1248 863 agit.
1262 782 1383 843 Pham
1396 800 1458 843 eum
1468 780 1646 871 Tillmtio
1656 778 1709 845 diu
1720 797 1841 865 postse-

287 877 364 939 litate
379 876 532 937 concionem
544 873 657 935 claudit.
1087 875 1203 935 condam
1211 875 1338 955 ablegari
1350 890 1377 936 et
1391 874 1419 936 in
1433 872 1509 936 aliud
1517 874 1840 969 tqpusdistuliffltrar·

330 970 389 1030 lloc
402 972 466 1030 iteru
478 989 548 1028 auno
562 969 619 1027 399
625 1012 636 1040 ,
653 965 696 1027 rel
709 966 820 1027 circiter
828 1012 838 1045 ,
854 980 931 1048 putat
941 966 1033 1049 title·-
1087 982 1142 1029 tam
1157 991 1264 1049 quoque
1277 992 1293 1029 a
1306 970 1471 1049 reliquarum
1484 969 1554 1031 serie
1571 968 1757 1031 amomdam
1768 990 1840 1031 oeu-

288 1066 407 1124 moutius
434 1058 658 1141 Chrysostomum
681 1058 831 1119 orationem
853 1058 980 1120 babuisse
1001 1058 1032 1119 iu
1086 1062 1147 1120 sui:
1162 1061 1307 1122 secundom
1322 1084 1403 1139 sero,
1417 1063 1538 1139 tertiam,
1552 1063 1677 1142 quintam
1688 1076 1719 1123 et
1728 1076 1840 1125 sexum

134 1174 207 1236 unp
219 1177 272 1239 757.
288 1157 395 1216 laudem
414 1152 526 1213 Diodori
546 1149 708 1211 Tarsensis:
722 1172 805 1230 quam
829 1152 956 1232 temporis
980 1173 1031 1211 uo-
1087 1154 1252 1215 continenter
1271 1155 1410 1237 ponendas
1432 1176 1489 1215 esse
1509 1176 1613 1217 censeo.
1633 1156 1720 1217 Sexto
1739 1159 1841 1239 psum

286 1260 339 1307 taru
361 1267 409 1307 uec
425 1246 603 1326 impugnare,
621 1264 670 1304 uec
684 1258 714 1303 ut
727 1244 837 1304 omniuo
860 1260 960 1305 certam
978 1244 1029 1305 de·
1085 1244 1183 1307 diebus
1195 1262 1258 1307 ante
1270 1248 1513 1327 Quadragesimam
1529 1247 1624 1309 habita
1643 1248 1718 1321 tuit,
1733 1262 1769 1311 ut
1782 1248 1839 1309 ibi·

283 1338 405 1399 lenderet
422 1340 492 1399 licet.
506 1336 663 1397 Orationem
675 1338 733 1417 jam
747 1336 878 1396 babuerat
891 1335 1030 1397 Diodorus
1085 1338 1148 1400 deni
1162 1354 1299 1401 narrator.
1311 1340 1385 1403 Vide
1398 1340 1535 1401 lilonitum
1548 1339 1586 1401 ad
1606 1338 1740 1403 homilias
1754 1340 1839 1403 hasce

283 1434 379 1512 inqua
397 1433 529 1493 loannem
544 1429 767 1511 Chrysostomum
784 1428 911 1489 laudibus
923 1426 1030 1489 extule-
1086 1434 1175 1495 Tomo
1188 1447 1265 1494 sesto
1279 1456 1307 1515 p.
1322 1437 1371 1494 Π.

284 1539 336 1585 rat.
358 1524 570 1605 chrysostomus
583 1540 672 1596 ¹itero,
686 1521 799 1581 laudum
824 1521 936 1582 minime
950 1521 1029 1603 cupi·
1125 1528 1157 1587 ln
1180 1526 1289 1607 prima,
1309 1547 1392 1606 quam
1415 1526 1476 1587 loeo
1497 1524 1658 1589 mutandam
1675 1540 1836 1611 potamus,

283 1616 355 1691 dus,
372 1638 435 1677 siras
455 1615 507 1697 ipsi
522 1613 617 1675 laudes
633 1612 769 1686 reddidit,
787 1628 813 1673 et
827 1614 975 1675 orationem
989 1627 1028 1674 te·
1085 1617 1185 1699 gaudet
1204 1619 1238 1679 de
1259 1619 1355 1701 populi
1369 1619 1519 1698 lrerpuentia
1541 1632 1568 1681 et
1589 1640 1746 1695 moturae,
1761 1622 1838 1685 tlolet

283 1709 345 1769 ituit
368 1708 573 1785 brevissimam,
595 1707 660 1786 quia
682 1720 742 1788 post
761 1707 841 1766 illum
864 1706 961 1767 eadem
983 1705 1030 1767 die
1086 1725 1177 1771 antem
1194 1712 1268 1791 quod
1288 1710 1440 1787 arrffltores,
1459 1710 1528 1773 dum
1550 1712 1645 1775 eouoio
1665 1712 1839 1791 haberetur,

284 1800 493 1861 concionaturus
504 1799 593 1859 denuo
607 1812 665 1860 erat
678 1798 837 1869 Diodorus,
847 1812 878 1858 ot
890 1798 961 1859 clare
972 1798 1031 1881 ipse
1085 1803 1275 1885 incompositas
1288 1824 1368 1865 voees
1377 1802 1793 1881 emittereur,tumuttuareotur
1805 1828 1839 1869 ae

283 1882 372 1953 innuit
391 1894 418 1953 iu
436 1893 491 1953 stuc
510 1891 655 1973 ὶγκωμίου.
670 1894 748 1953 blore
767 1892 869 1974 quiippe
889 1907 1028 1974 receptum
1085 1895 1233 1978 lymphatis
1250 1896 1353 1959 similes
1369 1896 1632 1978 circumagereotue,
1646 1896 1686 1961 de
1699 1900 1838 1985 Seraphi-

284 1985 406 2045 ridimos
420 1986 584 2063 Antiochia,
601 1999 632 2047 ut
650 1985 744 2047 eadem
766 1985 812 2045 die
831 1989 861 2046 in
881 1984 1029 2067 eademque
1084 1989 1127 2047 uis
1153 2009 1238 2069 pauca
1264 1988 1342 2049 dicit.
1360 1989 1426 2049 lllos
1451 2004 1543 2051 autem
1569 1989 1707 2073 inerepat,
1721 1994 1775 2073 qtri
1801 1992 1838 2055 sd

283 2078 393 2138 eeclesia
409 2077 465 2155 duo
481 2078 712 2143 concionarentur.
736 2078 874 2139 Diodorus
889 2098 951 2139 vem
967 2080 1028 2160 epi-
1083 2081 1234 2162 spectacula
1245 2081 1404 2163 prodirent,
1420 2082 1521 2161 quique
1533 2082 1574 2144 sic
1588 2083 1723 2167 mysteria
1736 2084 1838 2151 divin

282 2192 381 2252 scopus
397 2171 555 2247 Tarsensis,
565 2171 613 2249 qui
627 2170 694 2230 olim
707 2172 794 2231 iuerat
811 2171 925 2233 loannis
936 2170 1028 2254 Chry·
1083 2194 1146 2233 cum
1158 2172 1330 2237 demoniacis
1343 2174 1492 2235 miscerent.

281 2264 393 2325 sostomi
403 2264 543 2345 magister,
552 2264 666 2323 libenter
677 2262 713 2323 atl
724 2263 752 2323 id
766 2263 850 2323 officii
863 2262 1027 2335 admitteba-
1122 2266 1154 2325 ln
1167 2266 1300 2342 munda,
1312 2288 1395 2348 quam
1408 2268 1525 2350 primam
1534 2280 1681 2349 putamus,
1690 2268 1721 2331 io
1735 2268 1834 2349 illtttl,

281 2369 340 2431 tur;
349 2357 413 2437 quia
431 2356 497 2416 olim
512 2355 655 2437 presbyter
668 2355 851 2416 Antiocbcous
865 2355 894 2415 id
906 2356 1027 2417 muneris
1084 2362 1151 2419 Vidi
1168 2362 1330 2423 Dominam
1342 2363 1510 2434 sedentem,
1525 2374 1595 2438 ete,
1610 2360 1699 2423 multe
1711 2364 1832 2445 prolui.

280 2451 329 2511 diu
343 2466 497 2512 exercuerat
508 2497 516 2525 ,
527 2472 582 2531 quo
596 2465 717 2531 tempore
731 2448 839 2526 Ariani,
851 2469 914 2509 eum
927 2460 1026 2509 aucto-
1081 2451 1209 2511 Divinam
1223 2467 1348 2514 naturam
1356 2454 1438 2514 etiam
1450 2453 1554 2533 angelis
1564 2453 1832 2537 incomprebensibi-

279 2548 358 2607 ritate
368 2547 520 2629 plurimum
532 2546 669 2623 valerent,
682 2543 835 2605 Catholicos
849 2544 1022 2603 iulestabaut.
1080 2544 1135 2603 lem
1151 2565 1209 2605 esse
1230 2548 1403 2625 pronuntiat,
1416 2545 1530 2625 ideoque
1553 2545 1638 2628 carpit
1664 2550 1831 2628 Aoum,

279 2640 318 2700 lis
337 2661 400 2699 cum
417 2639 520 2700 sortiter
540 2638 680 2699 obsisteret
700 2635 855 2709 Diodorus,
867 2635 903 2694 ab
917 2635 1026 2695 Arianis
1079 2635 1172 2714 quide
1185 2638 1338 2697 naturailla
1350 2638 1609 2719 impiesprolcrreut
1622 2658 1780 2707 anona.

269 2753 351 2814 ,sepe
363 2733 459 2813 pulsus
470 2745 524 2805 est,
536 2752 606 2810 sape
618 2730 646 2789 in
661 2729 812 2811 perieulum
827 2728 925 2809 capitis
936 2728 1027 2805 reuit5
1119 2727 1245 2788 Homiliae
1264 2731 1350 2789 tertia
1363 2743 1556 2809 argumentum
1571 2744 1634 2791 sunt
1645 2730 1707 2795 has
1722 2734 1835 2811 vebs,

278 2844 311 2883 ae
322 2824 346 2883 si
368 2844 422 2883 nou
448 2843 493 2897 re,
504 2822 599 2881 saltem
618 2818 757 2902 proposito
781 2833 886 2900 martyr
899 2817 952 2879 luit
962 2862 972 2890 ,
995 2832 1027 2877 ut
1081 2820 1205 2881 Elatum
1225 2834 1269 2882 est
1289 2843 1340 2882 cor
1358 2824 1447 2882 Osr'oe.
1471 2823 1545 2883 Dicit
1559 2837 1652 2885 autem
1665 2824 1715 2887 ille
1733 2848 1835 2911 strper-

277 2910 344 2972 dicit
357 2911 415 2992 ipse
422 2912 707 2993 Clirysostomus,tum
718 2910 745 2968 in
756 2909 807 2968 ista
821 2908 1023 2980 oratione,tum
1081 2911 1171 2989 biam,
1182 2913 1262 2973 etiam
1275 2935 1309 2974 ex
1319 2914 1396 2974 boue
1409 2914 1582 2975 conscientie
1593 2915 1835 2983 momooiooriri

277 3004 306 3063 in
327 3005 480 3086 fragmento
494 3002 614 3083 quodam
636 3024 671 3062 ex
687 3000 816 3062 Facundo
838 2999 1025 3059 Hermianeosi
1081 3026 1174 3087 posse,
1188 3019 1215 3064 et
1228 3006 1310 3067 honis
1323 3007 1453 3087 oporibus
1465 3006 1628 3067 instructum
1640 3010 1838 3097 magiooppe·

277 3114 421 3182 excerpto,
434 3099 508 3179 quod
528 3098 571 3157 illi
586 3098 613 3157 in
629 3098 681 3157 hae
699 3096 816 3156 editione
835 3094 1022 3175 subjungitur.
1082 3098 1181 3177 gnaria
1191 3097 1318 3160 diabolo:
1330 3113 1488 3179 tantumque
1500 3101 1605 3161 malum
1617 3100 1723 3165 interm
1734 3105 1836 3169 anima

316 3195 475 3252 lonuuieras
501 3206 571 3251 certe
600 3188 727 3249 homilias
756 3188 896 3247 Autoehiae
923 3186 1025 3247 babuit
1082 3187 1256 3269 superbiam,
1270 3203 1402 3268 quantum
1416 3190 1525 3271 corpori
1536 3204 1668 3251 tumores.
1752 3204 1760 3217 ·

276 3286 503 3367 Chrysostomus,
519 3304 635 3363 quarum
646 3301 817 3362 magnapars
833 3278 1026 3359 adnososque
1121 3279 1226 3352 Quarta
1249 3280 1365 3356 concio,
1387 3301 1471 3359 φιιιιι
1493 3281 1554 3341 loco
1579 3281 1753 3347 moiendtrm
1779 3308 1837 3351 esse

276 3381 410 3459 pervenit.
432 3382 468 3438 At
485 3374 868 3438 earumomuiumviuacue
890 3372 940 3434 rix
959 3372 1024 3451 qui·
1081 3390 1235 3449 censemus,
1252 3372 1290 3434 'iu
1317 3387 1508 3453 argumentum
1528 3373 1611 3435 habet
1634 3374 1698 3437 brec
1721 3378 1834 3443 verba:

276 3472 339 3533 dem
354 3483 442 3553 potest
463 3491 551 3531 annus
572 3467 714 3548 assignari.
728 3468 775 3529 Ex
795 3486 889 3525 earum
911 3484 1023 3525 numero
1080 3465 1207 3526 Factum
1218 3478 1261 3526 est
1281 3472 1315 3525 in
1331 3485 1413 3525 omno
1437 3470 1471 3525 in
1491 3487 1551 3548 quo
1569 3480 1770 3533 monuisset
1783 3494 1836 3535 m

124 3576 152 3619 r.
167 3579 189 3636 s.
205 3594 227 3636 p.
245 3577 340 3624 esunt
363 3562 489 3625 Humilia
515 3563 543 3623 in
566 3560 714 3641 Genesim,
735 3579 849 3620 numero
875 3559 931 3633 67,
954 3579 1022 3638 quas
1082 3557 1257 3632 Ozias,ete.
1282 3556 1357 3617 Dicit
1370 3557 1480 3619 facilius
1497 3579 1555 3618 esse
1569 3558 1655 3621 solun
1672 3562 1837 3647 exstingui,

275 3654 508 3737 Constantinopoli
521 3655 628 3715 habitas
640 3653 721 3714 fuisse
731 3654 800 3714 dicit
815 3651 948 3725 Photius,
959 3652 1022 3711 sub·
1078 3669 1161 3726 quam
1168 3650 1219 3709 Dei
1228 3649 1378 3711 Ecclesiam
1386 3649 1482 3711 deleri.
1494 3650 1643 3713 Occasione
1650 3666 1750 3715 autern
1760 3656 1836 3719 Otia

274 3747 404 3808 dubitans
423 3761 528 3821 mmeu,
542 3766 591 3808 nec
604 3768 659 3807 rem
682 3746 759 3825 quasi
774 3760 875 3807 certam
894 3744 1021 3804 referens.
1078 3742 1148 3823 regis
1162 3742 1282 3801 affirmat
1297 3758 1323 3802 et
1347 3744 1443 3825 probat
1466 3743 1637 3807 sacerdotum
1658 3744 1831 3829 &niman

276 3842 380 3899 Verum
393 3839 543 3901 Antiochia
561 3840 711 3901 certissime
717 3839 810 3898 dictas
831 3837 913 3896 luisse
926 3837 1022 3897 multis
1079 3834 1210 3914 majorem
1220 3854 1293 3907 csse,
1310 3856 1392 3914 quam
1406 3856 1513 3917 regum.

277 3933 444 4013 argumentis
464 3932 561 4011 probat
583 3931 797 4006 tillemontius,
810 3949 911 4007 nosque
923 3949 1023 4005 quam·
1121 3925 1225 3999 Quinta
1242 3940 1268 3986 et
1286 3941 1379 4006 sexta,
1394 3929 1459 3989 licet
1469 3928 1525 3991 alio
1535 3930 1615 4010 longe
1627 3944 1759 4015 tempore
1770 3958 1836 4019 pan-

277 4025 406 4103 plurimis
418 4024 521 4085 additis
534 4025 755 4086 confirmavimus
770 4023 797 4082 iu
812 4020 972 4082 Praelatioue
985 4021 1022 4081 ad
1080 4017 1226 4097 nuntiate,
1243 4019 1317 4081 idem
1337 4035 1527 4102 argumentum
1551 4036 1738 4103 pertractant,
1751 4042 1782 4089 et
1801 4028 1836 4091 de

276 4115 411 4177 Homilias
426 4117 454 4177 iu
465 4118 594 4178 Genesim
606 4131 702 4198 quarto
714 4118 819 4192 Temo,
832 4129 857 4174 et
878 4114 906 4174 iu
921 4115 1023 4174 Prala-
1081 4110 1153 4171 Ozias
1164 4113 1291 4194 superbia
1302 4128 1396 4194 agunt.
1407 4115 1479 4175 Hinc
1488 4114 1524 4175 de
1533 4114 1708 4179 sacerdotum
1717 4136 1838 4203 potesn-

277 4208 349 4269 tione
367 4209 401 4270 ad
420 4208 565 4271 'conciones
587 4212 616 4270 iu
630 4209 798 4292 Principium
818 4212 948 4268 Actorum
963 4221 1018 4268 ter·
1079 4219 1105 4267 te
1117 4206 1223 4288 agitur,
1236 4206 1368 4286 docetque
1381 4207 1608 4289 chrysostomus,
1621 4230 1679 4289 quo
1689 4216 1837 4294 paetode·

275 4302 314 4363 tio
326 4304 432 4381 Turno,
447 4319 472 4365 et
485 4304 562 4365 alibi.
1076 4299 1139 4361 beat
1148 4298 1271 4359 sacerdos
1287 4314 1440 4381 peccantem
1455 4304 1605 4383 principem
1624 4303 1785 4387 corripere,
1803 4310 1835 4371 ln

123 4432 261 4493 MP„
311 4396 443 4461 Humilias
457 4419 520 4459 sero
531 4396 559 4456 in
570 4395 666 4456 Oziam
676 4395 779 4455 dixisse
791 4393 881 4474 potuit
891 4407 953 4454 ante
963 4394 1021 4455 llo-
1075 4407 1151 4454 sexta
1165 4413 1228 4453 vero
1245 4393 1280 4453 de
1299 4393 1513 4473 Serapbiuorum
1531 4394 1671 4476 dignitate
1692 4396 1835 4479 loquitur.

144 4532 147 4537 -
275 4490 362 4550 milies
375 4492 403 4552 in
423 4490 570 4552 Genesim:
587 4487 618 4548 id
631 4501 734 4548 certum
753 4485 863 4549 videtur
872 4486 1018 4548 secundam
1074 4488 1106 4546 lu
1122 4486 1176 4548 line
1189 4484 1268 4545 docet
1282 4485 1418 4563 quomodo
1427 4486 1464 4547 ad
1475 4508 1580 4549 sacram
1591 4508 1721 4553 menum
1735 4492 1778 4557 sit
1791 4515 1834 4557 ae·

225 4583 367 4643 tttsoltem
395 4583 517 4643 habitam
541 4582 624 4643 luisse
647 4580 785 4660 aliquanto
813 4592 934 4660 tempore
949 4593 1018 4641 aute
1074 4578 1234 4641 cedendum.

273 4696 354 4753 qurum
366 4675 402 4735 de
415 4676 589 4751 Numinibus,
601 4674 658 4736 sire
669 4674 704 4733 de
714 4672 1017 4735 Mutationenominum
1109 4679 1171 4739 Jam
1186 4696 1252 4735 sero
1263 4676 1395 4756 queritur
1410 4696 1466 4756 quo
1481 4698 1552 4737 anuo
1565 4677 1710 4741 conciones
1725 4680 1760 4745 in
1773 4686 1856 4771 Ge,

274 4765 400 4825 homilias
412 4766 557 4848 inciperet.
579 4766 688 4827 Etenim
709 4767 736 4826 in
758 4766 871 4826 bomilia
899 4767 1016 4828 secunda
1070 4768 1157 4829 nesim
1176 4768 1275 4827 habite
1292 4768 1409 4843 luerint,
1425 4790 1486 4847 que
1500 4790 1564 4830 sane
1578 4770 1660 4850 louge
1673 4770 1828 4837 diffieilior
1861 4797 1875 4820 ·=

272 4859 300 4917 in
315 4859 431 4935 Oziam,
445 4879 507 4917 cum
527 4858 562 4918 de
583 4859 692 4919 nomine
707 4859 808 4919 Abram
827 4859 855 4919 in
878 4859 1016 4922 Abrabam
1069 4861 1180 4942 quaestio
1202 4872 1250 4919 est.
1269 4859 1346 4919 Circa
1370 4873 1566 4941 tempus,quo
1583 4860 1695 4944 scriptas
1719 4853 1866 4948 fuee,¹''.

269 4965 374 5012 mutato
396 4964 505 5033 ageret,
527 4950 597 5010 dixit
618 4952 665 5011 ille
685 4970 797 5012 numero
815 4952 844 5027 o,
868 4951 938 5011 etth
953 4954 1015 5034 περὶ
1068 4975 1179 5037 operose
1198 4952 1321 5014 edisserit
1343 4953 1387 5012 vir
1403 4954 1593 5033 sagacissimus
1604 5000 1615 5034 ,
1635 4956 1824 5043 omniumque

273 5045 321 5124 μὲν
332 5043 468 5123 ὀνομάτων
481 5046 508 5103 ἐν
520 5042 602 5123 ἑτέρῳ
622 5047 706 5126 καιρῷ
719 5043 892 5124 διηγήσομαι,
908 5046 1014 5105 Verum
1068 5048 1148 5129 louge
1164 5046 1381 5107 accuratissimus
1404 5046 1709 5131 Tillemoutios,cujus
1736 5054 1824 5117 verbs

271 5141 308 5203 de
322 5140 488 5199 nominihus
502 5137 564 5197 alio
579 5149 706 5217 tempore
715 5138 874 5211 disseram,
890 5136 919 5195 id
932 5150 971 5197 est
981 5137 1016 5198 de
1069 5142 1164 5203 Latine
1175 5141 1302 5201 translata
1315 5141 1414 5199 relcrre
1426 5161 1459 5199 ne
1472 5141 1563 5221 pigeat
1576 5163 1584 5201 ε
1598 5142 1697 5214 «Quod
1715 5162 1824 5229 spectat

272 5233 420 5293 mutatione
444 5232 607 5293 nominum:
629 5231 690 5291 illas
714 5231 785 5291 enim
803 5230 838 5292 de
862 5231 1016 5293 Mutatioue
1069 5255 1242 5314 annumque
1254 5234 1296 5293 ba>
1308 5233 1427 5293 bomilia
1438 5249 1502 5294 sunt
1512 5235 1619 5312 habitae,
1629 5239 1822 5303 nonnisieon·

272 5326 412 5386 nominum
436 5326 561 5386 humilias
583 5324 719 5385 interdum
732 5324 767 5385 de
781 5325 946 5386 Nominibus
961 5348 1015 5408 ap·
1067 5331 1171 5413 jectum
1190 5328 1279 5388 dicere
1291 5348 1443 5408 pomomus.
1458 5329 1523 5388 lllas
1536 5329 1759 5410 chrysostomus
1771 5334 1824 5397 ba-

272 5416 366 5496 pcllat.
382 5419 414 5478 ln
428 5419 483 5478 illis
496 5440 561 5479 vero
572 5416 607 5478 de
613 5419 764 5478 lllutationc
774 5419 916 5481 numinum
925 5419 1016 5479 bomi-
1069 5423 1133 5483 bete
1151 5420 1234 5502 ooepit
1248 5419 1390 5480 Dominica
1401 5420 1536 5502 jejunium
1557 5423 1755 5509 precedente,
1767 5450 1821 5511 quo

273 5509 370 5570 liis'de
394 5511 502 5571 nomine
515 5511 616 5572 Abram
631 5511 657 5571 in
673 5511 810 5573 Abrabam
829 5526 936 5577 mutato
959 5534 1013 5575 uon
1071 5536 1118 5596 per
1130 5511 1369 5594 Quadragesimem
1383 5512 1451 5573 illud
1465 5530 1671 5596 argumentum,
1686 5535 1721 5582 ut
1738 5522 1812 5585 veri·
