3714 5970
244 464 313 540 250
859 486 978 537 srnuru
1004 489 1167 553 eunoun.

241 611 285 674 bar
306 623 373 673 sunt
383 609 480 692 jejunii
498 608 540 673 tui
559 606 733 683 dulcedines,
756 607 799 668 bre
814 609 984 671 coutinentia
1039 612 1163 690 σώματος
1191 619 1208 687 ἡ
1234 614 1269 672 “r
1296 610 1488 690 ίνδυσάμενος,
1506 611 1552 673 καλ
1577 610 1677 685 τὴνά
1753 640 1808 677 υτον

241 705 296 752 tuae
315 704 488 765 ornamenta,
511 689 570 748 lraec
591 688 718 749 Ecclesiae
739 701 792 747 tua
813 689 981 750 fulcimenta.
1038 692 1122 765 πνοὴν
1140 697 1186 753 τοῦ
1200 636 1291 760 pinum<
1303 697 1369 769 ἡμῖν
1385 691 1587 772 δωρησάμενος·
1600 697 1687 752 ταῦτα
1701 718 1750 764 της
1764 701 1808 769 σῆς

241 771 284 832 lta
304 771 373 831 soles
393 770 525 850 populum
547 782 624 845 tuum
646 769 767 841 nutrire,
786 788 802 826 o
823 770 906 842 lesu,
931 790 983 828 nou
1039 770 1131 852 σοφίας
1144 771 1178 831 εδ
1201 771 1369 849 διδάγματα,
1388 778 1473 832 ταῦτα
1495 777 1544 843 τῆς
1558 776 1607 843 τῆς
1631 773 1756 845 νηστείας
1777 775 1808 834 τὰ

241 864 379 930 tamquam
395 855 504 924 absens,
523 847 571 908 sed
589 862 717 926 tanquam
731 868 847 928 praesens
861 871 868 903 ι
885 849 983 909 etenim
1038 850 1222 932 γλυκάσματα,
1234 856 1319 911 ταῦτα
1330 854 1379 920 τῆς
1396 856 1445 923 σῆς
1464 851 1635 951 σωφροσύνης
1648 852 1684 911 τὰ
1710 855 1810 913 καλλω-

241 951 303 990 cum
319 931 398 988 Patre
410 929 567 988 exsistensa
582 928 659 987 uobis
673 949 725 987 uon
742 927 919 1006 separaris,et
932 949 983 987 no-
1038 930 1172 1008 πίσματα,
1181 937 1265 991 ταῦτα
1278 935 1326 1002 τῆς
1339 934 1389 1007 σῆς
1401 929 1565 1002 Ἐκκλησιας
1581 931 1616 989 τδι
1632 929 1807 1012 στηρίγματα

240 1009 346 1070 hiscum
362 1030 469 1068 versans
479 1029 495 1066 a
506 1007 584 1065 Patre
597 1028 649 1066 non
661 1006 787 1066 discedis.
803 1012 878 1085 Aqrta
889 1028 983 1087 corpo·
1000 1018 1020 1065 C
1038 1009 1132 1077 Οὕτως
1143 1009 1288 1077 είωθαςτὸν
1305 1010 1368 1069 λαόν
1378 1033 1427 1070 σου
1438 1008 1706 1091 δεατρίφειν,’1ησοῦ,
1716 1013 1766 1091 οθχ
1777 1016 1810 1082 ὣς

240 1110 271 1148 ra
280 1102 368 1148 nostra
379 1087 467 1148 lavisti
477 1133 485 1161 ,
496 1101 522 1145 et
536 1088 633 1166 spiritu
645 1087 736 1166 lapsus
747 1099 850 1147 nostros
860 1087 982 1146 solvisti:
1039 1090 1124 1161 ἀπὼν,
1136 1091 1194 1150 ἀλλ’
1209 1094 1245 1158 ὡς
1258 1089 1351 1168 παρών
1362 1113 1370 1129 ·
1383 1089 1429 1149 καί
1441 1089 1493 1169 γδρ
1511 1089 1557 1149 cbo
1569 1091 1662 1171 Πατρὶ
1674 1092 1809 1173 θπάργων,

240 1169 296 1228 sale
310 1168 415 1248 pietatis
429 1168 532 1226 animas
546 1166 639 1226 orium
653 1179 761 1225 tuarum
781 1164 944 1241 condidisti,
958 1181 984 1226 et
1039 1171 1152 1244 ἡμῶνώ
1165 1170 1280 1249 χωρίζῃ,
1292 1169 1337 1229 καὶ
1351 1170 1408 1245 μεθ’
1421 1172 1497 1246 ἡμῶν
1507 1169 1687 1248 αθλιζόμςνος,
1697 1175 1746 1230 τοῦ
1756 1161 1810 1231 lla·

242 1248 271 1308 in
291 1249 450 1326 angelorum
468 1267 566 1329 pascua
586 1268 634 1305 nos
648 1246 756 1305 traxisti
772 1270 779 1303 ε
797 1246 889 1324 sigillo
902 1245 984 1327 pedes
1038 1250 1152 1330 τρδςούκ
1163 1246 1421 1330 ἀφίσταται.Ὗδατι
1433 1248 1468 1308 τδ
1478 1246 1592 1326 σώματα
1602 1253 1682 1326 ἡμῶν
1695 1250 1809 1325 ἔλουαας,

241 1341 346 1388 nostros
360 1325 507 1400 roborasti,
522 1338 547 1384 et
561 1348 575 1383 a
590 1340 659 1385 terra
673 1325 701 1384 in
714 1326 810 1385 caelum
825 1347 873 1405 per
884 1328 984 1386 scalam
1038 1329 1085 1388 καί
1095 1327 1228 1408 πνεύματι
1240 1326 1275 1386 τά
1288 1327 1445 1406 πταίσματα
1455 1331 1532 1405 ἡμῶν
1547 1327 1664 1396 ἔλυσας·
1678 1329 1761 1388 ἅλατι
1770 1331 1809 1388 εύ-

241 1405 325 1467 fidem
337 1420 456 1465 nostram
469 1405 629 1479 extendisti,
643 1426 674 1463 ac
687 1405 894 1465 manuductores
904 1426 984 1486 ange·
1039 1408 1142 1476 eadsine
1151 1408 1199 1475 τὰς
1210 1408 1297 1488 ψυχὰς
1305 1412 1358 1468 τῶν
1371 1407 1513 1488 προόάτων
1523 1430 1570 1467 σου
1581 1407 1763 1488 ἤρτυσας,κα“ι
1776 1411 1808 1476 τίς

240 1484 283 1546 los
297 1486 374 1546 nobis
386 1485 534 1567 apposuisti
551 1506 559 1544 t
576 1486 699 1544 arborem
713 1485 804 1545 arbori
814 1487 981 1567 apposuisti,
1039 1487 1087 1561 τὴν
1104 1488 1187 1567 νομὴν
1207 1492 1281 1566 ἡμᾶς
1294 1491 1347 1548 τῶν
1361 1486 1480 1567 ἀγγελων
1499 1487 1670 1554 ἀνείλκυσας·
1686 1490 1808 1569 σφραγῖδι

241 1579 270 1626 et
282 1580 382 1626 costam
397 1586 446 1646 pro
460 1578 532 1624 costa
544 1564 705 1624 substituisti
723 1589 730 1622 ε
746 1587 841 1624 manus
856 1565 883 1624 in
895 1586 984 1624 aerem
1039 1567 1099 1634 τοὺς
1118 1568 1200 1634 πόδας
1214 1571 1291 1645 ἡμῶν
1307 1566 1473 1646 ἐνεύρωσας,
1491 1567 1537 1626 καὶ
1549 1565 1665 1645 κλίμακι
1678 1573 1746 1644 ἡμῖν
1759 1568 1808 1628 ἀτί

240 1645 413 1728 expandisti,
427 1658 453 1703 et
465 1666 515 1724 pro
525 1645 602 1704 nobis
611 1647 716 1704 Patrem
730 1658 807 1703 tuum
818 1645 982 1724 implorasti,
1039 1652 1088 1727 γῆς
1102 1651 1137 1716 εἰς
1157 1646 1264 1728 οὐρανὸν
1277 1646 1325 1720 τὴν
1337 1646 1427 1706 πίστιν
1441 1646 1589 1716 ἀνίτεινας,
1611 1646 1659 1705 καί
1676 1669 1808 1744 χειραγω-

242 1737 270 1786 et
279 1746 314 1785 ex
323 1737 479 1804 tempestate
489 1723 571 1784 altam
582 1724 750 1784 serenitatem
759 1724 896 1787 stabilisti.
908 1726 983 1796 Qua·
1039 1725 1101 1807 γοὺς
1114 1731 1178 1804 ἡμῖν
1194 1725 1320 1805 ἀγγέλους
1339 1725 1523 1806 παρίστησας·
1536 1726 1643 1804 δένδρον
1656 1726 1756 1808 δενδριρ
1767 1730 1807 1785 ἀν·

243 1817 354 1886 propter
373 1818 450 1863 nocte
462 1803 560 1883 dieque
573 1817 599 1863 et
613 1817 728 1864 tacentes
740 1818 765 1863 et
783 1804 919 1882 loquentes
934 1803 984 1863 tibi
1003 1820 1023 1867 1)
1041 1806 1179 1879 τίστησας,
1190 1807 1236 1865 καί
1248 1804 1360 1885 τλευρδιυ
1375 1803 1434 1865 ἀντὶ
1447 1807 1562 1883 πλευρᾶς
1581 1805 1744 1878 ἀντίθηκας·
1756 1812 1809 1884 χαί-

243 1883 360 1962 gloriam
380 1883 539 1957 referimus,
560 1884 587 1942 in
613 1899 638 1943 te
662 1883 724 1943 vitm
743 1905 817 1965 spern
837 1883 985 1959 habentes,

1075 1909 1088 1953 ς
1099 1889 1135 1954 είς
1146 1888 1177 1944 ἀί
1194 1910 1212 1945 α
1229 1884 1401 1957 ίξειτίτασας,
1413 1884 1459 1944 καλ
1471 1885 1536 1964 ὑπὲρ
1550 1888 1630 1961 ἡμῶν
1643 1891 1755 1944 σεαυτοῦ
1767 1884 1807 1944 τόν

244 1976 350 2025 nuncet
360 1984 473 2045 semper,
484 1979 510 2023 et
523 1964 551 2024 in
561 1962 835 2024 saculasaeculorum.
852 1968 944 2024 Amen.
1179 1910 1194 2024 δ

1071 1966 1118 2025 ατί
1135 1968 1177 2023 αδ
1193 1965 1352 2038 suumne,
1361 1964 1407 2025 καί
1418 1963 1534 2045 γαλήνην
1549 1967 1659 2042 βαθεῖαν
1672 1968 1705 2025 ἐκ
1713 1968 1808 2045 perpit-

972 2094 975 2098 .
1041 2069 1084 2113 νος
1095 1988 1268 2123 δύράόευσας.
1283 2045 1333 2105 Aa
1346 2044 1449 2126 νύκτωρ
1460 2067 1491 2103 τε
1509 2044 1556 2102 καί
1574 2046 1633 2120 μεθ’
1644 2045 1758 2124 ἡμέραν,
1767 2045 1809 2103 καί

1042 2129 1193 2191 σιωπῶντες
1216 2125 1263 2184 καί
1286 2123 1467 2204 φθεγγόμενοι,
1488 2123 1531 2183 eet
1554 2122 1632 2192 δόξαν
1657 2122 1810 2200 ἀναπέμπο-

1044 2228 1102 2284 μεν,
1116 2207 1143 2264 ίν
1165 2202 1205 2264 eol
1219 2203 1322 2308 ίγρντες
1342 2208 1390 2275 τῆς
1412 2206 1481 2275 ζωῆς
1493 2202 1541 2269 τάς
1560 2201 1691 2278 ἐλπίδας,
1704 2208 1750 2264 νῦν
1766 2202 1808 2263 καὶ

1043 2285 1094 2357 ἀεὶ,
1111 2284 1157 2344 καλ
1170 2286 1207 2352 εἰς
1215 2306 1274 2353 τους
1288 2286 1386 2350 αίῶνας
1398 2286 1450 2341 τῶν
1464 2281 1577 2342 αἰώνων.
1587 2281 1683 2361 Ἀμήν.

245 2504 1802 2536 m

243 2703 293 2762 111.
299 2704 441 2785 Ejusdem
450 2724 544 2763 sermo
550 2704 982 2782 hortatoriusdetemperantia.
1041 2704 1094 2764 lll.
1107 2705 1184 2763 ’Τοῦ
1195 2705 1274 2763 coroa
1285 2701 1362 2781 λόγος
1376 2699 1561 2782 παραινετικδς
1571 2698 1636 2782 περί
1650 2698 1808 2780 ἐγκρατείας.

283 2887 337 2961 Qui
352 2886 503 2968 disciplinis
515 2877 654 2966 aliquibus
667 2886 861 2960 incumbentes,
873 2902 984 2968 urgente
1082 2883 1164 2946 Ὅσοι
1185 2882 1324 2964 μαθήμασί
1342 2907 1396 2944 τισι
1420 2883 1640 2964 προσεδρεύοντες
1660 2881 1808 2985 φιλοπονίαν

242 2967 360 3028 doctoris
370 2967 547 3039 auctoritate,
562 2966 611 3027 dili
632 2967 731 3026 entiam
745 2966 914 3041 adhibent,a
927 2989 983 3026 ura·
1001 2991 1021 3038 η
1041 2965 1292 3040 turstinum<
1305 2970 1351 3023 τοῦ
1366 2963 1535 3030 διδάσκοντος
1552 2967 1726 3043 δπικειμανης
1738 2962 1810 3044 ἀνάγ·

243 3047 321 3129 gistri
336 3060 408 3106 metu
422 3068 570 3128 puerorum
583 2987 713 3107 sedulitas
728 3048 870 3128 provenire
888 3047 983 3107 eristi·
1042 3069 1105 3120 κης,
1119 3046 1366 3105 coronamentum
1412 3043 1509 3104 ’όουτδ
1523 3046 1576 3102 τῶν
1593 3044 1700 3104 παίδων
1714 3042 1810 3119 νενόμι·

242 3141 356 3187 matur:
375 3126 482 3205 quando
495 3140 585 3185 autem
607 3126 717 3186 absente
741 3127 870 3206 magistro
892 3148 984 3187 rerum
1042 3148 1103 3184 σται
1130 3124 1306 3202 σπούδασμα·
1328 3125 1387 3183 ἐπει
1404 3123 1435 3183 δν
1460 3121 1488 3183 δί
1511 3121 1625 3190 ἀπόντος
1654 3123 1808 3183 ostenda

242 3206 376 3266 bonarum
388 3206 508 3265 studium
524 3206 658 3282 retinent,
681 3207 827 3266 voluntatis
846 3229 922 3288 pura
940 3206 984 3266 hic

236 3285 344 3346 laboris
357 3300 491 3346 amorest.
506 3286 609 3378 Jejunii
623 3284 844 3346 documentorum
858 3308 906 3346 nos
917 3308 984 3365 quo-

243 3387 296 3445 que
309 3387 403 3426 snmns
414 3365 481 3425 disci
505 3366 564 3423 ulr:
581 3388 675 3425 verum
691 3367 799 3444 quando
814 3368 929 3426 instante
940 3368 984 3448 je·

238 3445 310 3527 junii
327 3461 446 3526 tempore
466 3389 666 3526 pbilosophiarn
681 3467 736 3526 prae
753 3447 830 3506 nobis
850 3447 982 3522 serimus,

242 3525 595 3604 tamquamexinstitntionc
605 3525 775 3617 paedagogica
785 3527 985 3586 laborisaman·

192 3635 197 3644 ·
241 3618 281 3665 tes
296 3626 388 3664 sumus
402 3629 410 3664 ι
426 3619 596 3664 runcantem
608 3606 710 3684 jejunio
725 3607 836 3683 paulum
852 3606 985 3664 intermit-

242 3698 332 3758 tente,
347 3685 394 3764 qni
415 3706 430 3742 a
446 3683 567 3743 satietate
581 3684 663 3742 nimia
680 3684 833 3754 abstinent,
851 3686 984 3744 sinceram

241 3764 343 3824 babent
377 3763 487 3842 repositi
503 3763 633 3834 laudern,
651 3776 743 3843 utpote
756 3764 858 3845 absque
871 3764 986 3823 necessi·

242 3857 296 3903 tate
306 3787 374 3923 phil

243 3924 313 3998 rati,
337 3921 432 3999 utqui
454 3921 538 3979 sciant
554 3921 626 3980 bona
648 3922 696 3980 illa
717 3923 849 3993 retinere,
872 3943 931 4002 qua
950 3944 985 3981 ex

1042 3211 1090 3278 τῆς
1101 3209 1153 3263 τῶν
1173 3207 1262 3264 καλῶν
1278 3203 1430 3281 ἐπιμελείας
1450 3200 1624 3282 arrepunt,
1636 3226 1721 3283 προαι
1742 3202 1809 3270 'reue

1042 3290 1159 3365 καθαρᾶς
1173 3285 1203 3344 τὸ
1214 3281 1364 3364 φιλόπονον.
1384 3284 1447 3342 Τῶν
1462 3284 1510 3351 τῆς
1524 3280 1648 3355 νηστείας
1664 3226 1749 3362 ἑσμόνΙ
1767 3281 1808 3341 καί

1042 3368 1120 3443 ἡμεῖς
1134 3364 1259 3445 ’φοιτηταί
1281 3362 1462 3441 μαθημάτων·
1477 3362 1538 3419 ἀλλ’
1559 3360 1605 3420 ότε
1629 3360 1679 3440 μὲν
1703 3367 1749 3434 τῆς
1765 3386 1809 3434 νη·

1043 3443 1130 3510 στείας
1145 3442 1278 3524 παρούσης
1292 3441 1447 3524 φιλοσοφίαν
1460 3438 1474 3472 ⁵
1485 3440 1665 3519 ίνδείκνυμεν,
1681 3440 1808 3541 dumph

1042 3524 1242 3601 παιδαγωγικῆς
1268 3524 1350 3623 ἐσμεν,
1369 3521 1518 3618 φιλόπονοιι·
1537 3526 1581 3622 νύν
1607 3522 1636 3580 δὲ
1661 3519 1695 3592 δὴ
1717 3543 1810 3593 ταυτης

1042 3600 1808 3762 iiiuiiiiriiimiiilp‘iii{iiiimxiiii

1044 3761 1165 3833 ἔπαινον,
1180 3767 1216 3830 ὡς
1233 3760 1315 3841 χωρὶς
1331 3761 1447 3837 ἀνάγκης
1462 3759 1611 3840 φιλόσοφοι,
1621 3762 1659 3826 ὡς
1669 3759 1739 3818 κατὰ
1748 3755 1811 3838 prei-

367 3841 476 3921 osopbi,
491 3856 570 3919 atque
583 3863 617 3900 ex
628 3843 738 3922 proprio
754 3842 867 3902 arbitrio
881 3857 985 3923 tempe·
1006 3867 1024 3913 1.-
1045 3865 1097 3919 μην
1112 3841 1272 3922 καρτερικοὶ,
1283 3843 1319 3908 ὡς
1333 3840 1429 3906 εἰδότες
1444 3837 1478 3898 τά
1497 3837 1568 3898 καλδ
1584 3836 1809 3997 περισφίρφριν,ιδ

1044 3931 1098 3989 τοῖς
1120 3920 1300 4002 προλαύοῦσιν
1323 3917 1498 3999 ἐθησαύρισαν
1519 3917 1622 3986 κόποις.
1633 3916 1671 3978 ‘0
1763 3939 1795 3995 γα

244 4001 340 4083 priscis
353 4000 491 4059 laboribus
506 4001 578 4059 nacti
590 3993 663 4062 sunt.
681 4001 736 4074 Qui
756 4003 827 4060 c'nim
838 4000 874 4060 ad
888 4001 985 4060 immo·
995 4035 1034 4074 209
1046 4001 1082 4068 εἰς
1104 4001 1231 4080 ἀμετρίαν
1246 4003 1298 4058 τῶν
1315 3997 1464 4080 βρωμάτων
1482 3995 1627 4070 ἔκόαίνων,
1648 4000 1697 4058 ούκ
1715 3939 1810 4055 sileri

243 4080 366 4141 deratum
386 4080 508 4139 ciborum
522 4101 601 4171 usum
616 4078 807 4161 progreditur,
825 4084 907 4141 nescit
924 4103 985 4172 qua
1005 4090 1024 4136 Α
1044 4080 1176 4153 νηστεύων
1188 4077 1345 4157 συνήγαγεν,
1359 4081 1405 4137 οὐκ
1424 4069 1491 4136 οἶδεν
1507 4075 1550 4142 ebe
1570 4075 1694 4144 συνέλεξε
1712 4075 1808 4216 πρρριρ,

240 4161 366 4242 jejunans
379 4158 446 4218 colle
468 4159 507 4232 it,
523 4174 607 4219 nescit
628 4181 696 4238 qnos
712 4161 815 4220 fructus
837 4175 986 4241 congessit,

244 4240 291 4300 sed
305 4239 382 4320 quasi
394 4180 465 4298 nihil
478 4238 575 4299 babeat
589 4240 662 4298 intus
682 4240 852 4321 depositum,
869 4256 894 4300 et
910 4241 986 4320 quasi

244 4320 351 4381 nullum
375 4320 427 4379 sibi
457 4319 614 4378 thesaurum
641 4319 811 4398 collegisset,
835 4320 986 4380 immodica

243 4399 378 4482 voluptati
388 4421 416 4459 se
429 4398 522 4470 dedit,
538 4399 679 4458 affectibus
693 4399 749 4459 suis
760 4400 876 4459 claustra
891 4413 916 4459 ct
931 4419 987 4457 roo·

243 4479 390 4540 derationis
398 4479 465 4541 ostia
477 4500 528 4538 non
539 4479 641 4559 objicit.
652 4478 782 4558 Nihilque
794 4479 902 4539 mirum.
911 4479 988 4539 Talis

244 4560 316 4619 enim
335 4573 373 4618 est
388 4559 466 4638 inops
480 4559 568 4618 omnis
585 4559 750 4638 :januarum
765 4573 792 4617 ct
806 4559 986 4618 claustrorum

245 4660 337 4699 curam
354 4639 457 4697 nnllam
477 4638 578 4706 babet,
599 4638 712 4698 insidias
733 4660 786 4699 non
800 4639 912 4710 metuit,
931 4638 988 4697 sine

245 4717 427 4778 sollicitudine
438 4717 553 4790 dormit,
565 4731 594 4774 ut
615 4717 712 4795 oteqni
724 4718 792 4778 nibil
802 4718 899 4778 habeat
914 4717 988 4797 qnod

244 4799 317 4857 fures
330 4811 475 4878 provocet,
489 4817 551 4854 curn
566 4740 635 4855 nili!
648 4797 721 4877 iuopi
731 4798 814 4879 possit
828 4799 938 4858 auferri.
950 4797 987 4857 lis

245 4899 309 4938 vero
321 4877 368 4958 qui
384 4877 540 4956 opulentam
554 4875 667 4935 domum
681 4877 780 4937 liabent
788 4924 797 4954 ,
813 4877 934 4937 custodia
949 4891 987 4937 est

1045 4162 1104 4219 ἀλλ’
1117 4163 1152 4226 ὡς
1166 4158 1237 4218 οὐδὲν
1261 4157 1330 4238 ἔχων
1346 4156 1519 4234 ἀποκείμενον
1533 4155 1617 4230 ἔνδον,
1639 4159 1676 4224 ὣς
1696 4158 1729 4215 ού

1045 4242 1129 4318 ἑαυτῷ
1149 4237 1326 4317 θησαυρίσας,
1338 4236 1467 4295 ἀνέωκται
1486 4234 1551 4316 πρὸς
1564 4238 1666 4316 τρυφῆς
1681 4233 1806 4315 ἀμετρίαν,

1044 4321 1093 4376 οὐκ
1110 4317 1247 4378 ἐπιόάλλει
1264 4326 1322 4383 ταῖς
1339 4295 1440 4395 όρίζεσι
1457 4316 1579 4394 κλεῖθρα,
1603 4317 1633 4374 ού
1648 4313 1737 4395 θύραις
1794 4343 1806 4354 ·

1047 4397 1154 4477 μετρίας
1165 4397 1256 4457 ἑαυτὸν
1268 4396 1454 4477 αἰοφαλίζεται·
1468 4395 1514 4453 καὶ
1525 4393 1680 4472 θαυμαστόν
1693 4418 1724 4474 γε
1750 4394 1759 4416 ’
1799 4435 1805 4452 .

1045 4480 1157 4537 Τοιοῦτο
1176 4477 1227 4556 γάρ
1242 4480 1257 4534 δ
1270 4478 1411 4553 πενόμενος
1425 4475 1504 4546 ἅπας,
1520 4475 1567 4532 ούκ
1589 4472 1648 4554 ἔχει
1669 4477 1751 4556 θυρῶν
1769 4470 1805 4532 sal

1046 4557 1171 4635 κλείθρων
1185 4555 1353 4633 ἐπιμέλειαν,
1366 4558 1412 4614 οὐκ
1431 4554 1547 4635 ἔγκειται
1563 4553 1699 4636 φροντίσιν
1715 4549 1806 4611 imber·

1046 4639 1109 4711 λῶν,
1124 4637 1264 4716 ἀμερίμνῳ
1281 4634 1384 4718 διανοίορ
1404 4631 1534 4707 καθεύδει,
1549 4637 1586 4700 ὡς
1606 4637 1655 4693 οὐκ
1669 4632 1738 4712 ἔχων
1749 4627 1807 4691 τιτδ

1046 4715 1146 4793 λῃστάς
1166 4715 1295 4795 ἔρεθίζον,
1319 4718 1354 4782 ὡς
1374 4715 1508 4784 κλαπῆναι
1533 4711 1571 4791 μὴ
1592 4712 1736 4792 δυνάμενος
1753 4710 1808 4771 dar·

1048 4818 1109 4875 ρος·
1125 4804 1180 4861 τοῖς
1198 4794 1225 4855 δὲ
1242 4792 1371 4854 πλουσίαν
1391 4792 1474 4852 οἰκίαν
1489 4792 1664 4869 κεκτημένοις
1684 4791 1727 4851 διδ
1740 4792 1808 4871 qula·

1046 4881 1105 4948 κῆς,
1119 4879 1154 4941 ὡς
1168 4878 1306 4954 θησαυρῶν
1324 4871 1497 4952 ἐγκειμένων,
1511 4871 1555 4932 διὰ
1568 4874 1695 4954 θυρωρῶν
1708 4870 1810 4952 τηρούν·

244 4979 294 5039 μευ
303 4955 449 5018 reconditis
460 4956 643 5027 thesauris,et
651 4957 855 5037 ostiariiquiab
865 4952 986 5038 ingressui
1006 4965 1025 5010 θ
1045 4979 1097 5015 των
1122 4955 1169 5028 τὴν
1185 4954 1295 5014 εἴσοδον.
1309 4953 1539 5030 Πεπλουτήκαμεν
1561 4953 1607 5011 καὶ
1626 4957 1707 5028 ἡμεῖς
1726 4955 1811 5030 rituu-

244 5051 362 5098 arceant.
373 5038 429 5097 Nos
442 5035 522 5095 etiam
534 5036 636 5117 jejunio
650 5037 712 5096 lacti
723 5059 817 5097 sumus
831 5038 949 5112 divitcs;
961 5050 986 5096 ct
1046 5035 1133 5115 στείορ·
1152 5034 1197 5094 καί
1213 5032 1246 5093 τδι
1261 5039 1306 5094 τοῦ
1325 5032 1438 5092 πλούτου
1453 5032 1587 5112 τεκμήρια
1601 5032 1741 5119 πρόδηλα·
1754 5032 1811 5103 ηδτ

278 5260 290 5285 ¹
305 5254 348 5300 Τοῦ
359 5256 519 5315 Χρυτοστόμου
537 5252 589 5316 περὶ
600 5255 714 5306 νηστείας·
731 5254 753 5299 lu
766 5250 784 5316 ᾧ
795 5254 832 5301 καὶ
845 5253 1003 5319 rispetti-pn·
1093 5247 1105 5286 l
1123 5246 1134 5311 ί
1148 5249 1302 5312 ίνδεικνύμεθα
1315 5241 1327 5292 ί
1340 5243 1347 5312 l

245 5349 275 5380 τοι
287 5335 315 5386 τίς
326 5334 364 5379 τὸν
377 5338 495 5398 προφήτην
503 5330 578 5380 sauli·
592 5325 601 5391 [
613 5324 664 5391 Sic,
676 5343 727 5378 non
737 5326 851 5378 indicato
860 5326 937 5394 cod]
