3714 5970
25 486 93 567 [ᾗ

503 493 702 591 sponsans
728 492 965 541 citttrsosront
991 491 1086 554 viru,

21 649 58 685 -e
69 628 98 684 ir.
116 626 162 683 die
184 625 367 685 translationis
389 623 572 702 Reliquiarum
592 620 650 700 ejus
663 618 759 678 Antio·
810 617 877 699 ipsis
889 616 1026 677 ,luomoeis
1036 629 1067 676 ut
1081 615 1109 674 in
1122 634 1231 674 arenam
1243 578 1429 691 descenderet,
1443 612 1557 674 illomm
1570 626 1604 673 aa

21 720 194 798 thiasisque
208 717 328 778 incidere
340 717 448 778 ridetur
460 716 488 775 in
503 712 690 774 duodecimam
704 713 759 772 Fe·
811 735 914 774 errores
925 714 1137 794 impetereorsus
1146 709 1286 784 conamine
1294 724 1385 771 tamen
1396 711 1561 783 animo,nott

21 812 201 890 lreariiqua
221 811 269 870 die
279 806 473 890 Martyrologia
487 809 612 866 Graccum
622 820 649 863 et
661 809 763 865 Roma-

22 906 160 982 nunejus
170 904 270 962 Qum
280 902 447 961 annuntiant.
459 897 514 971 Qui
531 895 650 956 calculus
661 895 685 953 si
703 906 763 964 stet,

21 1012 47 1054 et
62 998 85 1054 si
97 995 296 1076 hlartyrologia
306 992 379 1052 diem
392 989 572 1051 translationis
583 1001 705 1047 accurate
716 1008 764 1046 no·

25 1103 103 1151 tcnt.
118 1087 195 1166 quod
210 1102 298 1146 tamen
312 1105 388 1144 secus
400 1104 452 1142 non
466 1103 528 1142 raro
542 1080 694 1160 contingit,
706 1078 764 1139 hec

22 1182 119 1240 cundo
132 1180 225 1238 habita
246 1178 326 1238 suerit
351 1174 509 1236 duodecima
537 1171 678 1233 Februarii
700 1169 765 1231 anni

26 1276 173 1352 Nque
191 1291 274 1330 annos
295 1267 414 1349 quinque
436 1281 462 1327 et
484 1278 544 1326 octo
565 1285 627 1324 cum
649 1262 766 1323 dimidio

25 1365 184 1425 meuserit
194 1377 223 1423 ut
237 1383 278 1422 res
288 1375 337 1437 est,
346 1359 563 1421 certumoinnino
573 1355 684 1418 ridetur
697 1355 766 1414 hanc

25 1457 165 1517 homiliam
179 1455 378 1537 pronuntiatam
390 1450 541 1527 suisse,vel
556 1471 626 1510 anno
640 1451 696 1510 386
706 1460 768 1528 post

27 1571 144 1611 mensem
156 1549 274 1624 hlaium,
285 1549 329 1608 vel
344 1549 452 1607 ineunte
461 1567 532 1605 anno
544 1547 613 1618 387.
628 1542 767 1604 lllelctium

27 1664 90 1702 reru
117 1655 192 1703 tanto
220 1662 312 1700 amore
340 1639 571 1721 prosequebantur
599 1633 769 1709 antiocheni,

26 1751 99 1796 tanta
110 1733 186 1816 apud
197 1735 259 1793 illos
273 1747 330 1793 erat
343 1734 401 1813 ejus
414 1731 531 1790 nominis
545 1729 668 1801 fama,ut
678 1747 769 1786 omnes

26 1827 81 1888 sere
96 1828 162 1888 liliis
173 1826 230 1887 suis
240 1825 345 1886 hleletii
359 1844 455 1883 nomen
470 1823 684 1902 imponerent,et
696 1818 770 1876 illius

28 1920 175 2000 imaginem
198 1917 300 1996 ubique
318 1911 724 1997 pingerent,imprimerentque
742 1909 769 1967 in

27 2014 145 2088 auntilis,
156 2010 254 2091 sigillis
267 2025 294 2069 et
304 2008 413 2090 phialis,
428 2007 557 2067 referente
568 2005 771 2084 Chrysostomo.

68 2104 257 2166 Concionatori
278 2114 352 2161 tanto
379 2101 527 2159 innumere
544 2116 601 2156 sese
623 2094 771 2155 offerebant

30 2199 126 2261 orandi
146 2211 174 2258 et
190 2193 321 2275 arguendi
343 2214 428 2252 catise
443 2205 468 2251 et
481 2191 634 2250 occasiones
649 2208 657 2246 ε
674 2188 772 2247 Antio·

32 2293 180 2352 chunorum
194 2288 343 2349 multorum
356 2283 481 2345 dissoluti
493 2303 591 2356 mores,
605 2295 631 2341 et
644 2281 772 2340 effrenata

30 2383 213 2463 quorumdam
227 2380 256 2438 in
269 2375 404 2463 peccando
416 2374 524 2434 licentia
535 2418 543 2448 ,
556 2393 638 2451 quam
658 2372 686 2430 in
706 2371 773 2429 serie

31 2476 208 2536 homiliarum
219 2472 371 2548 frequenter
381 2467 475 2546 impeti
490 2464 644 2525 ridebimus
660 2487 668 2521 e
683 2461 770 2521 here-

29 2570 144 2627 ticorum
162 2562 230 2623 varii
246 2560 368 2642 generis,
382 2557 553 2635 maximeque
566 2560 770 2631 dnomoeorum,

29 2662 175 2742 depravata
184 2654 319 2726 doctrina,
328 2650 375 2729 qui
385 2647 505 2729 quotidie
516 2663 608 2708 contra
620 2647 772 2707 Catholioos

30 2750 253 2826 velificabantur3
268 2743 424 2805 iudeorum
440 2761 546 2819 quoque
561 2724 664 2799 Christi
678 2738 772 2798 inimi-

33 2866 126 2906 curum
141 2858 309 2917 aursus,quos
320 2835 347 2894 in
357 2834 475 2913 quadam
490 2833 584 2892 saltem
593 2833 695 2892 rituum
707 2854 772 2912 par-

29 2954 56 2999 te
79 2935 251 2999 sectabantur
274 2929 377 3006 aliquot
399 2925 555 2986 Christiani.
571 2924 607 2983 Et
629 2928 773 2984 dnomoeos

33 3031 144 3113 quidem
159 3021 300 3087 adoriendi
314 3018 482 3101 propositum
493 3018 549 3098 jam
563 3017 670 3098 pridem
684 3038 773 3076 susce·

33 3138 118 3205 perat,
132 3133 214 3198 atque
223 3115 251 3175 in
263 3112 360 3196 primis
371 3110 427 3169 suis
443 3109 563 3168 homiliis
577 3108 650 3189 ipsos
661 3108 775 3189 impete·

33 3239 61 3279 rc
80 3235 158 3277 orsus
172 3221 255 3281 esset,
267 3203 313 3265 sed
327 3223 389 3264 cium
403 3200 506 3261 videret
521 3200 582 3260 illos
598 3199 774 3262 concionibus

34 3313 157 3371 interesse
167 3304 239 3378 suis,
251 3314 277 3359 ct
289 3319 353 3358 cum
367 3292 506 3375 voluptate
516 3315 595 3354 aures
605 3293 657 3354 sibi
671 3295 774 3375 prebe·

34 3426 71 3475 re,
87 3424 123 3463 ue
131 3398 263 3480 predam
277 3395 425 3471 abigeret,
442 3387 530 3466 inquit
543 3386 600 3458 ille,
617 3400 700 3464 utque
712 3386 774 3447 illo·

34 3519 95 3559 rum
108 3493 211 3554 animas
221 3486 356 3558 irretiret,
371 3482 492 3563 linguam
505 3479 541 3538 ab
552 3478 709 3560 hujusmodi
718 3500 775 3540 ccr-

34 3587 179 3652 taminibus
191 3575 361 3659 aliquamdiu
377 3572 502 3634 coercuit.

0 3670 19 3703 ³
76 3681 175 3758 Coeptae
189 3684 280 3732 autem
290 3681 353 3728 sunt
372 3666 512 3726 conciones
529 3663 584 3722 ille
598 3676 691 3722 contra
704 3666 777 3721 Ano·

37 3792 118 3839 moeos
138 3782 184 3828 aut
205 3773 325 3826 vertente
340 3757 415 3821 lulio
433 3754 498 3814 anni
512 3756 568 3813 386
579 3797 588 3829 ,
601 3767 648 3813 aut
670 3753 778 3813 ineunte

38 3876 159 3947 Augusto
174 3884 180 3924 :
192 3857 240 3938 qui
252 3852 373 3914 calculus
385 3862 506 3909 constare
517 3845 730 3927 deprehenditur
742 3867 778 3906 ex

13 3964 22 3973 “
36 3964 69 4025 iis
79 3978 139 4040 que
149 3954 183 4014 de
197 3951 285 4037 prima
298 3958 392 4005 contra
404 3941 515 4003 ludens
525 3937 638 3997 bomilia
651 3937 779 3998 dicuntur

13 4036 18 4047 Ι
38 4057 65 4119 itt
80 4048 183 4115 hlonito
206 4041 242 4102 ad
262 4038 324 4098 illas
342 4048 433 4096 contra
447 4030 557 4094 ludaeos
573 4029 719 4107 homilias,
733 4027 781 4090 ubi

35 4168 71 4209 er
86 4141 151 4225 ipsis
167 4127 355 4216 Chrysostomi
366 4124 458 4184 verbis
469 4121 594 4202 arguitur
609 4122 725 4201 primam
735 4121 781 4181 ha·

38 4241 122 4303 bitum
134 4231 216 4292 fuisse
229 4243 321 4286 mense
332 4225 452 4298 Augusto
466 4214 586 4296 ejusdem
597 4213 662 4272 anni
679 4217 744 4273 386.

80 4332 138 4391 Non
151 4318 278 4383 unaserie
290 4330 316 4374 et
326 4311 492 4372 continenter
506 4305 584 4367 dicte
594 4307 703 4366 luerunt
717 4329 779 4368 con-

19 4401 126 4487 ⁸eiottcs
139 4419 196 4477 iste
217 4423 308 4472 contra
325 4411 480 4475 huomoeos3
497 4401 543 4462 sed
561 4400 671 4459 illarum
685 4422 780 4463 cursus

40 4521 199 4591 interceptus
210 4500 307 4564 estsub
317 4496 439 4568 initium,
449 4492 558 4572 quando
567 4491 707 4571 ingruente
718 4515 781 4553 casu

38 4619 129 4671 caitttru
151 4597 260 4661 Judeos
283 4585 488 4668 disceptandum
512 4586 571 4645 suit.
594 4584 699 4644 Deinde
717 4607 781 4647 vero

38 4712 127 4763 suuntur
135 4697 278 4755 huomoeos
290 4698 317 4741 ct
330 4693 421 4740 contra
432 4678 542 4739 iudeus
554 4677 664 4736 alternis
675 4677 781 4739 vicibus

38 4797 216 4855 sisteretutum
230 4791 279 4837 est.
296 4779 330 4834 ht
347 4774 420 4833 vices
434 4772 496 4831 illas
513 4769 600 4829 metiri
616 4791 667 4828 non
687 4792 782 4851 possu-

40 4906 99 4947 rrus
114 4871 264 4943 intervallis
276 4864 436 4945 aequalibus.

80 4971 201 5055 tuprima
212 4965 301 5040 itaque
315 4970 405 5017 contra
419 4960 559 5016 huomoeos
568 4956 781 5037 conciouc,post·

37 5086 119 5149 quintu
132 5060 259 5126 tlixcrut,
276 5065 305 5111 ut
319 5049 448 5126 vidimus,
464 5070 515 5127 qua
529 5048 564 5108 de
578 5069 657 5109 caiisa
673 5049 779 5130 pridem

39 5168 190 5241 stiisuptum
205 5144 348 5208 consilium
368 5142 430 5202 illos
451 5141 631 5222 impugnandi
652 5141 729 5200 aliud
750 5142 778 5201 in

40 5270 144 5335 camptu
156 5237 353 5311 transmisisset,
365 5255 469 5315 nempe,
481 5247 510 5293 ut
521 5233 657 5294 auditores
669 5234 716 5312 qui
727 5232 780 5293 sibi

42 5338 162 5411 leupardi
171 5331 341 5402 ridebantur,
350 5329 464 5388 irretiret
473 5326 597 5388 :demum
608 5326 779 5389 hortantibus

814 825 844 866 ut
858 808 1028 885 adversarios
1038 807 1147 880 feriret,
1160 805 1207 866 sed
1221 818 1252 865 ut
1262 807 1384 887 jacentes
1397 807 1523 887 erigeret.

855 900 1010 961 Secundam
1021 915 1114 961 contra
1128 904 1271 960 Anornoeos
1282 898 1428 959 homiliam
1442 900 1564 980 interpo-

815 995 868 1055 sito
878 994 1060 1075 plurimorum
1069 993 1179 1053 dierum
1189 991 1277 1072 spatio
1288 990 1564 1073 pronuntiarithlul·

817 1101 843 1146 ta
857 1086 929 1145 enim
940 1086 1195 1167 Chrysostomuma
1208 1084 1340 1145 destinato
1350 1084 1566 1166 cursuinterpel·

818 1180 922 1252 larunt;
933 1193 1026 1237 contra
1037 1180 1054 1240 J
1057 1177 1147 1238 udeos
1154 1198 1252 1260 nempe
1258 1177 1364 1253 habita,
1373 1198 1460 1257 eaque
1469 1176 1565 1237 admo-

818 1271 886 1332 dum
913 1272 1079 1346 necessaria,
1093 1270 1270 1347 concertatio,
1284 1269 1321 1330 de
1332 1292 1403 1350 qua,
1415 1270 1460 1329 his
1474 1283 1562 1330 oonua

819 1368 962 1423 Anomoeos
983 1364 1146 1436 recensitis,
1165 1362 1291 1444 pluribus
1314 1362 1562 1444 agemus3Patmm

819 1455 1000 1535 quorumdam
1014 1457 1214 1537 spiritualium
1227 1455 1278 1529 (sic
1288 1456 1351 1531 ille)
1365 1455 1562 1528 ademunde

819 1548 920 1627 quibus
935 1569 984 1608 suo
998 1549 1057 1608 looo
1074 1546 1240 1608 narrabitur.
1254 1551 1374 1608 Domum
1389 1548 1447 1607 illis
1460 1547 1497 1607 ad
1507 1548 1562 1608 loca

820 1663 869 1701 suia
884 1641 1007 1715 reversis,
1017 1655 1140 1700 sanctum
1153 1660 1304 1720 preconem
1316 1660 1450 1721 excepere
1465 1659 1562 1699 memo·

820 1734 868 1793 rie
875 1747 1028 1815 martyrum
1037 1734 1190 1812 frequentes
1200 1755 1210 1811 3
1223 1732 1324 1811 quibus
1334 1732 1478 1793 celebratis
1489 1733 1571 1792 inter·

822 1827 930 1886 missam
946 1840 1038 1886 contra
1053 1830 1197 1885 nnomoeos
1213 1825 1439 1886 concertationem
1450 1825 1562 1906 repetiit.

862 1920 894 1979 lu
909 1919 987 1978 tertia
999 1917 1072 1977 idem
1082 1930 1271 1998 argumentum
1291 1919 1329 1977 de
1339 1918 1562 1998 incomprehen·

823 2013 963 2073 sibiiitate
991 2013 1048 2070 Det
1078 2023 1171 2070 contra
1193 2008 1364 2071 adversarios
1385 2007 1562 2090 prosequitur.

825 2103 884 2165 Sub
899 2104 983 2163 linem
994 2123 1059 2162 rero
1073 2103 1100 2161 in
1115 2101 1251 2162 auditores
1262 2101 1395 2162 acerrime
1407 2101 1559 2174 invehitur,

825 2195 899 2274 quod
911 2195 1050 2265 concione,
1065 2216 1147 2274 quam
1161 2194 1276 2255 libenter
1287 2193 1449 2271 audiebant,
1461 2195 1562 2270 soluta,

825 2310 880 2347 sese
893 2289 984 2347 statim
997 2287 1231 2361 subducerent,et
1241 2286 1326 2347 sacris
1341 2287 1562 2368 mysteriis,qut

824 2379 950 2439 continuo
963 2379 1182 2451 celebrabantur,
1197 2400 1251 2439 non
1263 2379 1436 2439 interessent.

865 2473 895 2531 ln
909 2487 1022 2550 quarta,
1036 2487 1097 2553 post
1111 2473 1203 2533 solitas
1212 2487 1305 2532 contra
1316 2471 1566 2533 hereticosvelita·

825 2563 918 2636 tiones,
932 2564 1013 2623 coetui
1024 2563 1186 2642 gratulatur,
1195 2564 1269 2642 quod
1279 2564 1392 2624 monitis
1401 2565 1458 2624 suis
1468 2562 1562 2624 moiun

825 2656 946 2735 gesserit,
958 2677 1124 2736 pravamque
1136 2670 1198 2715 ante
1211 2676 1285 2716 sacra
1300 2656 1433 2737 mysteria
1446 2654 1562 2716 receden-

825 2749 853 2808 di
878 2747 1100 2808 consuetudinem
1122 2749 1250 2829 abjecerit
1263 2747 1358 2808 :dolet
1372 2762 1464 2808 tamen
1477 2749 1558 2827 ,quod

825 2840 1026 2920 marsupiorum
1034 2854 1148 2903 sectores
1157 2839 1269 2919 quidam
1280 2841 1438 2902 concionem
1447 2840 1557 2901 intertur

825 2934 928 3006 bureut,
934 2946 1077 3012 monetque
1088 2954 1121 2992 nc
1134 2954 1232 2992 aurum
1241 2947 1422 3014 argentumve
1432 2933 1459 2993 in
1468 2954 1555 2993 mamu-

827 3026 879 3107 piis
892 3025 1024 3100 delcrant,
1036 3025 1057 3083 si
1074 3025 1158 3085 velint
1172 3026 1254 3085 talem
1268 3040 1372 3107 pestem
1385 3024 1500 3107 abigere.

867 3120 896 3177 ln
912 3119 1005 3196 quinta
1022 3118 1146 3195 demum,
1160 3118 1195 3177 iis
1208 3118 1329 3178 breviter
1341 3118 1499 3193 retractatis,
1509 3138 1553 3197 que

826 3211 903 3292 prius
918 3210 1039 3283 dixerat,
1053 3231 1124 3270 nora
1139 3209 1252 3271 adhibet
1264 3224 1358 3270 contra
1371 3213 1511 3270 Auomceos
1522 3232 1554 3269 ur·

827 3316 963 3383 gumenta.
978 3303 1008 3360 ln
1021 3300 1065 3360 his
1079 3322 1160 3381 porro
1174 3302 1350 3362 concionibus
1366 3302 1454 3362 elucet
1476 3302 1551 3383 Chry·

827 3395 937 3454 sostomi
953 3414 1004 3453 non
1020 3393 1107 3452 solum
1123 3393 1342 3472 eloquentia,sed
1352 3394 1435 3454 etiam
1445 3394 1554 3473 ἐνέργεια,

828 3509 874 3547 seu
894 3487 936 3547 ris
959 3487 1259 3565 argumentorumNec
1281 3487 1374 3548 minus
1399 3485 1555 3569 suspiciende

828 3592 891 3638 sunt
901 3577 1086 3658 responsiones
1098 3577 1134 3637 ad
1146 3579 1251 3659 objecta
1261 3579 1464 3651 hereticorum,
1475 3579 1556 3658 quibus

829 3685 1009 3753 asperguntur
1020 3671 1102 3730 etiam
1123 3672 1213 3745 sales,
1227 3670 1277 3751 qui
1297 3672 1327 3731 in
1343 3670 1463 3732 dicendo
1475 3672 1557 3731 mirum

831 3778 963 3844 quantum
975 3764 1093 3823 valeant.
1109 3765 1150 3823 lta
1164 3778 1195 3823 ut
1215 3763 1288 3825 haud
1300 3786 1318 3824 a
1332 3786 1399 3826 vero
1411 3762 1558 3824 ibenium

795 3910 797 3914 ,
832 3856 930 3935 siquis
950 3854 999 3914 has
1023 3854 1149 3915 homilias
1166 3855 1237 3915 inter
1254 3855 1476 3938 prestantissima
1492 3851 1559 3915 sancti

832 3947 950 4007 doctoris
963 3968 1044 4029 opera
1058 3948 1265 4027 computaverit.

873 4041 937 4099 Post
951 4039 1089 4116 quintam,
1106 4059 1166 4116 que
1180 4058 1271 4099 mense
1284 4037 1447 4113 Decembri,
1462 4051 1490 4097 ut
1502 4033 1561 4096 reri·
1597 4046 1604 4077 ⁴

832 4132 920 4192 simile
931 4146 980 4205 est,
993 4131 1085 4189 habita
1095 4131 1158 4204 luit,
1170 4132 1385 4212 chrysostomus
1396 4130 1431 4192 ad
1445 4151 1512 4191 nora
1521 4099 1604 4222 teliu:

832 4238 923 4285 contra
938 4227 1080 4282 hnomoeos
1096 4221 1230 4283 vibranda
1240 4237 1370 4304 paratus,
1384 4237 1414 4282 ut
1429 4223 1486 4305 ipse
1496 4220 1557 4297 dicit,
1563 4251 1590 4294 ς,

832 4317 877 4377 die
888 4318 952 4375 festo
965 4317 994 4376 S.
1006 4314 1160 4394 Philogonii
1174 4315 1293 4396 episcopi
1306 4315 1479 4387 Antiocheni,
1489 4314 1528 4394 qui
1538 4308 1604 4371 ivi·

832 4409 992 4488 vigesimam
1011 4407 1185 4480 Decembris,
1198 4407 1320 4486 quinque
1332 4404 1431 4467 diebus
1447 4419 1505 4467 ante
1514 4391 1604 4465 tta-'¹‘

834 4500 913 4559 talem
928 4499 1048 4571 Domini,
1063 4497 1209 4573 incidebat,
1224 4497 1413 4579 interpellatus
1423 4498 1490 4570 fuit,
1503 4497 1559 4576 ejus

833 4614 885 4671 que
898 4594 1093 4671 panegyricum
1106 4590 1303 4670 pronuntiavit,
1316 4591 1410 4671 ipsum
1423 4605 1558 4650 tamennon

833 4686 961 4757 absolvit,
975 4683 1021 4742 sed
1045 4683 1164 4743 maxima
1192 4684 1323 4765 preconii
1349 4699 1429 4766 parte
1448 4682 1558 4745 Flaviano

833 4777 1066 4860 cpiscopo,cadem
1079 4775 1125 4836 die
1137 4778 1339 4855 concionatum,
1356 4778 1460 4850 relicta,
1470 4779 1496 4837 in
1508 4794 1558 4834 ora·

760 4907 763 4913 ·
833 4872 915 4930 tionis
935 4869 1024 4929 medio
1038 4890 1149 4928 cursum
1162 4868 1305 4950 intercepit
1315 4878 1371 4945 ,ut
1394 4870 1520 4952 populum
1529 4861 1556 4922 ad

833 4962 957 5021 Natalem
971 4960 1073 5020 Christi
1088 4960 1139 5019 rite
1148 4959 1341 5021 celebrandum
1358 4961 1557 5034 horminum

834 5068 975 5135 postquam
985 5052 1171 5134 peccatoribus
1191 5053 1356 5134 penitentie
1370 5049 1557 5133 resipiscentie·

834 5168 885 5225 que
899 5146 1009 5205 modurn
1021 5145 1195 5227 prescripsit,
1203 5146 1352 5207 orationem
1361 5147 1476 5208 claudit.

875 5242 1034 5318 sequentem
1045 5237 1080 5297 de
1091 5238 1468 5300 Consubstmrtialihomiliam
1480 5246 1555 5298 contu

832 5333 974 5392 Ano-neos
986 5329 1097 5410 hahuit,
1113 5343 1143 5389 ut
1155 5328 1257 5394 iudicat
1272 5331 1352 5414 ipse,
1366 5331 1461 5414 paucis
1474 5326 1555 5392 diebu
