3714 5970
413 422 457 472 nn
484 423 563 473 vira
590 420 791 474 aucturus
818 423 1066 476 cunrsosrom.
1471 408 1517 482 αδ

122 541 297 627 δλώρσίμοις
310 548 454 630 ὀρδαλμοῖς
463 549 643 629 δρακοντῶδις
657 549 718 607 ινα·
777 566 815 606 sa.
823 546 878 618 Qui
887 549 1012 608 monachi
1020 569 1082 610 eum
1089 548 1241 611 senioribus
1254 551 1446 614 Alexandriam
1455 575 1518 627 cum

117 638 216 718 δρηδὸν
230 637 415 714 ommam,
429 641 494 701 ποτδ
516 639 564 720 μὲν
590 635 720 712 πελιδνὸς,
738 644 757 694 C
775 636 992 717 descendissent,
1018 641 1130 701 orabant
1147 641 1344 724 Theophilum,
1364 666 1473 707 causam
1488 662 1520 708 ut

117 729 245 806 ιδς,ποτί
259 731 288 791 δλ
310 730 357 790 καλ
374 732 529 814 σαρκάζων,
542 736 588 793 ὑπ’
604 732 720 814 ἀκράτου
775 728 895 808 ἀῐιειει,
913 732 949 791 ob
968 753 1050 811 quam
1076 730 1246 795 condemnati
1269 736 1400 817 ejectique
1423 754 1517 800 essent.

117 845 209 901 μινος·
228 823 324 881 ίνιιλιῖ
343 827 382 904 τῷ
397 822 555 907 Ἀμμωνίῳ,
568 824 643 904 ἀνδρὶ
658 825 718 896 ήλι-
774 821 825 881 lllc
839 836 929 882 autem
947 825 1159 903 sanguinolentis
1170 826 1259 888 oculis
1270 826 1419 889 draconum
1433 830 1519 891 instar

117 913 249 996 μσρδριον
262 915 291 974 ἐν
305 919 344 997 τῷ
357 915 485 1000 τραχήλορ
503 915 613 984 οδκείαις
632 913 719 997 χερσὶ,
774 911 925 990 intendens,
942 927 1051 974 torvum
1066 919 1173 976 taurino
1184 939 1259 977 more
1270 917 1426 980 intuebatur
1439 945 1449 997 ς
1460 943 1518 984 mo·

119 1016 194 1075 ,ταῖς
213 1007 334 1086 σταγόσιν
356 1010 438 1070 αὐτοῦ
457 1008 625 1089 δμρορήσας,
641 1032 719 1068 συνι-
773 1005 810 1066 do
836 1006 948 1086 quidem
961 1007 1080 1085 lividus,
1096 1011 1176 1070 modo
1201 1011 1339 1093 pallidus,
1358 1013 1441 1074 modo
1465 1037 1517 1076 au·

121 1100 264 1169 δακτύλοις
285 1098 400 1180 αἱμάξας
416 1100 464 1170 πὸς
479 1104 566 1182 ῥῖνας,
582 1104 718 1183 ἐπιψορῶν
774 1110 828 1157 tem
840 1119 931 1160 amare
942 1100 1097 1178 subridens,
1108 1102 1144 1161 ab
1158 1102 1303 1163 immodica
1315 1104 1355 1163 ira
1369 1106 1513 1188 abreptus,
1623 1133 1628 1142 ·

117 1193 223 1275 ίριτικδ,
236 1193 428 1270 rosemanus
441 1192 718 1273 Ὦριγίνην·μηδινδς
774 1191 935 1267 Ammonio,
956 1192 1017 1254 viro
1042 1192 1197 1272 grandaevo,
1219 1196 1518 1277 omophorium'mani-

117 1310 141 1359 ι,
158 1283 231 1357 πλὴν
245 1289 294 1357 τῆς
309 1284 442 1353 ἀξιώσεως
463 1284 551 1344 ίνικεν
571 1285 716 1366 Ἰσιδώρου.
773 1280 825 1341 bus
844 1282 902 1364 ipse
925 1283 982 1344 suis
999 1283 1087 1366 injicit
1104 1285 1133 1345 in
1145 1286 1263 1366 collum,
1276 1310 1338 1348 cum
1357 1289 1437 1351 malis
1458 1293 1517 1374 ejus

117 1375 146 1457 tp
164 1380 190 1436 σί
207 1376 467 1458 νομιμώτεροι
480 1375 564 1449 νώνας,
578 1378 664 1458 τνρλλ
677 1379 716 1438 τί·
774 1372 865 1453 plagas
880 1375 1044 1451 inflexisset,
1057 1390 1084 1436 et
1096 1377 1196 1457 pugnis
1217 1400 1294 1440 nares
1307 1381 1365 1461 ejus
1377 1397 1517 1444 cruentas-

117 1466 142 1529 ιδ
159 1468 310 1549 πράγματα
321 1469 369 1530 καλ
381 1468 545 1550 τδρήματα.
559 1469 654 1538 Obrue
672 1462 716 1531 odo
734 1485 753 1532 n
771 1479 825 1539 set,
839 1465 986 1528 inclamans
1007 1467 1051 1529 his
1064 1469 1196 1530 vocibus:
1210 1471 1352 1545 Haeretiee,
1363 1473 1517 1535 anathema·

117 1560 199 1621 νικαὶ
211 1560 384 1641 ἀναπάκριτσι
395 1560 606 1643 ὑποστρέψαντες
618 1565 655 1628 τις
668 1561 717 1630 τὰς
771 1552 823 1613 tina
850 1555 1011 1636 Origenem:
1024 1578 1087 1618 cum
1102 1558 1172 1618 nihil
1192 1573 1261 1620 esset
1286 1557 1457 1642 propositum
1480 1563 1517 1624 de

117 1659 148 1725 u,
163 1652 268 1734 ιῐχοντο
288 1655 337 1723 τῆς
360 1653 535 1734 προκειμένης
560 1652 714 1729 ἀσκήσεως,
770 1643 887 1725 Origene
903 1661 1002 1728 prater
1014 1648 1222 1730 postulationem
1239 1651 1336 1714 Isidori
1347 1675 1438 1714 causa.
1460 1656 1516 1715 Ta-

123 1730 192 1817 ‘il'
206 1743 285 1826 φύσιν
306 1743 456 1820 attam,
470 1746 504 1805 ac
514 1736 551 1804 ὧν
566 1747 715 1828 §pompm
769 1735 804 1796 lis
814 1737 885 1798 enim
898 1739 937 1799 ira
947 1753 998 1815 est,
1011 1741 1097 1803 veluti
1109 1763 1197 1818 mnes,
1210 1765 1279 1805 caeca
1289 1760 1315 1806 ct
1324 1745 1396 1808 dicta
1408 1751 1435 1808 el
1447 1748 1516 1810 lacta

118 1835 256 1911 ,nmo
278 1838 462 1917 φροντίσαντες
484 1840 532 1908 τῆς
547 1837 640 1898 τούτου
659 1863 715 1916 μα.
770 1828 849 1910 parit.
859 1826 949 1910 Igitur
962 1832 1002 1892 sic
1012 1834 1143 1914 sanguine
1153 1833 1284 1916 adspersi,
1300 1851 1327 1897 et
1338 1838 1396 1899 sine
1407 1860 1515 1920 respou-

117 1928 155 1991 tta
167 1928 275 1999 ἑαυτοὺς
295 1929 441 1990 συνειδέναι
459 1928 550 1991 κακόν.
564 1931 636 2011 Πρὸς
655 1931 717 1992 τού.
769 1945 799 1984 sc
813 1926 910 1986 reversi
925 1926 961 1987 ad
970 1949 1019 1988 sua
1032 1930 1194 1991 monasteria
1208 1931 1378 2013 propositum
1390 1932 1454 1994 vitae
1471 1933 1515 1995 in·

117 2018 563 2102 ιμήσαςδθιόριλος,ᾶποστίλλει
577 2019 643 2099 πρὸς
656 2018 716 2089 τοὺς
770 2017 897 2077 stitutum
918 2020 1160 2099 persequebantur,
1175 2023 1380 2105 scripturarum
1403 2027 1514 2088 scientia

138 2112 318 2184 ἐπισκόπους,
333 2111 379 2170 ml
410 2119 549 2190 συγκροτεῖ
569 2111 639 2172 κατὰ
660 2115 714 2172 τῶν
769 2109 906 2189 ingenium
930 2126 1080 2191 acuentes,
1096 2134 1145 2193 per
1169 2136 1237 2193 quas
1255 2114 1328 2175 salus
1341 2117 1512 2196 acquiritur,

117 2202 231 2284 νίδριον·
245 2203 305 2264 οὔτε
316 2202 343 2263 δὲ
357 2202 470 2270 καλέσας
486 2201 580 2270 αὐτοὺς
597 2207 634 2272 el<
646 2207 715 2265 ἀπο-
769 2201 844 2261 illius
865 2203 999 2263 insaniam
1013 2224 1044 2264 eo
1068 2217 1191 2265 curantes
1204 2206 1309 2282 miuus,
1318 2209 1391 2287 quod
1411 2192 1514 2271 nullius

117 2320 123 2357 ι
140 2295 270 2374 μιταδώς
286 2296 379 2376 λόγου,
393 2295 569 2379 ἀποκηρύττει
583 2306 654 2378 τρεῖς
668 2298 713 2357 dv·
731 2291 749 2339 Ε
768 2293 833 2374 mali
858 2294 913 2353 sibi
940 2295 1041 2356 conscii
1066 2310 1161 2358 essent.
1184 2297 1234 2357 llis
1263 2319 1316 2359 nou
1338 2299 1513 2378 adquiescens
1523 2329 1579 2374 οη,
1591 2334 1632 2375 ης,

117 2387 244 2468 ιἰξσρῆς,
259 2388 380 2471 ρσάηθείς
392 2388 491 2471 ἀθρόως
504 2389 573 2450 κατὰ
586 2396 632 2449 τοῦ
645 2391 713 2465 πλή-
767 2386 948 2467 Theophilus,
963 2387 1048 2448 mittit
1075 2387 1112 2449 ad
1130 2388 1235 2450 uicinos
1256 2391 1406 2473 episcopos,
1421 2407 1448 2454 et
1467 2393 1513 2455 ad·

117 2488 168 2542 ιεῑν
182 2480 232 2554 τήν
254 2480 400 2559 τιμωρίαν,
411 2480 646 2562 σχηματισάμενος
670 2485 712 2542 δο-
768 2499 858 2538 versus
871 2480 1016 2540 monachos
1040 2480 1111 2561 cogit
1123 2482 1288 2560 concilium,
1304 2504 1389 2562 neque
1411 2482 1446 2544 ad
1463 2484 1513 2545 de·

117 2562 277 2657 κραρθοράν·
290 2573 337 2633 καί
356 2572 398 2639 οὓς
418 2575 547 2641 πολλάκις
567 2573 634 2656 huelp
654 2577 711 2634 ίπι-
766 2571 913 2631 t'ensionem
934 2573 1037 2633 vocatis
1056 2573 1208 2655 ipsis,nec
1234 2575 1303 2634 lacta
1323 2575 1380 2635 illis
1399 2576 1512 2639 dicendi

117 2688 192 2741 εησιν
205 2669 250 2741 ,ὡς
272 2665 453 2739 διδασκάλους,
466 2664 509 2725 διὰ
522 2665 567 2725 τὸν
583 2664 651 2745 βίον,
667 2666 712 2727 διά
766 2675 915 2740 potestate,
928 2678 984 2725 tres
997 2664 1097 2726 viroso
1108 2665 1256 2748 precipuis
1278 2669 1511 2750 excommunicat,

117 2756 201 2821 ibris
214 2755 318 2839 χρόνον,
331 2743 435 2825 τούτους
446 2760 493 2818 οὐκ
503 2757 600 2838 ᾐδέσθη
613 2757 712 2837 γόητας
766 2754 868 2815 veritus
886 2756 968 2817 simul
992 2750 1084 2817 contra
1107 2756 1312 2837 multitudinem
1335 2780 1442 2841 poenam
1464 2761 1514 2822 dc-

117 2848 138 2911 λ
154 2849 206 2924 τήν
218 2851 285 2931 πρὸς
296 2850 433 2929 Ἰσίδωρον
453 2849 554 2930 σχίσιν.
571 2849 624 2910 Καὶ
642 2852 711 2930 μετὰ
765 2867 894 2924 cernere,
910 2863 1062 2930 praetexens
1074 2846 1234 2929 dogmatum
1247 2851 1452 2935 perversitatem
1461 2877 1471 2932 3
1486 2868 1513 2915 et

117 2944 167 3019 ςςς,
180 2941 209 3011 ἐξ
228 2947 308 3002 αὐτοῦ
329 2948 375 3003 τοῦ
392 2943 467 3020 ὄρους
486 2941 588 3023 &helpen
609 2948 710 3027 ἀνθρω.
764 2959 831 3016 quos
855 2962 925 3022 saepe
950 2943 1107 3023 plusquam
1120 2944 1261 3026 episcopos
1280 2943 1458 3017 honoraverat
1480 2960 1513 3007 ut

117 3081 122 3109 ,
134 3033 155 3095 δ
166 3035 300 3114 μηδέποτε
316 3037 343 3094 ίν
358 3034 476 3117 συλλόγῳ
487 3039 540 3094 τῶν
553 3041 601 3109 τῆς
610 3037 709 3117 ίρήμου
765 3033 907 3113 magistros
918 3080 927 3110 ,
941 3050 1054 3117 propter
1067 3036 1154 3095 uitam
1161 3082 1170 3109 ,
1184 3037 1333 3097 doctrinam
1345 3051 1372 3098 et
1392 3054 1510 3118 aetatem,

117 3150 209 3201 ιησαν,
221 3131 290 3187 ὀκνῶ
303 3125 398 3207 λέγειν,
413 3124 506 3196 ἀνάξια
516 3127 563 3187 καὶ
574 3128 708 3209 θυρωρίου·
763 3144 808 3184 eos
822 3147 873 3185 non
886 3126 986 3207 puduit
999 3126 1135 3209 appellare
1156 3129 1424 3210 prastigiatores,eo
1437 3132 1512 3212 quod
1542 3152 1547 3160 ·

132 3229 280 3302 χιιροτονεῑ
300 3218 452 3294 ἐπίσκοπον,
464 3221 708 3299 ἐγκατατάξαςκω-
727 3218 745 3264 F
762 3238 827 3297 erga
838 3219 975 3280 Isidorum
998 3221 1100 3301 optime
1112 3221 1201 3280 allecti
1215 3238 1310 3284 essent.
1321 3224 1357 3284 Et
1380 3241 1440 3307 post
1463 3248 1511 3287 cx·

117 3311 497 3392 λινοώκέχων(υίδεῶςγδιρ
517 3313 628 3382 καὶτὰς
650 3338 709 3375 και·
762 3312 1034 3372 communicationem
1058 3332 1093 3372 ex
1116 3313 1176 3394 ipso
1208 3328 1300 3374 monte
1323 3316 1433 3377 instruit
1459 3317 1510 3379 ho·

117 3404 239 3485 qam,
263 3404 342 3462 ἄλλον
366 3401 458 3462 ἑαυτὸν
485 3404 588 3464 Μιναίαν
611 3406 710 3484 ὄνομά.
764 3399 905 3459 ιιιυιιιιιΙυι
919 3399 1059 3480 quinqua,
1076 3399 1124 3479 qui
1137 3421 1284 3479 numquam
1297 3403 1325 3462 in
1339 3418 1408 3464 coetn
1424 3405 1512 3466 senio·

117 3496 309 3580 :pettam-
324 3493 384 3565 τοὺς
406 3495 434 3556 δὲ
456 3499 709 3576 ςρςῑς·δςονόνονς,
764 3512 827 3551 rum
851 3491 935 3551 eremi
962 3503 1107 3566 steterant,
1133 3505 1157 3551 et
1184 3492 1290 3573 indigni
1324 3509 1417 3572 erant,
1437 3497 1513 3578 piget

117 3590 157 3649 ἦν
178 3588 346 3667 Αἰγυπτίων,
362 3589 432 3649 ἀλλὰ
451 3590 583 3671 διαφόρων
605 3591 707 3651 adnuo.
722 3610 747 3649 ην
764 3581 869 3658 dicere,
884 3583 931 3663 qui
972 3583 1015 3644 rel
1045 3582 1150 3643 ostiarii
1177 3598 1264 3644 essent
1280 3609 1286 3642 :
1301 3600 1327 3646 et
1352 3586 1427 3648 hunc
1449 3589 1512 3668 qui·

117 3673 147 3755 {a
160 3681 256 3753 Λίεος,
275 3685 290 3740 ὁ
307 3682 334 3741 δὲ
346 3681 536 3763 Ἇλνξανδρεὺς,
548 3687 562 3742 ὁ
572 3683 599 3744 δὲ
613 3685 709 3766 mapa.
723 3668 742 3712 A
764 3673 825 3733 dem
836 3673 944 3735 ordinat
957 3674 1113 3756 episcopum
1127 3721 1135 3750 ,
1148 3675 1240 3737 viculo
1265 3678 1436 3759 praeficiens,
1449 3703 1512 3743 cum

135 3770 330 3854 Παραλεώτης.
348 3773 397 3832 Διὸ
411 3774 457 3833 καὶ
482 3774 634 3847 ὑπήκουσαν
659 3777 709 3833 αὖ.
764 3766 899 3827 civitatem
914 3789 967 3827 non
987 3767 1224 3846 haberet(etenim
1243 3769 1301 3830 sine
1326 3771 1383 3831 ullo
1407 3773 1512 3853 pudore

117 3865 253 3948 Μανίᾳ,
283 3865 314 3925 τὸ
341 3865 500 3927 ἀνέλπιστον
528 3864 633 3947 ἔχοντες
654 3872 707 3928 τῶν
764 3857 824 3918 illas
839 3860 971 3921 novitates
994 3859 1126 3935 audebat,
1142 3882 1171 3921 sc
1190 3861 1305 3921 alterum
1319 3865 1443 3944 Moysem
1459 3888 1510 3927 vo·

117 3944 140 4029 ,ς’
170 3958 312 4040 ὶννχύρννν,
340 3957 394 4018 Καὶ
430 3959 629 4039 παρασκευάζον
657 3965 707 4021 αὖ.
763 3959 864 4026 cans),
887 3952 965 4012 illum
985 3973 1049 4013 uero
1070 3954 1282 4035 presbyterum,
1310 3968 1337 4014 et
1360 3968 1415 4015 tres
1442 3958 1511 4019 alios

136 4048 277 4117 λιδίλλους
302 4048 370 4125 κατὰ
398 4054 451 4108 τῶν
481 4053 560 4128 τριῶν
587 4051 709 4126 ἐκείνων,
763 4045 891 4105 diaconos
927 4044 1132 4125 ordinat,·qui
1168 4066 1221 4105 nou
1253 4058 1329 4106 erant
1356 4046 1508 4130 AEgyptii,
1598 4086 1601 4091 <

117 4167 133 4212 ς
151 4141 213 4209 rob<
239 4142 329 4222 λόγους
347 4145 394 4212 τῆς
419 4141 610 4222 συκοραντίας,
631 4149 710 4204 τοῦτο
762 4137 811 4196 sed
828 4159 843 4196 e
862 4136 979 4197 diversis
995 4137 1070 4197 locis.
1088 4136 1155 4196 Erat
1169 4137 1241 4196 enim
1261 4157 1331 4196 unus
1344 4159 1438 4198 eurum
1460 4142 1511 4200 Li·

117 4234 299 4316 αναγκάντων,
313 4232 343 4292 τὸ
356 4233 517 4313 ὑπογράψαι.
532 4233 609 4295 Μετὰ
623 4242 710 4309 τοῦτο,
764 4230 827 4311 hys,
847 4231 918 4289 alius
933 4227 1144 4302 Alexandrinus,
1165 4228 1237 4288 alius
1250 4228 1417 4306 Pharanites,
1436 4231 1509 4292 alius

120 4327 261 4394 λιδίλλους
278 4327 342 4405 παρ’
359 4325 504 4386 αὐτῶνέπλ
526 4327 708 4402 τῆςἘκκλη-
764 4321 1006 4382 vcroParalcotes.
1035 4320 1124 4392 Quam
1137 4319 1173 4378 ob
1188 4339 1297 4378 eausam
1312 4319 1372 4399 ejus
1384 4342 1455 4382 rano
1470 4323 1509 4384 la·

117 4443 165 4481 παι
179 4420 244 4500 πρὸς
255 4416 298 4479 τὸν
308 4416 513 4498 amoenabat,
527 4419 572 4478 καὶ
588 4421 709 4480 &nualte-
763 4415 823 4475 buri
838 4427 1121 4489 consenseruutfcum
1141 4411 1247 4471 nullum
1266 4415 1409 4493 praemium
1426 4437 1508 4498 epa-

117 4516 156 4573 i'su
172 4511 297 4593 ίντυχίαν
313 4514 346 4573 ht
358 4507 501 4592 προσώπου
514 4513 610 4572 οἰκείου
626 4517 640 4572 δ
659 4518 706 4592 ἀρ·
726 4519 743 4565 B
764 4509 815 4568 tria
838 4506 1002 4590 sperandum
1024 4504 1162 4565 haberent.
1183 4502 1238 4564 Eos
1255 4502 1347 4583 itaque
1365 4506 1507 4583 subornat,

117 4607 294 4685 λίγυπτιακῆς
309 4603 477 4678 διοικήσεως,
497 4604 649 4683 συμπλέξας
662 4606 708 4665 καί
763 4616 792 4660 ut
807 4600 914 4660 libellos
924 4599 1021 4660 darent
1031 4597 1163 4658 adversus
1175 4610 1228 4658 tres
1239 4597 1301 4657 illos
1312 4619 1388 4660 senes
1398 4624 1406 4658 ι
1418 4615 1446 4661 et
1455 4603 1508 4663 sal·

117 4696 244 4779 οραντίας
255 4695 409 4769 λιώελλους,
427 4695 473 4755 καί
493 4697 560 4765 ἀξιοῖ
577 4720 707 4778 στρατιω·
762 4716 798 4753 sae
812 4691 990 4753 accusationis
1001 4690 1082 4751 verba
1095 4689 1153 4771 ipse
1163 4688 1313 4766 contexuit,
1323 4691 1368 4750 cui
1379 4708 1464 4753 uuum
1477 4693 1507 4753 id

117 4815 126 4870 ρ
139 4793 249 4870 ῥιφῆναι
263 4786 324 4855 τοὺς
337 4787 433 4868 ἄνδρας
449 4789 503 4848 άπδ
515 4789 604 4861 πάσης
619 4790 705 4869 Αίηί-
761 4788 805 4846 isti
820 4786 1003 4855 contulerunt,
1018 4797 1048 4843 ut
1062 4783 1272 4868 subscriberent.
1290 4782 1407 4857 Deinde,
1428 4807 1505 4846 acce-

117 4880 174 4941 νδί
192 4881 315 4962 σχήματι
335 4880 379 4940 τὸν
398 4879 578 4960 στρατιώτην,
597 4884 655 4960 ἅμα
669 4887 707 4964 τῷ
763 4880 817 4960 ptis
830 4881 866 4940 ab
883 4879 923 4940 eis
935 4877 1037 4938 libellis
1052 4896 1142 4936 coram
1157 4875 1291 4950 Ecclesia,
1307 4876 1460 4956 ingrcditur
1470 4880 1507 4940 ad

117 4972 313 5056 ι,συνσδροίζει
326 4974 426 5047 πλῆθος
445 4976 614 5054 πλημμελῶν
633 4976 707 5037 atiud·
765 4972 951 5053 Augustam,
971 4983 997 5031 et
1014 4982 1107 5030 contra
1127 4969 1192 5030 istos
1213 4966 1365 5050 supplicem
1381 4966 1507 5031 libellum

117 5174 170 5226 ΜΕ·
182 5171 227 5213 τῶν
238 5168 340 5230 ναστῶν·
774 5171 785 5196 ‘
803 5155 871 5222 [tte.
885 5158 995 5226 trampus
1006 5150 1023 5220 l·

117 5245 223 5310 capaneia.
