3714 5970
2 1697 82 1748 blare„
101 1694 126 1755 4.

60 1971 66 1979 .
152 1917 261 2008 pestatis
275 1916 395 1976 celeriter
408 1925 563 1996 compesce,
577 1928 606 1974 ut
621 1929 666 1974 tur

157 494 230 586 254
783 516 900 564 sennia
928 511 1090 579 quantu.

152 643 224 703 enim
238 642 295 702 solo
305 638 399 722 jubet,
409 636 435 698 et
449 627 560 698 morbus
573 656 626 697 non
641 650 749 699 manet:
766 638 893 699 turbatur
948 638 1001 708 δαίς
1014 644 1091 700 τοῦτο
1100 633 1201 778 offui,
1213 640 1236 698 τί
1246 636 1285 717 μη
1296 637 1365 717 μόνη
1374 637 1464 709 πίστις
1476 630 1712 708 tutamur-ul·

153 722 173 783 S
195 722 274 793 iritu,
291 720 363 780 etab
375 719 479 778 inferno
489 730 609 777 mortuos
619 716 722 798 exigit:
736 717 832 800 paucis
841 741 892 801 pa-
947 742 996 792 την
1004 710 1049 780 σύν
1062 733 1125 797 παρ’
1155 717 1429 801 αύοῦσαχειραγωγον
1440 719 1609 800 κατίψυχὴν
1619 720 1714 802 τρύσει·

153 744 235 867 nibus
257 800 336 860 satiat
355 797 505 874 chiliadm3
521 797 632 857 lavatur
649 796 777 879 lacrymis
796 812 824 858 et
848 820 892 859 re·
948 796 1364 879 μιλαθοῦσα,καίσιγῇληστεύοι
1379 799 1426 872 τὴν
1437 799 1581 880 θιραπεέαν
1593 799 1658 879 ἁφῇ·
1670 799 1714 858 κᾶν

152 881 289 942 missionis
300 879 400 939 fluenta
415 878 507 937 mittit.
521 878 607 938 Nemo
619 891 710 936 autem
729 876 781 938 hoc
794 877 891 951 audet,
948 872 1095 956 μένλιίθω,
1117 878 1208 958 κέρδος
1223 877 1252 937 τὸ
1262 887 1337 949 πᾶν,
1353 867 1477 961 οἶδα-γορ
1492 879 1535 939 ὅτι
1546 882 1713 957 σωθήσομαι·

153 962 206 1021 nisi
222 960 289 1021 fides
303 980 400 1040 expers
412 956 601 1017 dubitationis.
613 957 690 1017 Hane
703 958 787 1038 igitur
800 980 892 1018 manu·
948 962 971 1017 rt
985 957 1012 1016 δέ
1027 956 1064 1037 μὴ
1085 960 1203 1017 λαθοῦσα
1217 960 1254 1026 είς
1267 956 1347 1035 μέσον
1366 958 1506 1036 νιληθείην,
1516 960 1564 1020 οῦκ
1579 958 1610 1018 ἂν
1625 961 1713 1037 ἐγαλη·

151 1040 300 1100 ductricem
316 1039 344 1098 in
357 1039 448 1106 anima
468 1036 618 1118 accipiens,
637 1037 719 1098 adibo
739 1037 891 1110 confidem,
947 1038 1018 1110 θείην
1034 1038 1078 1098 διὰ
1097 1036 1238 1117 θεραπείαν
1251 1037 1427 1116 τολμήσασα,
1440 1037 1500 1105 odil
1515 1041 1589 1099 duan
1644 1038 1714 1112 ύήσο·

151 1133 179 1180 et
191 1133 265 1180 tactu
277 1119 356 1179 facile
369 1133 395 1180 et
411 1118 524 1177 latenter
539 1117 678 1178 sanitatem
695 1118 839 1200 abripiam.
854 1119 891 1179 Et
948 1140 998 1194 μαι
1012 1116 1080 1198 ἅπερ
1101 1122 1119 1190 ἡ
1135 1115 1224 1184 πίστις
1248 1116 1389 1191 ίσύλησεν·
1401 1062 1669 1199 ἀμεταμέληταραγγδρ
1685 1121 1718 1186 ὡς

151 1199 175 1259 si
189 1200 257 1260 forte
278 1197 390 1275 lateam,
405 1198 481 1257 luero
501 1195 552 1256 erit
565 1217 607 1256 res
622 1211 695 1257 tota:
709 1218 752 1257 me
765 1199 836 1258 enim
849 1219 892 1257 sa·
947 1199 1018 1256 Θεοῦ
1036 1197 1151 1278 ὑπάρχει
1170 1197 1258 1257 πάντα
1279 1196 1313 1256 τὰ
1327 1195 1425 1270 ταύτης
1445 1197 1622 1277 χαρίσματα·
1637 1201 1652 1257 ὁ
1669 1197 1714 1278 γίρ

149 1278 235 1339 lutem
255 1291 479 1358 consequuturam
498 1297 555 1337 esse
576 1276 648 1335 scio:
663 1277 686 1337 si
700 1298 764 1336 vero
778 1299 831 1339 non
846 1277 892 1337 la·
909 1301 928 1347 B
947 1274 1028 1335 εἰπὼν
1043 1282 1076 1356 τῇ
1092 1275 1211 1356 θαλάσση
1219 1321 1227 1350 ,
1241 1273 1343 1348 σιώπα,
1356 1277 1513 1357 πεφίμωσο,
1531 1279 1579 1338 καί
1591 1276 1641 1351 ele
1654 1275 1714 1356 ίμὴν

150 1373 209 1419 tens
226 1360 254 1418 in
268 1359 388 1418 medium
402 1378 516 1431 evocet,
529 1377 581 1416 non
596 1357 795 1438 reprehendar,
819 1357 893 1437 quod
947 1357 1036 1436 ἀρανῆ
1051 1355 1236 1432 ἀναστομώσας
1255 1356 1354 1435 πηγήν.
1373 1360 1457 1436 Δεῦρο
1471 1357 1600 1432 τοίνυν,ἡ
1615 1355 1714 1429 πίστις,

151 1437 274 1498 sanitatis
285 1436 473 1520 recuperandae
488 1457 569 1497 causa
580 1435 638 1496 bec
650 1458 716 1503 ausa
729 1437 795 1515 sim,
807 1458 893 1532 neque
947 1434 978 1510 τὸ
992 1435 1089 1514 μέλλω
1100 1435 1271 1516 κυύέρνησον,
1283 1435 1375 1515 καὶτῷ
1386 1435 1488 1515 ιιύματι
1499 1441 1556 1498 τῶν
1568 1437 1658 1518 ὄχλων
1666 1459 1714 1497 συν

151 1538 224 1578 rme
242 1533 414 1598 reposcuntur
427 1538 478 1586 ea,
495 1537 555 1595 quae
573 1514 641 1576 fides
661 1516 782 1599 abripuit
792 1518 893 1599 :shuJus
948 1512 1037 1592 τύμως
1050 1514 1235 1596 διοίκοψον,ίνα
1244 1536 1296 1592 μου
1306 1514 1337 1574 τὸ
1351 1517 1446 1596 σαθρὸν
1458 1516 1560 1597 σκύφος
1572 1521 1621 1576 τῶ
1631 1515 1714 1594 σύμα·

152 1597 237 1673 enim,
251 1611 342 1689 utpote
365 1597 434 1669 Dei,
448 1597 583 1656 donorum
596 1616 744 1674 numquam
769 1598 889 1678 penitet.
947 1597 991 1661 τὸς
1003 1597 1041 1663 εἰς
1051 1595 1096 1654 τὸν
1104 1594 1219 1675 γαληνὸν
1233 1599 1331 1655 curvo
1345 1595 1517 1678 προσορμίσω
1527 1597 1636 1675 λιμένα·
1645 1596 1713 1657 δέπα·

153 1678 224 1737 Nam
237 1697 283 1756 qut
295 1676 367 1736 dixit
380 1676 470 1748 mari,
492 1675 566 1735 Tace
579 1721 587 1750 ,
601 1677 784 1751 obniutesce,
798 1678 893 1737 secreti
947 1696 991 1733 ται
1021 1673 1055 1755 ἂρ
1073 1679 1090 1747 ἡ
1106 1674 1178 1755 ῥανὶς
1191 1679 1239 1746 τῆς
1264 1675 1343 1733 αὐτοῦ
1360 1674 1537 1752 βυηύείαςτὸν
1551 1679 1580 1736 ίν
1595 1675 1713 1755 tostum

33 1787 39 1801 ·
152 1756 351 1896 quoquefontis
367 1757 419 1817 mei
435 1777 465 1816 os
478 1754 625 1816 obturabit.
642 1755 741 1816 Adesto
755 1756 839 1845 igitur
858 1757 894 1816 ti-
949 1756 1070 1831 αίματων
1084 1752 1385 1831 ἀκαμάτωςοίποπνίξαι
1399 1753 1616 1834 βυθόν·ούτωδί
1637 1762 1713 1816 ταῦτα

172 1856 216 1915 es,
231 1858 259 1895 m
272 1850 410 1917 posterum
423 1835 516 1916 accipe
530 1836 656 1908 clavum,
668 1849 694 1895 et
705 1835 818 1929 fluctum
830 1848 896 1897 tem·
948 1834 1145 1935 βρυλευσαμένη
1160 1835 1251 1933 ρισλῶς
1263 1842 1318 1938 τρῖς
1333 1833 1494 1935 ἀρυλμήτοις
1516 1828 1713 1934 έπιτολμᾷχααί

151 2016 227 2076 ports
252 2017 296 2056 sca
318 1995 380 2055 bam
405 1995 433 2055 in
457 1995 633 2074 tranquillum
657 1915 893 2057 iiliriiuililaelducelaiu
947 1914 1392 2092 ίρίύμίίίνοτίέννδτεοίωύῦτοοίῦίιίνδίί
1408 1913 1611 2070 ίῦίίζιίίύτιολέ
1621 1918 1713 2074 qim

151 2089 271 2156 portum.
293 2019 362 2135 liam
383 2075 424 2134 vel
443 2073 515 2134 stilla
530 2076 588 2156 ejus
601 2074 699 2135 auxilii
722 2075 781 2135 sine
800 2076 894 2137 labore
947 2073 976 2131 δε
994 2072 1062 2150 μετὰ
1079 2076 1126 2144 τῆς
1136 2071 1252 2139 πίστεως
1265 2070 1492 2153 ύπερτηδήσασα,
1507 2073 1598 2154 λάθρα
1611 2080 1656 2135 τῶ
1678 2076 1712 2135 to·

152 2168 238 2234 potest
251 2155 412 2236 sanguinum
428 2155 573 2234 gurgitem,
584 2156 632 2234 qui
646 2155 675 2214 in
689 2170 796 2231 meost,
812 2157 894 2217 suffo-
911 2183 930 2230 (γ
947 2160 1074 2213 σιτοτιοιοῦ
1089 2157 1200 2252 χιτῶνος
1211 2152 1344 2231 δύομ-ύνη,
1358 2157 1406 2226 τῆς
1420 2153 1516 2221 ίύεεως
1532 2155 1564 2215 τὸ
1575 2153 1668 2236 κέρδος
1679 2157 1712 2214 ol·

151 2254 221 2296 care.
237 2236 306 2295 Cum
326 2255 391 2295 vero
411 2233 469 2292 brec
490 2255 580 2294 seeum
596 2235 680 2316 probe
696 2235 892 2314 consuluisset,
947 2230 1047 2310 καίριος
1066 2233 1191 2306 έσυλησε,
1205 2232 1254 2304 την
1273 2232 1339 2312 πρὸς
1353 2230 1430 2292 αὐτὸν
1446 2231 1541 2294 ίνωσιν
1562 2231 1713 2335 ἀπαλλαγὴν

151 2333 193 2373 res
206 2315 256 2375 rix
273 2312 411 2375 audendus
425 2313 553 2373 audacter
567 2313 743 2394 aggreditur:
757 2336 810 2375 nec
824 2329 889 2376 tem·
948 2300 1015 2371 εἶναι
1042 2316 1089 2372 τοῦ
1110 2313 1209 2378 atoue
1229 2311 1409 2373 πιστεύσασα·
1433 2311 1517 2380 δντισς
1542 2314 1714 2395 ύπαλλσγην·

150 2413 203 2472 pus
231 2395 343 2469 metuit,
370 2413 418 2452 nec
437 2414 490 2474 pau
511 2407 621 2453 ertatem
650 2393 820 2472 considerat,
846 2416 894 2454 nee
948 2388 1009 2463 ίοίύη
1023 2390 1075 2474 γὰρ
1088 2390 1183 2460 εὐθέως
1198 2392 1251 2452 ἀπὸ
1269 2394 1318 2463 τῆς
1332 2391 1472 2471 μάστιγος·
1486 2391 1592 2452 δώδεκα
1611 2389 1712 2474 γδρίιη

151 2471 262 2531 turbam
273 2486 415 2549 numerat,
428 2472 476 2531 sed
489 2415 548 2532 lites
561 2472 650 2532 omnia
664 2494 712 2554 per
726 2473 808 2533 fidem
818 2521 826 2549 ,
838 2474 893 2536 imo
947 2473 981 2549 τῇ
998 2471 1066 2553 νόσῳ
1084 2469 1250 2532 πυκτεύουσα
1263 2474 1323 2531 καθ’
1337 2470 1440 2551 ἡμέραν
1455 2472 1501 2532 καί
1511 2469 1578 2532 τουτ’
1592 2472 1661 2548 ἔτος,
1671 2471 1712 2546 vlt
1726 2497 1729 2501 ·

150 2551 243 2632 potius
253 2573 315 2612 cum
326 2551 381 2611 lide
392 2551 562 2625 transiliens,
573 2552 685 2613 Domini
694 2553 812 2612 tunicam
823 2555 893 2625 clan-
947 2547 1017 2620 ίωῆν
1037 2549 1195 2622 ύπέιιλεπτε,
1209 2551 1377 2630 πραττομένη
1390 2550 1514 2626 ποίνιοτε,
1529 2552 1578 2612 καί
1596 2552 1662 2621 τέως
1679 2551 1712 2630 μὴ

152 2631 245 2690 culum
258 2632 392 2711 tangendo
402 2677 409 2706 ,
418 2631 541 2691 sanitatis
552 2631 658 2690 lucrum
669 2647 820 2713 opportune
833 2654 895 2694 sur·
948 2629 1113 2702 θνήσιουσα·
1128 2632 1233 2711 πρῶτος
1250 2629 1301 2711 γὰρ
1314 2630 1439 2705 ἐνιαυτὸς,
1455 2629 1503 2691 καί
1521 2655 1603 2691 τινων
1624 2633 1712 2693 ὄδννῦν

151 2711 387 2792 ripuit3uuione'rn
395 2731 458 2771 cum
466 2711 513 2771 illo
522 2711 707 2771 liberationem
721 2734 736 2770 a
751 2714 845 2773 morbo
858 2716 895 2775 io·
948 2708 994 2768 οισί
1013 2711 1099 2769 πύνων
1115 2713 1152 2777 είς
1168 2710 1290 2780 αἴσθησιν
1310 2709 1425 2810 ἤρχετο·
1447 2710 1570 2793 δεύτερον
1595 2712 1652 2780 ἔτος
1671 2703 1713 2785 ἦν,

150 2810 181 2850 re
191 2789 341 2865 conlidens,
357 2812 420 2851 rere
429 2790 543 2850 liberata
553 2804 610 2864 est;
621 2792 712 2851 statim
724 2793 796 2851 enim
804 2793 896 2853 Sana·
948 2788 994 2847 καί
1013 2789 1115 2859 πύλεῶς
1127 2793 1175 2860 τῆς
1189 2791 1302 2870 ἀφανοῦς
1314 2812 1413 2861 ταύτης
1429 2789 1548 2873 ίθορύύει
1558 2790 1594 2850 τὰ
1606 2791 1711 2873 κρύφια·

32 2906 38 2919 -
151 2871 344 2947 taestplaga.
358 2870 508 2930 Duodecim
518 2871 710 2962 quippeauuo's
723 2892 784 2931 cum
799 2876 894 2934 morbo
912 2895 930 2940 u
947 2867 1033 2947 τρίτος
1049 2874 1137 2950 πσρῆν
1152 2869 1288 2941 ἕνιοιυτδς,
1304 2869 1350 2928 τισί
1365 2874 1397 2950 τῇ
1413 2874 1465 2929 τῶν
1480 2869 1582 2952 νεύρων
1596 2872 1643 2932 καί
1659 2874 1714 2952 φλι-

37 3173 42 3182 ,
150 3129 223 3168 emm
238 3129 308 3169 anno
333 3109 360 3168 in
378 3109 503 3169 laborum
525 3108 631 3188 aliquot
646 3124 671 3169 et
687 3110 814 3170 dolorum
829 3133 891 3192 per-
947 3109 1078 3181 ἐνιαυτὸς,
1100 3107 1147 3166 καί
1167 3130 1238 3167 παντ

151 2947 256 3008 luctans
270 2949 391 3029 quotidie
400 2964 426 3010 et
436 2963 596 3029 quotannis,
603 2951 688 3010 vitam
701 2952 894 3024 suffurabatur,
948 2946 1001 3008 θῶν
1012 2948 1125 3029 ύγκιύσει
1139 2948 1288 3029 συνείχετο·
1300 2949 1424 3028 τέταρτον
1444 2953 1566 3031 ὑπῆρχεν
1578 2951 1653 3026 ίτος,
1672 2953 1714 3011 καί

150 3049 256 3110 semper
265 3030 406 3110 jugulata,
421 3044 447 3089 et
463 3043 551 3089 tamen
574 3050 626 3088 non
650 3031 775 3090 moriens.
802 3033 893 3092 Primo
946 3027 1021 3106 πηγή
1045 3053 1085 3097 τις
1108 3028 1135 3096 ἐξ
1157 3030 1239 3100 αὐτῆς
1263 3030 1384 3106 αἱμάτων
1403 3030 1575 3132 προήρχετο·
1600 3031 1714 3109 πέμπτος

187 3109 193 3121 '
1276 3107 1333 3167 ύύεν
1347 3110 1432 3188 ἰατροί
1452 3132 1628 3190 συνέτρεχον,
1650 3112 1713 3187 με’λη

150 3189 299 3269 passionem
313 3188 426 3248 incidit:
443 3188 560 3249 secundo
574 3210 663 3265 anuo,
678 3191 798 3250 obseurae
811 3191 893 3272 hujus
946 3191 1179 3266 παραγυμνοῦντες
1194 3187 1212 3246 ἃ
1240 3131 1280 3264 lb
1299 3187 1374 3266 θέμις
1394 3194 1507 3268 δρᾶσθαι
1521 3198 1576 3257 τοῖς
1601 3193 1713 3272 ύῤῥεσιν·

152 3268 229 3328 urbis
245 3268 479 3329 tumultuabantur
493 3281 593 3329 secreta
607 3293 613 3326 ε
629 3270 723 3328 tertius
736 3269 828 3329 aderat
839 3293 890 3330 an·
947 3266 1021 3325 ἕκτον
1034 3266 1089 3332 teor
1103 3265 1215 3339 ἠνύετο,
1229 3268 1274 3326 καὶ
1293 3269 1330 3334 είς
1344 3266 1424 3326 πλέον
1440 3267 1470 3327 τὸ
1494 3269 1578 3329 δεινὸν
1594 3271 1714 3330 ίπετείνε·

151 3369 219 3421 nus,
236 3363 262 3407 et
274 3365 421 3408 nervorum
436 3370 621 3426 venarumque
634 3363 738 3409 tumore
751 3349 906 3410 afficieba-·
946 3368 994 3405 το·
1015 3345 1125 3424 ἕύδσμος
1146 3346 1272 3421 ύνιιιυτδς,
1289 3346 1335 3406 κού
1350 3347 1463 3407 πλούτου
1488 3349 1614 3410 τοσούτου
1631 3373 1714 3410 ναυσι-

151 3440 216 3490 ιυι;
232 3448 302 3488 anno
326 3444 441 3508 quarto,
459 3430 518 3489 lons
537 3428 649 3507 quidam
671 3430 832 3509 sanguinum
858 3451 891 3489 ex
947 3425 1026 3502 μένου
1042 3432 1059 3499 ἡ
1078 3429 1131 3485 τῶν
1153 3426 1272 3505 αἱμάτων
1293 3426 1377 3506 propt
1400 3425 1590 3498 ἀνεξύντλητος
1611 3430 1714 3508 ἔμενεν·

151 3506 199 3566 illa
213 3509 359 3588 processit:
376 3530 446 3569 anuo
460 3509 572 3588 quinto,
586 3508 708 3588 undique
719 3508 817 3570 medici
831 3530 893 3568 con·
945 3505 1036 3585 ὄγδοον
1047 3503 1102 3573 έτος
1116 3505 1224 3578 ἐπέστη,
1241 3507 1286 3565 καί
1299 3506 1348 3577 τὴν
1369 3497 1452 3577 ἧτταν
1475 3508 1628 3586 ὡμολόγουν
1640 3513 1664 3570 oi
1677 3513 1716 3569 ίσ·

150 3587 305 3663 currebant,
317 3589 436 3648 membra
448 3589 624 3659 denudantes,
636 3610 694 3667 quar
708 3589 747 3647 sas
760 3610 811 3648 non
823 3603 863 3649 cst
876 3611 891 3648 a
945 3585 1095 3664 τρεύοντες·
1115 3583 1220 3652 ύννοιτος
1240 3577 1272 3658 ἦν
1287 3586 1403 3654 ἔνιοιυτδς
1411 3631 1420 3662 ,
1437 3587 1482 3646 οιοιδ
1502 3588 1603 3662 ταύτην
1625 3611 1711 3648 πσντε·

150 3667 279 3726 masculis
291 3668 408 3748 conspici
422 3682 533 3728 :sextus
547 3689 634 3727 annus
644 3669 836 3728 conficiebatur
848 3715 856 3743 ,
866 3683 892 3728 et
945 3665 998 3733 λῶς
1018 3665 1223 3744 ύπεγνισσμύνην
1237 3665 1443 3733 καταλείποντες
1454 3667 1595 3745 ύιτςίεσοιν·
1611 3668 1713 3729 δέκατον

150 3743 261 3804 αιοίυυν
276 3747 362 3823 magis
385 3760 495 3806 auctum
506 3761 562 3806 est:
579 3748 692 3827 septimo
706 3770 790 3820 nuno,
811 3749 892 3808 tantis
946 3743 1001 3812 ύτος
1017 3744 1139 3825 ἤγγισεν,
1153 3743 1199 3803 καί
1213 3736 1245 3817 ἦν
1268 3748 1284 3816 ἡ
1302 3746 1368 3822 γυνὴ
1388 3747 1479 3814 οὐσίας
1499 3747 1545 3805 καί
1564 3750 1652 3827 ὑγείας
1672 3771 1715 3807 κα·

150 3825 249 3905 opibus
265 3825 381 3899 effusis,
401 3826 562 3905 sanguinum
576 3828 714 3907 corruptio
735 3828 834 3887 mansit
847 3828 891 3887 in·
909 3858 928 3904 g
946 3823 1033 3893 θύπαξ
1055 3824 1244 3902 ἄτερίστατος·
1266 3823 1405 3892 ἑνδέκατος
1419 3826 1555 3899 ἐνιαυτὸς,
1569 3827 1616 3887 καί
1630 3829 1716 3906 βοηθὸς

35 3944 38 3951 ·
151 3902 301 3963 exhausta:
325 3917 436 3964 octavus
457 3926 543 3964 annus
562 3905 681 3982 adstitit,
695 3920 721 3965 et
745 3908 843 3966 medici
857 3929 892 3968 .se
945 3902 1222 3985 ούδείςτῇοιοιτωδύνῳ
1237 3904 1403 3985 παρίστατο·
1424 3905 1573 3964 δωδέκατον
1588 3905 1644 3975 ἔτος
1663 3911 1716 3988 ἦρι·

14 4869 39 4915 6.

1 4806 57 4850 ιη,
68 4803 91 4851 ς,
100 4803 140 4868 4⁵·
151 4799 180 4840 se
196 4799 248 4837 non
265 4777 355 4837 latere.
369 4779 444 4851 Quid
458 4780 529 4838 enim
543 4782 580 4840 ait
595 4783 743 4842 Servatur?
762 4787 833 4863 Quis
846 4799 890 4845 est
948 4772 1014 4839 elren
1029 4778 1124 4858 νομίσῃ
1146 4779 1194 4850 τὴν
1213 4778 1336 4849 τοιαύτην
1356 4779 1555 4915 έπειθγείρησιν·
1568 4781 1618 4851 Τίς
1631 4787 1646 4842 ὁ

151 3983 237 4042 victos
260 3982 476 4044 confitebantur:
494 4006 563 4043 nono
586 4005 656 4044 anno
668 4031 676 4060 ‚
689 3986 759 4045 hanc
782 4009 892 4068 prorsus
946 3989 1055 4061 θμεῖτο,
1069 3984 1115 4042 καί
1129 3986 1217 4063 παρῆν
1236 3987 1250 4042 ὁ
1271 3989 1324 4043 τῶν
1338 3987 1429 4063 ψυχῶν
1443 3987 1486 4044 ίατ
1505 3985 1532 4051 ’ς
1546 3990 1575 4046 ἐν
1589 3991 1622 4059 τῆ
1641 3985 1714 4066 leyd-

150 4060 316 4143 desperatam
333 4063 529 4142 relinquentes,
545 4064 688 4124 abierunt:
704 4065 824 4126 decimus
842 4089 892 4126 an·
946 4086 979 4143 τῃ
993 4061 1060 4144 ὥρᾳ,
1079 4065 1133 4145 ἁφῇ
1148 4062 1194 4121 νισιδ
1206 4062 1278 4142 λύγιμ
1291 4063 1336 4121 ml
1355 4064 1444 4123 πίστει
1465 4008 1518 4130 tii
1526 4054 1620 4133 νύσσυς
1639 4055 1716 4144 δύμε-

151 4161 202 4200 nus
213 4141 458 4224 appropinquavit,
469 4157 560 4202 eterat
573 4144 672 4203 mulier
686 4159 743 4205 tum
758 4146 892 4206 iaettltati·
945 4166 996 4210 νος.
1010 4140 1104 4224 Τούτῳ
1128 4149 1308 4223 συντυχοῦσα,
1322 4142 1368 4201 καί
1381 4141 1412 4200 τὸ
1425 4142 1523 4220 μέλλον
1545 4143 1714 4215 πιστεύσασα,

150 4220 203 4280 bus
226 4236 283 4280 tum
311 4223 424 4282 sanitate
449 4245 558 4304 prorsus
581 4223 709 4283 destituta
727 4225 892 4286 :undecimo
946 4222 1039 4282 έλαύεν
1053 4221 1122 4305 ὅπερ,
1132 4220 1240 4292 ἤθελεν·
1256 4225 1314 4282 ἀλλ’
1335 4222 1443 4302 ἔτρεμεν
1458 4224 1543 4281 είδυῑα
1567 4223 1659 4306 ύτιπερ
1673 4228 1714 4285 σία

150 4320 220 4361 anno
234 4323 366 4382 oppressa
381 4302 521 4363 doloribus
535 4304 626 4363 nullus
647 4304 752 4365 adstitit
774 4305 890 4386 opitula-
948 4301 1049 4361 flebit·
1061 4301 1158 4381 Τύγύμ
1172 4325 1250 4381 φησιν
1262 4304 1276 4359 ὅ
1289 4301 1397 4379 sutrim
1412 4299 1462 4369 Ti<
1475 4308 1489 4361 δ
1503 4302 1640 4383 ύύύμιενύς
1655 4326 1713 4382 pou,

151 4395 202 4445 tor.
219 4382 403 4443 Duodecimus
419 4404 506 4442 annus
524 4383 892 4457 numerabatur,ctanima-
946 4386 958 4441 ί
982 4381 990 4406 *
1020 4380 1071 4462 γδρ
1093 4382 1174 4461 ἔγνων
1190 4379 1299 4458 δύνομιν
1321 4381 1475 4450 ἕξεδθοῧοοιν
1499 4385 1547 4441 ἀπ’
1575 4385 1712 4462 ύμοῦιθδε

151 4483 213 4520 rum
228 4461 347 4521 medicus
360 4463 387 4522 in
402 4463 498 4522 ultima
512 4464 577 4522 hora
590 4462 694 4540 adluit,
706 4479 778 4524 tactu
792 4480 818 4525 et
830 4487 891 4525 ver·
945 4406 1012 4531 sirii,
1026 4461 1065 4528 τίς
1088 4466 1104 4532 ἡ
1121 4461 1244 4540 ἇύοιμύνη
1261 4483 1310 4539 μου
1323 4506 1331 4535 ν
1345 4461 1389 4519 ίνοι
1406 4460 1442 4537 μή
1467 4483 1524 4528 οτως
1547 4467 1572 4524 ol
1596 4463 1712 4543 παρόντος

150 4541 226 4599 boet
244 4539 297 4599 fide
315 4544 422 4600 morbos
439 4564 544 4603 sanans.
561 4545 589 4602 ln
605 4544 677 4603 lmnc
691 4545 812 4606 incidens
833 4568 891 4605 mu·
946 4545 983 4607 εἷς
996 4540 1143 4620 σἰμφύύολον
1157 4540 1268 4612 ζήτησιν
1284 4540 1391 4619 γονούου
1406 4539 1516 4608 ἑαυτούς
1528 4543 1712 4622 ἄπασχολύσιν

149 4619 217 4694 lier,
229 4619 354 4697 quodque
365 4622 488 4680 futurum
504 4638 560 4682 erat
572 4623 701 4695 credens,
719 4624 746 4683 id
758 4624 832 4705 qnod
845 4624 891 4685 de·
911 4659 928 4704 F
946 4643 1003 4680 otu·
1022 4619 1082 4680 ἀλλ’
1099 4610 1155 4680 elne
1169 4665 1176 4693 ,
1191 4620 1240 4686 Tit
1263 4625 1276 4680 δ
1300 4619 1432 4700 ἁψάμενός
1447 4641 1517 4699 μου,
1544 4626 1571 4682 ἓν
1599 4621 1713 4703 μετεύμμ

150 4698 286 4760 siderabat
299 4714 439 4778 assequuta
451 4714 500 4759 est.
515 4701 641 4762 Tremuit
657 4726 720 4762 vero
734 4727 795 4764 eutn
811 4705 889 4764 sciret
947 4699 1115 4760 καταλείπων
1129 4698 1179 4772 τὴν
1195 4699 1297 4778 φωνὴν,
1311 4699 1354 4758 ίνσ
1372 4697 1483 4768 ἕκαστος
1497 4702 1600 4762 ύοιούων
1610 4745 1619 4773 ,
1630 4699 1712 4802 tvtplr

151 4862 204 4938 qui
217 4862 467 4938 metetigr't?num
481 4880 533 4937 ego
552 4872 618 4920 πουι·
639 4867 777 4923 virtutem
791 4865 827 4923 de
847 4859 1024 4947 memntvo't
1047 4882 1114 4936 μοο;
1131 4859 1182 4934 ἐγὼ
1216 4857 1250 4942 δερ
1268 4857 1378 4934 δύναμιν
1415 4882 1484 4936 Υνοιν
1505 4859 1659 4929 ἕξελθοῧσσν
1706 4860 1713 4883 ’

152 4942 262 4999 exiisse.
282 4940 342 4997 Non
363 4937 451 5010 dixit,
467 4937 535 5009 Quae
549 4954 588 4998 est
622 4963 661 4999 ατε
677 4964 720 5002 me
732 4943 846 5034 tetigit?
858 4966 892 5004 ne
911 4966 930 5012 Α
947 4943 1026 5017 ἐμοῦ.
1044 4939 1080 4998 'l'i
1093 4937 1188 5016 λε’γεις,
1202 4963 1224 4997 ω
1239 4936 1382 5008 Λὲοιτοτοι;
1398 4939 1433 5004 εἷς
1447 4937 1478 4997 τδ
1492 4941 1626 5000 συλᾶσθαι
1636 4939 1713 5001 ‘ciel

150 5017 279 5096 ίοιιεηιιί
294 5016 405 5081 aderaut
420 5017 544 5076 indubia
560 4963 680 5078 mulieris
701 5023 892 5102 perquisitione
948 5019 1150 5100 πυρσγὲγσνσςς
1168 5022 1204 5084 εἷς
1223 5016 1345 5101 ύρπαγλν
1360 5015 1448 5076 ’θέλων
1469 5026 1525 5086 τοῖς
1551 5027 1656 5088 πιστοῖς
1673 5017 1715 5093 ele

151 5118 180 5156 se
193 5111 372 5178 occuparent3
385 5097 432 5157 sed
452 5096 539 5171 dixit,
555 5101 626 5177 Quis
643 5108 750 5181 estqui
769 5126 814 5162 me
829 5109 892 5163 teti·
950 5099 1085 5178 βασιλείαν
1097 5097 1264 5178 προέθηκαςς
1288 5097 1404 5165 καὶπῶς
1424 5099 1526 5178 ἐρωτᾷς
1548 5099 1563 5159 ὃ
1579 5091 1662 5172 σίδας,
1673 5098 1715 5159 καί

175 5179 219 5234 t?
236 5176 361 5238 indubio
376 5199 468 5238 rocem
484 5177 655 5258 relinquens,
669 5193 698 5238 nt
712 5182 827 5262 quisque
840 5205 892 5242 ait·
950 5184 1034 5252 ζητεῖς
1048 5178 1062 5239 ὃ
1075 5181 1123 5237 οὐκ
1138 5179 1253 5254 ίγνοεῑς;
1262 5178 1297 5235 El
1308 5175 1346 5253 μοί
1361 5174 1442 5235 θύδιον
1459 5179 1582 5250 ἷνδύοιης
1594 5179 1646 5252 τίν
1657 5177 1718 5248 ύίιδ·

151 5197 228 5314 diens
241 5258 322 5317 talem
337 5271 462 5318 conatum
475 5277 531 5317 esse
549 5259 602 5318 viri
622 5259 799 5322 existimaret.
821 5264 893 5342 Quis
949 5264 1043 5320 θοῦσσν
1061 5257 1187 5333 δύναμιν,
1199 5255 1309 5337 ὤρειλες
1325 5257 1464 5362 ἐπισχεῖν·
1489 5261 1513 5317 εί
1536 5256 1567 5317 δὲ
1590 5258 1720 5339 βωληδιίι

154 5347 197 5392 est
212 5339 262 5413 qui
274 5358 320 5397 me
334 5340 449 5415 tetigit?
467 5358 535 5397 nam
555 5359 607 5419 ego
622 5344 689 5398 novi
703 5344 842 5401 virtutem
857 5344 893 5400 de
950 5340 1085 5412 ίσυλίδης,
1098 5337 1124 5396 τί
1138 5334 1317 5416 δυσχεραίνεις
1331 5335 1416 5402 διδους
1434 5335 1505 5417 ὅπερ
1518 5341 1537 5409 ἡ
1551 5337 1641 5407 πίστις
1652 5336 1719 5419 erpi
