3714 5970
130 472 200 532 262

128 619 224 679 socrat,
243 601 361 665 neultra
381 613 457 662 curet
471 600 616 663 bortatur:
633 622 662 662 se
681 598 753 661 enim
767 599 872 659 Teren·

128 701 199 760 tium
217 698 407 780 presbyterum
421 695 527 756 misisse
537 693 572 753 ad
585 693 725 766 Otreium,
740 690 871 751 Arabissae

128 791 298 873 episcopum,
317 788 366 867 qui
381 789 483 849 multas
503 808 535 847 ac
555 785 666 846 minime
678 784 776 844 dubias
794 782 870 843 Reli·

128 881 207 962 quias
221 881 348 954 babebat,
360 899 427 959 quas
441 880 534 962 paucis
545 893 635 961 postea
646 878 743 938 dicbus
753 878 781 936 in
791 876 872 936 Pboe-

129 973 228 1034 niciam
241 974 293 1056 ipsi
307 974 441 1035 missurus
450 986 516 1032 erat.

170 1069 202 1127 In
217 1068 330 1149 epistola
348 1083 456 1146 quoque
475 1064 514 1124 28
533 1061 568 1122 ad
584 1060 715 1121 Basilium
731 1059 871 1140 presbyte-

130 1180 204 1245 rum,
218 1159 287 1219 dicit
303 1160 392 1232 illum,
410 1178 490 1237 quern
504 1155 539 1214 de
552 1155 619 1214 tacte
632 1175 779 1232 numquam
791 1152 871 1214 vide·

130 1265 181 1325 rat,
198 1250 328 1324 adversus
348 1250 459 1330 gentiles
475 1247 619 1322 decertare,
637 1261 667 1305 ut
683 1267 727 1306 eos
743 1245 780 1306 ad
797 1247 872 1307 viam

129 1342 253 1404 veritatis
265 1341 409 1402 deduceret
422 1365 428 1401 :
443 1353 536 1399 utrum
549 1353 639 1399 autem
651 1341 679 1397 in
692 1337 830 1397 Pboenicia
841 1337 873 1397 id

130 1448 230 1516 ageret,
243 1434 386 1515 incertum.
403 1432 482 1493 Prior
499 1431 541 1491 illi
555 1432 645 1491 literas
658 1430 731 1489 misit
748 1430 872 1514 Chryso-

131 1541 252 1603 stomus,
274 1527 383 1609 pietatis
403 1524 490 1607 ipsius
507 1524 576 1582 lama
596 1535 755 1595 commotus,
777 1521 874 1581 borta-

132 1633 233 1698 turque
243 1620 320 1679 illum
334 1632 363 1678 ut
377 1616 491 1678 subinde
504 1615 556 1676 sibi
566 1615 658 1675 literas
672 1615 772 1675 mittat.

174 1711 253 1771 Dixit
263 1731 346 1792 supra
359 1713 475 1772 Joannes
489 1707 616 1768 nostcrin
631 1706 711 1787 epist.
723 1704 757 1764 ad
770 1706 876 1766 Geron·
905 1751 908 1757 .

132 1802 201 1861 tium
216 1804 267 1874 st,
279 1823 308 1862 sc
322 1799 479 1861 Constantio
495 1798 652 1879 presbytero
661 1797 838 1871 commisisse,
845 1810 875 1856 ut

133 1892 177 1968 iis,
183 1894 231 1972 qui
239 1893 267 1952 in
275 1891 412 1952 Pboeuicia
423 1889 564 1970 gentilium
573 1889 769 1949 conversationi
775 1889 877 1947 dabant

133 2004 258 2066 operam,
290 1983 417 2066 pecunias
436 1980 544 2042 abunde
562 1980 757 2063 suppeditaret.
783 1983 877 2060 Neque

133 2077 253 2158 explicat
264 2076 303 2136 ibi
316 2098 370 2155 qua
380 2074 415 2135 de
427 2096 507 2134 causa
526 2075 710 2147 Constantius,
723 2074 772 2153 qui
786 2073 877 2154 Chry-

134 2170 245 2229 sostomi
264 2169 342 2229 lateri
356 2169 486 2239 herebat,
505 2167 533 2227 in
549 2167 609 2227 illas
622 2181 712 2250 partes
725 2168 776 2227 iter
789 2187 878 2251 susce·

135 2264 204 2342 perit
218 2285 225 2319 :
239 2282 335 2323 rerum
353 2262 381 2320 iu
395 2260 473 2341 epist.
494 2263 534 2320 62
555 2260 645 2335 Casto,
668 2259 788 2333 Valerio,
805 2259 877 2319 Dio-

5 2373 124 2417 erenum
134 2355 252 2436 phanto,
280 2368 306 2414 et
338 2353 470 2433 Cyriaco,
493 2352 659 2432 presbyteris
682 2351 875 2427 Antiochcnis,

15 2466 18 2469 ·
35 2435 99 2494 ⁵5¹⁰*
112 2447 227 2528 'ipsum
239 2444 408 2506 commendat
430 2456 460 2502 ut
478 2443 571 2521 inique
590 2456 720 2503 vexatum
738 2445 774 2503 ob
792 2442 879 2522 quod-

17 2504 112 2556 rysosto-

7 2560 109 2602 οωιιιω
136 2539 201 2599 dam
222 2535 346 2618 ignotum
369 2537 448 2596 nobis
469 2535 624 2614 negotium,
646 2549 824 2614 precaturque
847 2549 877 2595 ut

3 2627 85 2666 Μ’·
137 2644 241 2708 curent,
263 2650 295 2689 nc
312 2629 366 2687 buc
385 2642 465 2707 atque
485 2626 552 2686 illuc
575 2627 791 2705 circumagatur,
811 2649 879 2688 neve

137 2743 185 2804 per
197 2720 324 2803 judicum
337 2719 484 2779 tribunalia
497 2739 556 2778 eam
568 2717 604 2777 ob
618 2739 725 2778 causam
739 2719 874 2780 distraha-

136 2825 182 2871 tur
196 2825 275 2891 atque
289 2811 431 2883 laceretur,
446 2809 482 2868 ob
498 2829 580 2886 quam
593 2829 656 2868 eum
669 2811 769 2886 omari,
783 2832 815 2870 ac
828 2833 880 2893 pu·

136 2905 208 2965 blico
222 2902 356 2985 preconio
369 2902 498 2962 celebrari
508 2922 559 2981 par
571 2914 637 2963 erat.
650 2901 732 2964 lllum
746 2925 810 2964 vem
823 2907 880 2965 Cu-

4 3005 31 3069 ..12
137 3018 202 3057 cuso
218 2995 253 3055 ad
271 2994 341 3054 illud
357 2994 458 3075 negotii
477 2994 612 3076 proficisci
630 3015 682 3054 non
704 2996 743 3055 ita
761 3018 881 3057 necessa·

138 3088 211 3147 rium
226 3100 380 3169 putaverat,
402 3099 432 3145 ut
453 3085 482 3144 in
501 3085 581 3166 epist.
599 3088 640 3146 76
657 3085 692 3145 ad
712 3087 881 3148 Chalcidiam

138 3177 223 3251 dicit;
235 3190 261 3237 et
274 3177 395 3256 alioquin
409 3177 546 3236 metuebat
562 3197 596 3235 ne
615 3176 642 3236 in
654 3177 809 3238 Isaurorum
823 3201 883 3240 ma·

138 3290 189 3329 nus
201 3270 341 3333 incideret.
352 3268 493 3330 Chalcidis
507 3290 571 3329 vero
581 3283 608 3328 et
620 3270 774 3350 Asyncritia
786 3273 883 3352 inpar

1 3356 12 3369 ''
52 3365 55 3371 ’
138 3374 193 3422 tem
213 3384 411 3436 erumnarum,
429 3383 488 3441 quae
504 3348 665 3422 Constantio
686 3364 882 3436 inserebantur,

34 3468 40 3483 “
80 3530 85 3539 Ι
138 3455 293 3528 veniebant,
309 3455 441 3533 illumque
461 3453 521 3514 dire
539 3468 667 3513 vexatum
692 3455 811 3516 videntes
830 3455 883 3515 ad·

67 3590 71 3595 -
139 3547 251 3607 modum
267 3547 403 3608 dolebant.
423 3547 594 3628 Quapropter
609 3546 637 3604 in
655 3547 735 3627 epist.
757 3549 798 3608 60
810 3548 883 3630 ipsas

141 3640 302 3701 consolatur.

181 3731 268 3791 lsauri
282 3751 387 3812 semper
397 3730 457 3791 vias
470 3729 646 3810 regionesque
663 3730 765 3791 vicinas
776 3731 884 3792 infesta·

141 3822 221 3897 bant;
238 3822 282 3882 sed
296 3821 394 3880 hiemis
407 3835 526 3901 tempore
538 3820 686 3898 aliquando
699 3823 794 3882 saltem
808 3846 884 3885 rece-

142 3927 220 3993 ptum
241 3912 367 3972 habuisse
384 3912 522 3971 dicuntur.
541 3914 646 3972 Verum
664 3913 691 3971 in
707 3914 795 3975 bieme
816 3938 886 3994 quo-

142 4029 194 4087 que
207 4005 352 4085 aliqnando
366 4006 486 4087 erupisse
498 4006 590 4087 palam
603 4027 659 4065 esse
674 4006 783 4067 videtur
793 4030 827 4069 ex
839 4009 882 4079 iis,

142 4120 202 4177 quae
220 4099 248 4158 in
268 4119 333 4158 mox
351 4097 532 4157 memorandis
553 4098 672 4179 epistolis
691 4114 781 4159 narrat
802 4104 885 4163 Joan·

142 4213 189 4252 nes
203 4204 301 4252 noster.
319 4190 363 4251 ud
378 4190 508 4272 Alpbium
523 4190 642 4250 scribens
655 4191 735 4272 epist.
747 4194 796 4267 55,
806 4192 883 4267 dicit,

143 4305 171 4344 se
190 4286 231 4344 illi
252 4283 351 4365 saepius
369 4282 533 4369 scripturum
556 4283 652 4359 fuisse,
678 4284 730 4343 nisi
755 4285 840 4345 hiems
860 4299 886 4346 et

143 4378 303 4459 predonum
319 4377 435 4458 impetus
446 4377 505 4438 uias
519 4376 626 4436 infestas
641 4377 774 4441 redderet.
789 4381 886 4440 Narrat

143 4492 208 4530 vero
230 4471 361 4551 tllpbium
376 4469 494 4529 amicitia
507 4469 756 4550 conjunctissimum
773 4470 825 4529 sibi
838 4471 887 4532 do·

144 4581 179 4621 na
194 4549 374 4636 misissessed
392 4560 461 4620 nihil
478 4582 506 4620 se
522 4561 667 4641 recepisse,
683 4582 745 4620 eum
758 4563 828 4622 enim
839 4564 888 4641 qui

145 4654 274 4713 afferebat
289 4667 361 4712 metu
375 4653 533 4733 predonum
550 4653 645 4736 pedem
661 4655 784 4714 retulisse
801 4681 808 4714 ε
827 4679 888 4718 mo·

146 4758 244 4822 netque
262 4744 340 4802 illurn
360 4757 390 4801 ut
409 4765 425 4801 a
446 4745 585 4803 mittendis
605 4744 683 4804 donis
697 4747 828 4807 abstineat
834 4772 843 4825 3
861 4770 889 4809 se

147 4837 219 4894 enirn
240 4834 388 4914 ingentium
407 4834 540 4894 donorum
558 4835 616 4895 loco
640 4839 699 4916 ejus
712 4841 843 4900 sinceram
864 4855 890 4900 et

148 4927 284 4986 ardentem
299 4925 509 4986 benevolentiam
524 4927 633 4987 babere.
652 4930 756 4992 Eadem
767 4934 822 4993 lere
832 4934 891 5014 ipsa

148 5109 207 5184 dat,
222 5110 296 5188 quod
309 5131 364 5181 eos,
379 5109 426 5190 qui
440 5131 502 5169 cum
516 5110 613 5190 pietate
628 5110 760 5191 viverent,
774 5137 892 5176 recreare

150 5202 278 5277 studeret,
288 5202 443 5279 ἀναπαύειν,
460 5201 489 5263 id
507 5215 556 5279 est,
569 5202 727 5265 muneribus
739 5210 797 5268 suis
810 5207 891 5288 quie·

150 5307 204 5353 tern
216 5294 271 5354 illis
283 5294 435 5359 conciliare.

593 477 624 526 s.
652 473 794 527 roaurus
819 467 1052 521 ceuraosrusu
1079 470 1175 536 vura,

968 594 1097 655 Monacbi
1114 593 1169 656 duo
1184 594 1316 657 Romulus
1333 608 1361 655 et
1374 593 1467 676 Byrus
1480 594 1509 654 in
1525 593 1680 656 sofitudinc

927 686 1072 769 degebant,
1084 702 1110 748 et
1125 688 1231 770 pietatis
1243 689 1314 748 lama
1325 686 1541 748 celebrabantur.
1558 688 1609 746 llis
1623 689 1676 748 mi·

928 780 963 842 sit
983 780 1192 862 Chrysostomus
1206 780 1345 863 epistolam
1363 781 1413 851 56,
1433 801 1535 860 quase
1551 800 1676 839 summo·

928 894 992 954 pere
1006 872 1154 953 efflagitare
1169 871 1245 948 dicit,
1265 886 1295 933 ut
1316 872 1368 954 ipsi
1390 873 1530 933 Cucusum
1551 872 1675 948 veniant,

928 977 1026 1023 uttam
1037 964 1177 1046 religiosos
1190 963 1262 1026 viros
1275 965 1341 1046 ipsis
1350 965 1436 1025 oculis
1446 965 1604 1045 conspicere
1617 987 1678 1045 pos·

928 1056 975 1117 sit.
991 1056 1064 1129 Quia
1076 1079 1141 1120 vero
1154 1073 1212 1119 tum
1227 1057 1263 1117 ob
1275 1057 1378 1118 itineris
1392 1055 1606 1137 longitudinem,
1616 1070 1676 1117 tum

928 1149 965 1208 ob
977 1148 1075 1209 hiemis
1091 1163 1209 1232 tempus,
1228 1163 1286 1209 tum
1304 1149 1341 1209 ob
1355 1150 1512 1209 Isaurorum
1526 1163 1634 1209 metum
1648 1149 1678 1210 id

929 1241 1041 1301 minime
1055 1241 1163 1319 licebat,
1179 1241 1265 1302 literis
1280 1261 1357 1301 suam
1369 1261 1432 1322 erga
1448 1261 1494 1300 eos
1508 1240 1678 1300 muclen-

929 1334 996 1394 tiam
1009 1334 1097 1396 voluit
1109 1334 1256 1409 testificari,
1270 1333 1444 1411 hortaturque
1453 1333 1517 1393 illos
1528 1345 1559 1391 ut
1568 1331 1627 1391 sibi
1638 1352 1680 1391 re-

931 1424 1050 1486 scribant
1063 1440 1088 1486 et
1099 1426 1133 1486 de
1145 1427 1230 1486 salute
1241 1447 1289 1486 sua
1302 1424 1440 1484 certiorem
1451 1445 1480 1484 se
1491 1424 1605 1484 iaciant.
1619 1423 1681 1505 ltp-

931 1518 1007 1598 patio
1018 1519 1098 1577 etiam
1108 1518 1264 1600 presbytero
1276 1515 1433 1578 venerande
1447 1517 1534 1577 etatis
1542 1517 1607 1577 viro
1615 1517 1681 1577 scri·

932 1609 987 1690 psit
1000 1609 1077 1690 epist.
1095 1612 1147 1683 9⁷,
1160 1631 1213 1689 qua
1230 1609 1308 1670 iilum
1321 1609 1349 1669 iu
1363 1609 1491 1670 aerumnis
1504 1608 1677 1670 consolatur.

933 1701 988 1764 Sed
1002 1701 1150 1783 longiorem
1168 1702 1254 1763 eidem
1271 1702 1345 1762 misit
1362 1701 1439 1782 epist.
1454 1699 1526 1773 180,
1546 1714 1576 1760 et
1594 1722 1680 1780 qun

930 1796 988 1877 jam
1006 1794 1036 1855 in
1056 1797 1117 1857 aliis
1131 1795 1218 1855 literis
1230 1793 1398 1870 laudaverat,
1417 1793 1464 1853 hic
1478 1813 1592 1873 quoque
1604 1795 1680 1855 cele-

933 1889 1005 1966 brat,
1018 1887 1092 1969 quod
1112 1889 1141 1948 in
1154 1901 1227 1947 taum
1241 1900 1373 1947 senectute
1386 1887 1522 1969 populum
1534 1886 1681 1968 religionis

933 2001 1013 2041 causa
1026 1994 1156 2042 vexatum
1169 1980 1270 2049 foveret
1284 1993 1311 2040 et
1323 1979 1495 2040 confirmaret
1511 2003 1519 2037 a
1533 2000 1618 2060 seque
1630 1980 1680 2041 di·

933 2075 971 2134 cit
985 2074 1085 2156 sepius
1095 2072 1148 2155 ipsi
1168 2072 1332 2153 scripturum
1343 2072 1434 2147 luisse,
1447 2071 1501 2131 nisi
1511 2084 1574 2131 tum
1584 2071 1680 2132 biber·

934 2186 1001 2225 num
1020 2178 1139 2246 tempus,
1163 2176 1222 2222 tum
1240 2161 1398 2242 predonum
1417 2175 1506 2222 metus
1527 2161 1676 2222 obessent:

933 2258 1109 2319 diaconorum
1129 2256 1211 2315 etiam
1235 2254 1347 2314 Eusebii
1367 2267 1395 2313 et
1416 2253 1608 2334 Lamprotati,
1628 2254 1677 2334 qui

933 2372 1115 2413 erumnarum
1128 2349 1241 2432 Hypatii
1254 2361 1387 2408 consortes
1406 2358 1493 2419 erant,
1511 2346 1678 2407 mentionem

932 2448 1008 2507 lacit.
1033 2444 1140 2505 Danieli
1166 2461 1271 2522 quoque
1287 2439 1442 2521 presbytero
1466 2437 1580 2520 scripsit
1594 2439 1677 2520 epist.

933 2541 992 2599 199
1006 2561 1012 2594 ε
1026 2558 1106 2618 quem
1117 2536 1211 2596 laudat
1219 2548 1246 2593 et
1257 2530 1403 2592 admodum
1415 2530 1563 2591 celebrata
1575 2531 1680 2613 patien-

932 2631 980 2705 tia,
993 2627 1159 2702 fortitudine,
1173 2624 1298 2706 loquendi
1311 2624 1444 2699 libertate,
1457 2644 1540 2704 quam
1556 2643 1623 2683 cum
1636 2645 1681 2684 so·

934 2725 983 2785 ciis
991 2724 1047 2783 suis
1056 2721 1183 2781 exhibere
1191 2740 1243 2779 non
1254 2716 1514 2796 desinebat,sibique
1521 2718 1562 2777 ait
1576 2718 1605 2776 in
1615 2717 1683 2800 bye-

935 2837 979 2877 me
997 2814 1116 2876 versanti
1133 2834 1164 2873 ac
1181 2810 1356 2895 predonibus
1370 2824 1467 2870 vexato
1486 2810 1609 2871 scribere
1629 2831 1685 2872 nou

935 2906 1048 2968 desinat.

976 3000 1034 3058 Hac
1045 2999 1116 3081 ipsa,
1136 3013 1166 3057 ut
1180 3009 1300 3080 putatur,
1309 2993 1406 3075 hyeme
1419 2993 1565 3073 epistolam
1577 2994 1682 3076 accepit

932 3092 1073 3153 'Theodoti
1088 3092 1204 3164 diaconi,
1222 3091 1270 3170 qui
1286 3109 1457 3167 summopere
1472 3086 1554 3146 illum
1568 3088 1688 3149 inrisere

938 3196 964 3242 et
988 3182 1125 3244 cucusum
1147 3179 1281 3264 proficisci
1302 3177 1441 3259 cupiebat,
1463 3177 1511 3237 sed
1535 3177 1688 3239 hibernum

939 3286 1044 3355 tempus
1054 3289 1080 3334 et
1089 3272 1257 3354 negotiorum
1267 3271 1415 3331 difficultas
1424 3269 1623 3352 impedimento
1633 3270 1690 3333 iue'·

939 3381 1008 3426 rant.
1025 3367 1095 3428 Huic
1109 3366 1248 3447 epistolam
1266 3365 1313 3423 ille
1326 3363 1400 3422 misit
1419 3364 1469 3437 di,
1490 3376 1579 3442 utque
1593 3364 1690 3424 suase·

939 3474 981 3519 rat
993 3460 1044 3541 ipsi
1054 3458 1224 3530 Theodotus,
1232 3453 1267 3517 ad
1277 3455 1409 3538 plurimos
1417 3454 1486 3514 alios
1495 3453 1689 3535 scripsit3non

940 3566 1031 3612 autem
1050 3550 1086 3611 ad
1106 3550 1266 3626 Carteriam,
1295 3568 1376 3626 quam
1396 3546 1499 3605 ceteris
1521 3546 1689 3627 adjunxerat

940 3642 1116 3718 Theodotus,
1136 3643 1200 3722 quia
1226 3661 1313 3721 nuper
1333 3639 1385 3720 ipsi
1404 3639 1497 3698 literas
1514 3640 1642 3712 miserat,
1662 3650 1688 3699 et

942 3736 1006 3814 quia
1020 3734 1151 3794 didicerat
1167 3733 1240 3793 illam
1255 3734 1363 3815 longam
1383 3731 1474 3792 iniisse
1488 3732 1687 3813 peregrinatio-

942 3850 1020 3905 nem,
1034 3840 1209 3907 precaturque
1217 3825 1389 3886 Theodotum
1399 3837 1430 3883 ut
1439 3823 1652 3884 Marcellianum
1661 3837 1686 3884 et

943 3921 1051 3979 fratrem
1065 3917 1214 3988 conveniat,
1233 3932 1258 3976 et
1277 3939 1339 3976 cum
1352 3916 1407 3976 illis
1419 3930 1493 3996 agat,
1509 3928 1553 3989 nt,
1568 3917 1593 3976 si
1603 3936 1687 3996 quan·

942 4011 978 4071 do
992 4011 1120 4071 Carteriae
1134 4009 1262 4084 scribant,
1280 4030 1308 4069 se
1321 4008 1394 4089 apud
1412 4008 1489 4067 illam
1506 4023 1638 4088 purgent,
1656 4020 1685 4067 ut

943 4105 1054 4182 quinon
1068 4124 1116 4183 per
1127 4101 1315 4181 negligentiam
1328 4100 1451 4160 tacuerit.
1466 4099 1561 4181 Epist.
1574 4121 1639 4161 vero
1648 4102 1685 4160 ib

944 4196 977 4255 ad
991 4195 1147 4255 bassianam
1159 4194 1241 4267 misit,
1251 4214 1333 4272 quam
1342 4193 1432 4270 arguit
1444 4192 1519 4269 quod
1532 4192 1588 4252 sibi
1599 4192 1684 4253 literas

944 4308 996 4348 non
1013 4287 1111 4362 mittat,
1123 4286 1196 4364 quod
1214 4300 1301 4344 tamen
1313 4285 1390 4344 facile
1405 4284 1499 4364 possit,
1512 4305 1579 4344 cum
1594 4299 1683 4366 presto

943 4378 1042 4437 babeat
1053 4377 1227 4437 Theodotum
1238 4377 1394 4451 diaconum,
1406 4375 1453 4454 qui
1468 4375 1598 4436 mittendi
1608 4377 1683 4437 iacul-

942 4486 1025 4532 tatem
1037 4471 1102 4531 dare
1112 4470 1205 4552 possit.
1595 4515 1599 4527 .

986 4565 1042 4623 Hoc
1060 4564 1118 4644 ipso
1133 4583 1203 4621 anno
1221 4561 1299 4642 epist.
1321 4560 1379 4622 tt8
1393 4560 1467 4621 misit
1487 4562 1521 4621 ad
1536 4563 1682 4644 episcopos,

944 4653 1101 4734 Cyriacum,
1126 4651 1306 4724 Demetrium,
1331 4648 1503 4725 Palladium,
1525 4651 1681 4733 Eulysium,

944 4746 991 4824 qui
1006 4747 1120 4804 Romam
1135 4743 1319 4822 confugerant,
1334 4756 1360 4803 et
1370 4741 1405 4802 de
1416 4743 1516 4821 quibus
1533 4763 1601 4803 mox
1615 4763 1686 4802 meu·

945 4840 982 4898 tio
997 4837 1150 4898 habebitur.
1166 4836 1221 4896 llos
1233 4857 1297 4894 vcro
1310 4835 1401 4895 beatos
1413 4848 1439 4894 et
1450 4848 1491 4894 ter
1502 4836 1597 4895 beatos
1609 4834 1686 4909 dicit,

945 4930 981 4991 ob
1001 4930 1122 5002 sudores,
1140 4949 1283 4998 erumnas,
1303 4928 1409 4987 labores
1428 4941 1454 4986 et
1474 4929 1610 5008 pericula,
1630 4946 1687 5006 que

100 5049 138 5088 ιιι
149 5017 221 5078 dixit
233 5020 260 5077 in
274 5040 318 5100 θρ.
333 5019 373 5079 49
384 5018 419 5077 ad
434 5017 557 5077 eumdem
573 5019 714 5112 Alpbium,
730 5045 811 5102 quem
827 5025 891 5084 lau·
945 5044 996 5103 pro
1011 5022 1137 5081 omnibus
1151 5020 1225 5080 orbis
1242 5020 1369 5080 Ecclesiis
1389 5020 1529 5080 subierant
1547 5046 1555 5079 ε
1579 5043 1635 5101 qua
1653 5019 1689 5079 de

946 5136 1026 5175 causa
1040 5116 1120 5175 etiam
1136 5114 1172 5172 ab
1186 5112 1320 5172 universis
1336 5133 1408 5172 sanae
1422 5114 1521 5173 mentis
1534 5112 1692 5174 bominibus

946 5207 1158 5279 celebrabantur,
1174 5219 1201 5264 ct
1213 5205 1332 5286 amplam
1349 5225 1366 5263 a
1379 5206 1437 5264 Deo
1450 5205 1604 5266 mercedem
1617 5216 1692 5266 eraut

946 5299 1091 5382 accepturi.
1109 5298 1183 5360 Dicit
1197 5312 1288 5358 autem
1301 5298 1449 5379 Cyriacum
1467 5296 1630 5376 diaconum,
1648 5298 1695 5380 qui
