3714 5970
1621 437 1694 507 ahs

505 446 579 511 QUAE
605 447 640 495 ΙΝ
666 447 827 497 ornattttts
853 448 1085 511 cttursostottt
1112 454 1367 503 ossuavattrtttt.

142 567 257 646 legitur,
270 568 317 630 καὶ
340 577 395 638 τοῖς
414 569 519 633 σκεύεσι
536 572 705 654 προσέδραμε
725 582 779 643 τοῖς
800 578 892 655 ἱεροῖς,
987 580 1119 655 Cognatos
1134 580 1237 639 Christi
1248 581 1419 660 Desposynos
1437 578 1586 660 appellatos
1604 582 1690 641 nudto

143 681 206 740 quae
227 660 252 720 si
276 660 316 721 ad
337 662 445 723 literam
471 665 678 746 intelliguntur,
702 668 742 727 sic
765 667 894 731 vertenda
947 681 1068 749 tempore
1083 671 1254 732 admirationi
1275 672 1357 730 luisse
1372 669 1630 751 dicit‚illorumque
1647 687 1691 733 ta·

144 767 229 823 sunt,
244 755 328 813 etad
345 776 516 817 sacrauesa
534 761 677 842 confugit.
694 758 747 821 Sed
761 760 824 839 quia
837 761 894 820 haec
948 780 1008 818 men
1030 762 1136 820 nomina
1151 762 1262 844 propria
1284 761 1413 842 ignorari.
1429 762 1563 822 Eusebius
1584 784 1691 842 quoque

144 845 181 903 ad
206 845 315 904 literam
342 846 501 928 accipienda
528 869 583 909 uon
607 849 756 927 videntur,
778 865 806 910 et
830 852 894 930 quia
947 851 1018 912 libro
1042 856 1054 912 l
1079 854 1155 916 Eecl.
1177 857 1216 914 ait
1240 869 1366 935 cognatos
1386 855 1489 916 Christi
1517 858 1690 938 Desposynos

144 942 360 1018 chrysostomus
380 941 462 1020 paulo
479 955 584 1021 postca,
598 943 639 1002 ὅτι
657 944 734 1004 αὐτὸν
751 944 894 1023 ἐδεξάμεθα
947 958 1114 1024 nuncupatos
1123 946 1214 1006 luisse.

144 1035 183 1113 τῷ
201 1032 320 1110 βήματι,
334 1036 430 1112 ipsum
449 1037 482 1092 in
503 1042 635 1093 sacrario
654 1041 833 1117 excepimus,
847 1058 893 1095 seu
986 1035 1104 1099 Humilia
1119 1039 1154 1097 11
1173 1041 1200 1097 in
1216 1042 1284 1099 heta
1303 1039 1491 1119 Apostolorum
1517 1061 1574 1100 rem
1599 1053 1841 1113 narratrqpaae.

143 1123 173 1183 in
198 1124 261 1183 loco
280 1124 347 1185 solis
368 1125 556 1187 sacerdotibus
580 1125 733 1201 destinato,
743 1129 798 1189 alio
811 1128 894 1189 modo
946 1127 1121 1206 singularem.
1136 1130 1229 1191 «Erat
1242 1130 1352 1191 cuidam
1366 1131 1548 1212 predium,in
1565 1154 1619 1211 quo
1642 1155 1689 1197 oc·
1700 1135 1721 1163 ⁰·
1734 1120 1814 1178 ³¹7³

144 1237 188 1276 res
219 1216 384 1298 explicanda
412 1218 532 1280 videtur.
558 1219 651 1295 Quaeri
682 1234 772 1280 autem
806 1234 894 1302 posset
946 1219 1034 1280 cultus
1057 1223 1200 1283 thesaurus
1218 1236 1392 1282 eratsemtor
1414 1243 1493 1296 vero,
1507 1245 1569 1284 cum
1591 1239 1690 1286 terram

143 1325 240 1371 utrum
254 1327 379 1373 veterum
393 1334 467 1374 more
487 1314 522 1374 ad
536 1336 611 1375 aram
625 1317 764 1377 accesserit
776 1330 802 1376 et
818 1338 893 1376 aram
946 1312 1063 1390 foderet,
1081 1315 1237 1375 thesaurum
1259 1316 1336 1375 illum
1363 1316 1476 1377 invenit.
1492 1319 1532 1376 tte
1555 1333 1690 1400 comperta

143 1402 362 1484 tetigerit,quod
373 1426 425 1465 non
436 1404 511 1487 apud
519 1408 646 1488 profanos
657 1408 749 1485 modo,
758 1408 805 1468 sed
819 1408 893 1488 apud
947 1403 972 1463 is
984 1405 1032 1483 qui
1049 1407 1218 1477 vendiderat,
1230 1422 1358 1473 amtorem
1373 1408 1485 1488 cogebat
1493 1422 1526 1468 ut
1535 1409 1689 1471 thesaurum
1698 1423 1735 1462 ¹⁹2

144 1495 318 1557 Christianos
331 1498 412 1558 etiam
427 1498 456 1558 in
469 1520 519 1558 usu
532 1499 600 1576 suit,
609 1520 672 1559 rum
684 1502 747 1579 quis
761 1500 804 1561 vel
819 1521 894 1560 mor·

142 1602 170 1649 te
182 1589 372 1668 mulctandus,
385 1591 431 1652 vel
443 1590 473 1650 in
483 1612 616 1653 carcerem
631 1592 815 1674 conjiciendus
829 1615 895 1674 per·

142 1681 310 1761 ρώπων.
326 1684 429 1743 Verum
441 1683 501 1743 haec
513 1685 626 1763 quaestio
637 1706 690 1746 non
703 1686 771 1746 tanti
785 1707 842 1746 esse
855 1685 895 1747 vi·

143 1774 272 1851 detonet
285 1774 322 1835 de
333 1775 470 1858 Eutropio
479 1776 514 1837 iis
529 1799 590 1857 quae
604 1779 814 1860 chrysostomus
827 1799 894 1860 pro·

143 1865 225 1943 mlit,
242 1866 351 1928 nonnisi
364 1867 517 1930 divinando
536 1890 682 1951 possumus
691 1870 833 1953 quidpiam
847 1872 895 1933 ad·

140 1980 236 2042 yroere.

97 2062 133 2124 yt-
183 2050 264 2112 Dicit
282 2052 493 2135 Chrysostomus
504 2054 627 2119 llomilia
646 2058 687 2119 30
703 2055 730 2116 in
746 2058 892 2119 Genesim:

144 2168 161 2201 e
170 2146 305 2225 Magnam
320 2167 452 2207 vocamus
462 2147 733 2223 hebdomadam,non
748 2151 823 2229 quod
834 2153 893 2212 lon·

145 2236 236 2315 ςίοῐσι
249 2237 279 2298 in
294 2259 325 2298 ea
339 2238 394 2299 sint
405 2239 498 2318 borae;
514 2254 577 2300 sunt
589 2240 663 2300 enirn
672 2241 734 2301 aliae
746 2263 807 2321 quae
820 2246 894 2303 mul-

145 2342 175 2390 to
188 2332 307 2413 majores
319 2331 402 2391 horas
420 2331 529 2404 habent.
542 2355 557 2394 o
568 2332 655 2392 Horas
675 2347 766 2394 autem
780 2337 894 2416 majores

145 2437 174 2484 et
194 2425 315 2487 minores
336 2427 487 2487 necessario
507 2440 612 2486 veteres
637 2426 825 2502 admittebant,
845 2431 894 2510 qui

146 2514 219 2576 dian
238 2517 268 2577 in
285 2516 442 2593 duodecim,
456 2531 483 2579 et
505 2532 611 2578 noctem
630 2519 658 2578 in
679 2519 791 2580 totidem
804 2536 894 2602 partes

150 2629 196 2667 seu
212 2609 295 2670 horas
319 2609 474 2672 diviserunt
488 2634 496 2669 e
508 2610 582 2672 unde
599 2612 760 2691 sequebatur
780 2614 894 2682 diurnas

151 2698 265 2761 hiberno
281 2715 403 2784 tempore
419 2694 537 2764 minores
545 2749 555 2782 ,
568 2706 662 2765 estivo
676 2719 766 2766 autem
780 2712 895 2790 majores

155 2810 216 2851 esse.
238 2793 320 2854 Unde
342 2795 480 2857 Martialis
503 2797 526 2855 l.
548 2801 606 2877 12,
627 2798 712 2880 epigr.
734 2803 775 2879 l,
796 2800 893 2862 horam

946 1495 1080 1577 redderet,
1089 1499 1193 1575 dicens,
1202 1520 1231 1560 se
1243 1498 1379 1582 praedium
1387 1499 1552 1578 vendidisse,
1565 1522 1620 1563 non
1632 1502 1690 1564 the·

947 1611 1056 1651 sariram
1067 1593 1261 1668 :contendebat
1273 1592 1354 1668 alter,
1369 1615 1399 1653 se
1411 1593 1545 1676 prndium
1556 1614 1619 1657 cnm
1631 1594 1691 1656 the·

946 1703 1027 1743 sauro
1044 1683 1148 1744 emisso.
1160 1687 1212 1745 Res
1233 1685 1261 1744 in
1278 1685 1353 1746 litem
1375 1706 1454 1746 versa
1468 1698 1521 1763 est,
1535 1685 1584 1747 illo
1611 1684 1690 1748 reddi

947 1775 999 1836 sibi
1012 1778 1134 1855 volente,
1149 1777 1234 1839 altero
1249 1791 1373 1859 negante.
1388 1776 1542 1839 incidentes
1558 1792 1648 1840 autem
1663 1779 1691 1839 in
1716 1782 1719 1787 '

946 1867 1083 1929 bominem
1105 1869 1275 1952 quempiam,
1294 1869 1439 1950 litigabant
1455 1893 1464 1929 a
1480 1868 1633 1952 deindeque
1644 1869 1710 1931 in-.
1801 1870 1806 1915 ἰ
1851 1854 1854 1859 ’

946 1971 1118 2041 terrogarunt
1131 1956 1227 2039 illum,
1245 1961 1289 2021 cui
1300 1963 1411 2023 deberet
1426 1961 1570 2023 thesaurus
1581 1960 1695 2045 adjudi-
1768 2018 1784 2039 .-
1805 1950 1819 2037 ‚⁸

945 2053 1012 2114 cari.
1030 2054 1398 2129 lllererosc'ntentiamnon
1421 2050 1693 2130 tulit,sedselitem
1755 2050 1759 2057 ’
1834 2064 1838 2071 “

945 2145 1099 2206 soluturum
1120 2167 1193 2222 esse,
1207 2146 1230 2206 si
1247 2146 1390 2206 thesaurus
1414 2145 1466 2206 sibi
1490 2158 1617 2205 manna.
1632 2144 1693 2207 Illis

945 2256 1010 2298 vcro
1031 2238 1232 2315 annuentibus,
1255 2252 1365 2320 accepto
1396 2237 1521 2296 thesauro
1551 2237 1693 2297 innumera

947 2328 1047 2390 deinde
1056 2332 1128 2391 mala
1144 2339 1241 2414 passus
1255 2343 1295 2390 cst
1307 2353 1314 2390 :
1325 2343 1352 2390 ct
1364 2349 1394 2389 re
1406 2327 1505 2390 didicit
1513 2329 1574 2410 jure
1584 2327 1647 2389 illos
1657 2328 1693 2387 ab

946 2421 999 2482 hoc
1011 2422 1180 2484 abstinuisse.
1191 2430 1211 2479 's

986 2520 1043 2579 Nec
1057 2519 1158 2579 minus-
1173 2501 1375 2579 observhndnm
1391 2529 1433 2576 est
1452 2514 1526 2595 quod
1538 2516 1619 2575 relect
1631 2516 1720 2576 tto-r
1732 2527 1842 2589 apter..

948 2608 1057 2672 mitta
1071 2610 1099 2669 in
1119 2610 1208 2691 Epist.
1226 2607 1261 2669 ad
1282 2612 1427 2670 Romanos.
1441 2611 1534 2682 «Quae
1547 2607 1617 2667 cuim
1631 2592 1724 2667 anted·

947 2703 1048 2762 nemini
1074 2702 1215 2784 possibilia
1239 2702 1404 2762 videbantur
1427 2721 1507 2776 csse,
1531 2701 1690 2780 virginitas,

948 2795 1043 2856 mortis
1055 2808 1221 2869 contemtus,
1233 2793 1498 2875 compluresquealii
1511 2793 1624 2869 labores,
1634 2791 1691 2850 haec

948 2887 1050 2967 ubique
1067 2901 1200 2947 terrarum
1217 2887 1274 2968 jaan
1289 2900 1461 2968 prestantur,
1480 2907 1534 2946 uon
1548 2884 1623 2967 apud
1642 2906 1691 2944 nos

947 2992 1053 3040 tautum
1063 3026 1070 3050 ‚
1080 2978 1126 3040 sed
1138 2980 1218 3040 etiam
1230 2982 1305 3061 apud
1315 2979 1444 3060 Scythas,
1454 2977 1585 3050 Thraces,
1596 2975 1692 3052 Indos,

947 3075 1041 3134 Persas
1053 3120 1061 3150 ,
1073 3073 1193 3153 aliosque
1216 3073 1347 3134 barbaros
1369 3071 1485 3147 multos3
1503 3084 1530 3129 et
1553 3070 1690 3149 virginum

948 3166 1036 3245 chori,
1052 3179 1205 3247 martyrum
1220 3164 1337 3246 populi,
1356 3162 1550 3223 monachorum
1561 3162 1691 3222 sodalita-

222 3304 272 3358 lem
284 3321 335 3358 noa
346 3303 468 3358 hibernes
480 3304 518 3358 bis
529 3307 639 3375 quinque
649 3321 778 3377 peregerat
791 3310 874 3362 horas.
943 3258 1174 3429 Ξὶῐέἱῗωειῖω
1190 3269 1272 3332 sum'
1283 3276 1364 3334 quam
1378 3275 1471 3360 mim
1487 3275 1536 3333 qm
1557 3253 1691 3314 mummio

141 3462 174 3517 sq,
205 3433 330 3497 Hominem
350 3437 492 3521 τρ1πηχυν,
504 3439 685 3501 tricubitalem
692 3487 701 3516 ,
715 3457 792 3503 vocat
804 3445 898 3528 Chry·
987 3444 1086 3503 Contra
1095 3439 1508 3520 Christianosquosdamstylum
1519 3438 1591 3497 acuit
1600 3438 1690 3520 Chry·
1724 3448 1753 3493 Τ.
1770 3461 1806 3493 ιο.
1816 3464 1844 3509 ρ,

115 3528 167 3638 ¹337·
181 3541 291 3605 mnus,
303 3544 335 3590 ut
344 3531 428 3591 aiam
437 3533 627 3614 Ceographus
644 3536 668 3593 N
673 3535 792 3597 ubiensis
802 3536 831 3597 in
846 3540 896 3598 cli·
946 3547 1095 3612 sostomus,
1109 3532 1157 3612 qui
1172 3554 1187 3592 a
1201 3531 1360 3593 Manicbaeis
1377 3530 1498 3606 seducti,
1513 3544 1544 3589 ut
1559 3529 1667 3590 videtur
1680 3576 1689 3608 ,
1700 3521 1755 3572 ⁷¹⁷·
1768 3525 1790 3555 ²·

101 3648 102 3653 ¹
184 3624 309 3683 ratetertio
324 3623 471 3703 :alibique
491 3625 558 3686 dicit
578 3625 672 3686 doctor
690 3630 894 3703 noster,homo
946 3626 1037 3686 virilia
1061 3626 1114 3686 sibi
1138 3624 1408 3706 amputabantequa
1422 3620 1691 3685 consuetudotamen

143 3712 269 3804 ,qthspsir
286 3717 384 3797 πήχεις
401 3716 547 3790 θάπτεται,
561 3717 607 3779 καὶ
625 3718 706 3780 πλέον
717 3720 789 3783 οὐδέν
791 3767 802 3797 ,
815 3726 895 3782 intra
946 3741 999 3779 oon
1012 3718 1061 3778 diu
1075 3719 1195 3798 viguisse
1208 3715 1325 3777 videtur.
1338 3717 1397 3794 [De
1407 3736 1438 3775 ea
1450 3714 1511 3777 trid.
1530 3714 1687 3796 Christoph.

185 3809 329 3868 recubitor
342 3808 497 3888 sepelitur,
509 3830 562 3869 nec
573 3813 647 3889 quid
660 3812 751 3871 ultra.
946 3815 1076 3878 Justellus
1092 3813 1127 3873 ad
1143 3812 1247 3874 Concil.
1262 3812 1364 3872 Nicaeu.
1380 3832 1441 3871 can.
1457 3832 1480 3890 r,
1495 3831 1524 3892 p.
1539 3813 1591 3872 151
1612 3813 1692 3889 sqq-a]

135 3919 179 3977 ret.
209 3897 354 3982 babylonios
383 3915 411 3961 et
440 3903 510 3975 alios
533 3905 684 3965 Orientalcs
714 3927 787 3988 saepe
816 3921 894 3971 vocat
986 3908 1105 3967 lulantes
1118 3926 1208 3967 recens
1223 3905 1279 3964 nati
1293 3902 1464 3983 signaculum
1476 3903 1503 3961 in
1517 3903 1605 3964 fronte
1618 3908 1704 3963 asa·'
1725 3912 1753 3958 Τ.
1770 3925 1805 3959 ro.
1815 3930 1839 3975 ρ.

185 3983 375 4070 lhqsostomus
947 3998 1055 4059 cerdote
1067 3997 1245 4079 accipiebant.
1420 4062 1423 4067 ,
1702 3973 1787 4021 ¹⁰⁸⁴·

97 4146 104 4159 ,
149 4100 177 4165 iq,
207 4081 387 4166 Suspicabatur
402 4087 450 4148 ille
471 4087 554 4148 linem
570 4089 665 4149 mundi
679 4090 777 4151 instare
790 4106 816 4151 et
829 4115 894 4174 pro-
988 4091 1092 4151 Caelum
1105 4088 1345 4169 essesphaericnm,
1357 4101 1384 4148 et
1399 4100 1498 4148 terram
1512 4086 1691 4168 essesphaeri·
1716 4089 1747 4175 Τ·
1762 4101 1799 4195 ῐρ·
1813 4106 1836 4148 r·

183 4168 258 4238 tinum
270 4200 336 4240 esse.
351 4180 450 4240 Finem
467 4179 564 4241 mundi
577 4183 775 4263 praenuntiant,
789 4184 893 4264 inquit,
946 4207 1005 4262 eam
1026 4183 1140 4264 negabat
1160 4183 1369 4263 Chrysostomus
1382 4204 1388 4237 :
1400 4202 1454 4259 qua
1474 4179 1509 4239 de
1527 4201 1556 4239 re
1572 4178 1689 4240 videnda
1699 4163 1841 4275 1¹,f‘2'50JJ'

122 4245 396 4346 alwinaerumnae,
409 4286 486 4332 terrae
501 4287 590 4333 motus
600 4290 626 4335 ct
641 4276 772 4336 exstincta
786 4279 892 4342 caritas.
946 4292 1009 4339 suut
1019 4275 1211 4357 quaediximus
1219 4277 1248 4333 in
1256 4271 1415 4333 Preietionc
1423 4272 1459 4332 ad
1470 4274 1595 4331 Cosmam
1605 4271 1689 4352 AEgy-

97 4400 101 4436 :
181 4351 225 4418 bu
234 4383 309 4440 mam
318 4364 421 4424 Paulos
431 4364 629 4445 plenitudinem
640 4381 792 4448 temporum
804 4385 893 4447 vocat,
945 4371 1048 4452 ptium,
1061 4369 1108 4450 qui
1126 4367 1255 4439 adillam
1274 4365 1433 4426 sententiam
1451 4363 1577 4424 tuendam
1596 4364 1687 4423 locum

107 4530 110 4537 ¹
177 4441 357 4520 hannoiae
371 4457 500 4539 putabat3
511 4482 526 4515 e
538 4458 578 4518 Ita
589 4458 614 4518 si
626 4472 666 4521 tot
678 4482 813 4522 annorum
826 4485 894 4541 qua·
946 4462 1023 4521 ass'crt
1037 4458 1221 4540 Chrysostomi
1236 4478 1271 4517 ox
1285 4455 1483 4536 Commentario
1496 4455 1524 4515 in
1539 4455 1690 4536 Epistolam

97 4540 116 4623 a'y
180 4537 391 4626 lfitgmtesimum
405 4569 463 4623 esse
477 4548 798 4629 linemdixerimus,n0n
813 4555 893 4614 aber·
945 4553 982 4612 ad
997 4552 1134 4625 Hebraeos,
1147 4549 1374 4630 quemvidesisin
1393 4548 1466 4608 edito
1475 4547 1571 4608 Cosma
1581 4570 1609 4629 p.
1619 4547 1689 4608 528.

181 4632 282 4701 ednas.
294 4666 310 4699 a
318 4641 375 4704 Sed
385 4656 416 4703 ut
428 4645 457 4702 in
470 4644 662 4726 supputatione
675 4659 826 4729 temporum
839 4671 892 4709 non
945 4645 1130 4704 Plurimorum
1142 4642 1216 4702 enim
1224 4642 1337 4702 Patrum
1346 4654 1372 4701 et
1384 4641 1546 4723 scriptorum
1562 4642 1619 4702 haec
1629 4640 1693 4723 opi·

100 4724 111 4779 ⁶³
181 4721 340 4796 luculentus
353 4736 407 4796 tuit
424 4736 647 4820 Chrysostomus,
658 4738 699 4799 sic
711 4741 738 4798 in
752 4740 804 4800 bac
817 4764 892 4823 prae·
946 4738 992 4798 nio
1004 4737 1066 4796 fuit.

98 4856 108 4883 .-
183 4817 269 4888 dictione
287 4829 520 4911 longeaberrarit
534 4830 628 4911 :quod
644 4831 739 4893 multis
752 4832 815 4894 aliis
828 4856 896 4894 san-
988 4827 1138 4890 Antiochia
1154 4826 1387 4888 concionansdicit
1399 4827 1427 4888 in
1442 4839 1827 4908 moreessctrtmu-r.2„,197

104 4916 109 4933 ³
186 4916 415 5003 tlitririseontigit.
946 4923 1024 4987 lieres
1038 4936 1064 4983 et
1078 4920 1184 5003 parvuli
1198 4941 1213 4980 e
1231 4920 1302 4981 collo
1321 4921 1459 5000 evangelia
1482 4919 1719 5002 suspenderent*

161 2884 273 2947 &ram
285 2886 325 2957 sic
335 2902 544 2949 commemorat:

220 3031 285 3084 non
296 3047 344 3082 nec
355 3034 441 3084 estiva
454 3043 501 3099 est,
514 3048 561 3087 nec
572 3029 620 3083 tihi
633 3043 688 3084 tota
698 3033 782 3102 peric·

169 3156 287 3239 Virgilius
297 3174 409 3239 antem,
