3714 5970
628 529 716 580 nnnc
742 530 873 580 neruosi
900 528 1096 579 inensam.
1560 538 1623 607 ¹77

74 667 139 728 eset,
148 653 208 734 jam
224 665 290 713 teste
304 654 426 735 Georgio
438 653 620 716 Alexandrino
631 656 658 715 in
669 656 758 717 locum
770 659 820 717 Jo·
873 654 1027 717 concionem
1044 655 1208 736 longiorem:
1226 658 1254 717 in
1269 679 1321 736 qua
1336 656 1425 738 primo
1446 657 1614 719 Pharaonem

74 746 150 806 annis
168 744 206 803 ab
223 765 253 804 se
269 745 392 828 improbe
413 746 549 829 depositi,
563 747 649 807 alium
662 747 820 828 episcopum
872 747 1034 830 AEgyptium
1045 762 1182 829 comparat
1192 770 1255 809 cum
1267 750 1321 810 alio
1333 750 1473 831 AEgyptic,
1482 750 1529 828 qui
1539 751 1615 809 haud

73 839 256 902 destinaverat
269 854 297 899 et
311 839 513 912 nominaverat,
528 853 555 898 et
574 839 775 921 rescriptumea
786 837 821 898 de
872 840 957 899 dubie
974 852 1016 901 est
1035 838 1206 920 Theophilus
1227 840 1369 922 episcopus
1391 840 1614 912 Alexandrinus,

75 953 105 991 re
119 932 240 993 habebat
258 953 339 1014 penes
358 954 408 1010 se,
421 931 465 991 cui
479 932 693 1013 subscripserunt
708 932 820 1013 plurimi
872 933 994 1012 dicitque
1005 932 1094 992 inhac
1108 933 1236 994 Ecclesiae
1253 933 1404 993 calamitate
1420 934 1560 995 hereticos
1579 934 1615 993 ad

76 1023 368 1104 constantinopolitani
398 1024 528 1105 episcopi.
555 1028 589 1083 At
614 1045 670 1086 non
699 1024 821 1105 permisit
872 1024 955 1085 sidem
971 1026 1212 1100 couversosluisse,
1225 1025 1334 1088 Judaeos
1347 1027 1469 1087 meliores
1482 1028 1614 1101 evasisse,

77 1116 161 1187 Deus,
171 1116 332 1198 improbum
345 1116 504 1197 hujusmodi
514 1117 673 1198 rescriptum
688 1117 716 1178 in
732 1117 820 1176 lucem
872 1130 951 1196 atque
960 1116 1173 1179 adChristianos
1183 1121 1345 1196 accurrisse;
1358 1119 1385 1179 in
1396 1120 1553 1199 hujusmodi
1563 1143 1614 1179 arr-

75 1206 198 1286 pmdire.
307 1220 313 1227 “
871 1221 926 1269 tem
944 1210 1095 1269 calamitate
1114 1210 1304 1291 baptisterium
1326 1212 1457 1293 sanguine
1480 1214 1614 1294 repletum

10 1305 63 1354 ‚ts
111 1299 237 1378 Rogante
246 1300 338 1379 itaque
347 1298 485 1372 Eudoxio,
495 1303 645 1382 Imperator
658 1301 761 1382 legatos
769 1299 820 1359 mi·

71 1390 106 1449 sit
119 1391 168 1468 qui
180 1393 314 1452 Joanmm
327 1392 494 1467 reducerent,
508 1408 534 1452 et
546 1393 685 1454 civitatem
699 1394 820 1474 periculo

10 1470 38 1564 ’,ἶ
46 1458 62 1502 ¹²
72 1483 227 1542 liberarent.
239 1484 304 1544 Post
312 1484 362 1544 hos
373 1484 483 1543 secundi
497 1484 651 1561 missisunt,
662 1499 688 1544 et
704 1498 765 1566 post
775 1507 819 1545 se-

872 1301 965 1361 luisse.
992 1302 1098 1363 Laudat
1124 1303 1295 1384 populuma
1323 1304 1378 1363 lide
1401 1319 1427 1364 et
1455 1308 1613 1366 constantia.
1667 1365 1668 1369 ,
1771 1362 1774 1367 ,

871 1394 1028 1474 Deindeque
1039 1398 1205 1458 convertitur
1215 1398 1244 1458 in
1256 1398 1351 1458 laudes
1361 1397 1496 1458 Eudoxiae
1513 1403 1613 1478 Augu-

871 1500 931 1562 ste,
947 1489 1025 1569 cujus
1036 1488 1156 1569 epistole
1165 1488 1199 1549 ad
1213 1511 1241 1550 se
1255 1491 1343 1550 missae
1355 1504 1459 1570 partem
1471 1489 1568 1566 adfert,
1583 1492 1615 1549 il·

10 1573 174 1646 ¹„qfficundos
189 1574 287 1651 tertii,
308 1575 347 1635 ita
360 1589 392 1635 ut
406 1576 543 1657 Bosporus
556 1577 705 1657 legatorum
722 1577 819 1636 multi·
870 1578 979 1659 lamque
1002 1581 1130 1640 encomiis
1150 1581 1274 1641 celebrat.
1298 1582 1375 1642 Dicit
1396 1595 1487 1642 autem
1506 1583 1569 1657 hic,
1586 1597 1616 1642 ut

10 1663 61 1723 2³t·
72 1665 166 1725 tudine
179 1667 341 1747 operiretur.
354 1667 603 1751 SicTheodorctus.
610 1671 714 1731 Verum
723 1669 820 1728 Socra·
871 1691 964 1751 supra,
977 1670 1100 1731 inimicos
1107 1672 1136 1732 in
1145 1673 1237 1752 fugam
1246 1693 1337 1736 versos
1348 1694 1416 1734 esse.
1426 1674 1546 1733 Alteram
1555 1687 1616 1755 post
1706 1730 1717 1747 ,

71 1770 110 1817 tes
124 1771 151 1817 et
167 1758 335 1819 Sommenus
350 1758 408 1820 herc
421 1773 527 1819 tautum
542 1760 656 1821 dicunt:
671 1763 820 1842 imperator

871 1762 991 1823 reditum
1008 1784 1089 1824 suum
1109 1763 1251 1825 homiliam
1265 1765 1362 1825 habuit
1376 1765 1540 1845 longiorem,
1555 1788 1615 1844 quar

72 1838 132 1909 eum
140 1849 285 1911 oderrirne
296 1851 419 1912 macari
425 1852 518 1933 jussit.
531 1852 633 1913 Missus
646 1853 730 1933 igitur
740 1854 820 1914 Briso
870 1851 905 1911 de
914 1852 1066 1913 Chananaea
1079 1854 1247 1930 inscribitur,
1259 1855 1295 1916 de
1304 1877 1358 1936 qua
1369 1854 1516 1918 ridendum
1525 1857 1615 1917 liloni-

72 1942 203 2020 Angostae
223 1942 381 2018 eunuchus,
396 1943 508 2003 offendit
520 1966 583 2005 eum
601 1946 732 2023 Praeneti,
746 1948 820 2026 quod

74 2033 228 2113 superium
246 2046 288 2093 est
313 2056 348 2095 ex
364 2035 480 2096 adverso
500 2037 664 2098 Nicomediae
678 2038 778 2115 situm,
794 2052 821 2099 et

74 2125 325 2207 Constantinopolin
338 2127 427 2187 redire
436 2127 631 2209 jubetldcnm
645 2131 821 2214 norissetpo-

72 2217 163 2300 polus,
181 2234 213 2280 ut
223 2219 333 2281 obviam
347 2220 389 2280 illi
402 2223 568 2304 procederet,
581 2223 680 2285 estium
691 2227 821 2306 Propon·

72 2311 138 2372 tidis
154 2311 276 2394 navigiis
289 2312 403 2378 obtexit.
417 2318 464 2379 Sic
482 2318 616 2383 innumeri
635 2318 665 2379 in
678 2338 820 2381 occursum

71 2405 130 2490 ejas
142 2424 286 2482 venerunt,
304 2431 392 2471 cereas
410 2412 480 2471 laces
496 2412 676 2492 praeferentes.
685 2413 726 2471 lta
734 2412 821 2472 redux

69 2504 201 2581 leenae,
215 2505 308 2562 statim
319 2503 435 2582 negabat
446 2525 474 2564 se
485 2504 512 2563 in
527 2503 622 2563 urbem
632 2504 822 2584 ingressurum

10 2606 16 2621 '
72 2614 141 2672 csse,
155 2594 210 2654 uisi
220 2595 299 2676 prius
310 2596 339 2655 in
353 2596 454 2676 majore
461 2595 589 2676 judicum
602 2617 726 2656 consessu
742 2596 822 2656 inno·

72 2708 134 2747 tens
147 2686 360 2748 declararetur.-
382 2687 411 2747 in
421 2687 596 2763 suburbano,
610 2688 683 2767 quod
691 2687 822 2748 Marianae

72 2780 174 2841 dieitur
186 2781 365 2854 (Sorcmeuus
376 2779 512 2862 Anaplum
519 2788 618 2857 vocat),
628 2780 757 2855 substitit,
764 2780 822 2839 ibi-

72 2895 127 2954 que
135 2875 248 2935 mansit.
263 2876 333 2935 Cum
344 2886 435 2934 autem
449 2894 537 2934 moras
546 2887 672 2949 necteret,
681 2895 767 2952 neque
778 2872 823 2933 in·

74 2967 257 3046 grulirellet,
264 2967 341 3048 plebs
351 2966 380 3027 in
390 2965 604 3046 indignationem
616 2966 754 3046 prorupit,
764 2979 823 3024 sta·

74 3060 177 3138 timqne
196 3053 229 3118 in¹
245 3060 319 3140 ipsos
328 3061 507 3140 Imperatores
520 3055 664 3116 maledicta
678 3056 820 3137 congessit.

31 3154 65 3198 Β·
75 3151 197 3230 Ideoque
210 3151 423 3232 Chrysostcmus
442 3149 471 3209 in
489 3148 585 3209 urbem
599 3147 703 3228 ingredi
716 3162 824 3209 coactus

73 3243 246 3317 est,ebriam
256 3241 299 3301 illi
309 3243 384 3304 venit
395 3241 640 3320 multitudovulgi,
649 3255 675 3300 et
685 3262 825 3301 cumcum-

73 3355 120 3393 ma
134 3334 290 3395 maerentia
306 3335 334 3394 in
346 3333 487 3394 ecclesiam
500 3333 629 3407 deducit,
639 3354 719 3394 orans
734 3348 764 3393 ut
773 3356 824 3416 pre

71 3446 148 3486 more
160 3446 214 3485 suo
224 3425 255 3484 in
264 3425 412 3506 episcopali
422 3425 549 3485 cathedra
564 3423 674 3496 sedeat,
690 3438 718 3484 et
731 3447 825 3505 pacem

70 3517 355 3599 populoapprecetur.
375 3518 446 3576 Cum
456 3530 591 3577 recusaret
601 3515 648 3575 ille
660 3514 804 3576 aediceret
813 3562 822 3593 ,

74 3610 102 3669 id
108 3609 241 3691 judicum
257 3608 365 3669 decreto
378 3595 517 3690 lieriopus
537 3623 646 3684 esse,et
661 3622 826 3690 oporterent

74 3702 122 3762 iia
137 3701 245 3781 quibos
264 3699 460 3761 condemnatus
474 3701 576 3775 luerat,
592 3701 682 3781 ipsum
699 3701 826 3758 absolve-

73 3808 156 3855 rent:
177 3808 248 3854 tunc
264 3794 384 3874 populus
407 3791 495 3870 magis
513 3791 652 3870 magisque
675 3792 824 3877 concitatus

74 3887 165 3966 ipsum
177 3884 382 3947 concionantem
392 3883 487 3944 ridere
501 3884 610 3943 omuino
624 3882 723 3959 voluit,
738 3896 765 3942 ct
779 3886 827 3944 Jo-

872 1957 931 2003 tum
946 1959 1067 2005 nostrum
1079 1948 1114 2006 T.
1125 1949 1156 2025 5,
1168 1969 1196 2028 p.
1208 1950 1277 2008 tet.

913 2037 998 2097 Aiunt
1016 2040 1139 2099 Socrates
1150 2053 1176 2100 et
1189 2041 1367 2115 Soacmenus,
1378 2054 1520 2122 postquam
1532 2043 1616 2104 Joan-
1642 2063 1702 2106 socr.
1715 2062 1732 2104 t.
1746 2062 1768 2105 s.

872 2148 918 2188 nes
932 2129 960 2189 in
974 2128 1064 2190 sedem
1077 2153 1153 2191 suam
1169 2133 1308 2192 restitutus
1322 2133 1417 2209 suerat,
1432 2134 1615 2214 Theophilum
1628 2141 1647 2170 ⁰·
1664 2135 1701 2180 ¹7·

871 2221 1022 2301 Heraclidae
1034 2245 1142 2284 causam
1155 2239 1182 2284 et
1199 2224 1399 2285 ordinationem
1414 2226 1551 2304 inquirere
1562 2248 1614 2287 vo·
1627 2211 1739 2325 3⁵2²⁰JgJ
1754 2209 1773 2263 ¹⁹

871 2312 965 2390 luisse,
977 2326 1008 2371 ut
1031 2311 1094 2372 inde
1105 2314 1270 2374 occasionem
1289 2314 1418 2396 arriperet
1437 2315 1471 2376 ad
1486 2320 1616 2379 loannem
1647 2303 1652 2316 ⁸
1679 2303 1686 2316 ’
1715 2319 1720 2331 “

873 2404 1068 2465 damnandum.
1079 2404 1234 2466 Heraclides
1248 2427 1375 2466 veronen
1389 2405 1492 2485 aderat,
1505 2423 1612 2470 tamen-

873 2517 925 2575 que
939 2495 974 2556 dc
989 2497 1038 2556 illo
1051 2498 1159 2558 absente
1174 2497 1365 2579 judicabatur,
1383 2501 1459 2579 quasi
1478 2502 1610 2579 quosdam

874 2587 976 2668 injuste
990 2588 1154 2666 damnasset,
1165 2603 1191 2650 et
1204 2591 1303 2650 catenis
1321 2591 1425 2651 vinctos
1437 2613 1485 2673 per
1497 2594 1615 2656 mediam

874 2681 1055 2762 Ephesiorum
1069 2683 1164 2743 urbem
1177 2683 1350 2744 traduxisset.
1367 2685 1491 2765 Cumque
1502 2690 1617 2749 Joanncs

873 2785 899 2831 et
912 2773 1033 2850 quicum
1046 2773 1211 2835 illoaderant
1221 2775 1343 2836 dicerent
1353 2776 1389 2836 de
1401 2777 1557 2840 absentibus
1568 2782 1619 2860 ju-

873 2861 978 2924 dicium
989 2865 1054 2925 ferri
1069 2886 1122 2925 non
1133 2865 1242 2941 debere,
1258 2867 1435 2928 Alexandrini
1451 2884 1542 2930 contra
1556 2892 1619 2931 con·

875 2956 1029 3030 tendebant,
1052 2956 1237 3020 admittendos
1250 2980 1306 3020 esse
1315 2975 1482 3022 accusatores
1496 2963 1620 3025 Heracli-

874 3046 927 3123 dae,
939 3047 1074 3108 liceteum
1094 3050 1232 3110 absentem
1245 3067 1411 3113 accusarent.
1434 3055 1537 3115 Gravis
1557 3055 1620 3115 inde

876 3138 975 3199 seditio
988 3141 1059 3200 inter
1081 3141 1391 3225 Constantinopolitauos
1403 3159 1429 3204 et
1446 3146 1613 3207 Alexandri·
1661 3138 1664 3145 ³

875 3250 924 3289 nos
934 3245 992 3291 orta
1003 3246 1043 3292 est
1054 3256 1061 3290 :
1073 3233 1270 3315 commissaque
1280 3237 1465 3317 pugna‚niulti
1474 3238 1623 3310 vulnerati,

877 3323 989 3403 quidam
1010 3325 1091 3386 etiam
1113 3326 1247 3386 interemti
1268 3342 1339 3388 sunt.
1360 3328 1423 3389 llaec
1437 3350 1500 3389 eum
1518 3330 1620 3390 videret

876 3416 1057 3498 Theophilus,
1071 3420 1144 3480 illico
1159 3418 1354 3479 Alexandriam
1365 3422 1479 3500 aufugit.
1491 3422 1620 3482 ldemalii

877 3529 984 3589 quoque
994 3510 1114 3570 lecerunt
1126 3510 1257 3591 episcopi,
1267 3525 1363 3591 praeter
1374 3534 1473 3593 paucos
1483 3515 1530 3592 qui
1541 3517 1621 3576 Joan-

876 3602 920 3661 nis
930 3614 1020 3683 partes
1040 3602 1207 3663 tuebantur:
1223 3603 1368 3683 cunctique
1380 3618 1487 3685 arrepta
1502 3605 1567 3686 fuga
1583 3604 1620 3665 ad

876 3714 938 3753 suas
951 3692 1027 3753 sedes
1036 3707 1214 3755 reverterunt.

917 3786 992 3862 Haee,
1006 3800 1148 3868 postquam
1161 3790 1278 3850 loannes
1289 3789 1412 3850 insedcm
1423 3811 1499 3852 suam
1511 3791 1621 3852 restitu-

877 3890 920 3937 tus
936 3878 1033 3953 luerat,
1048 3893 1120 3959 gesta
1135 3879 1217 3940 luisse
1229 3881 1349 3942 referunt
1358 3883 1482 3944 Socrates
1497 3897 1523 3944 et
1538 3884 1621 3944 Som-

75 3998 157 4041 aones
168 3976 223 4058 ipsi
237 3998 341 4038 morem
353 3996 449 4057 gerere
462 3988 626 4036 coactusest.
878 3969 1037 4048 menus,qui
1051 3983 1203 4051 postremus
1216 3970 1293 4030 illum
1300 3973 1358 4052 jam
1370 3973 1525 4034 restitutum
1538 3973 1620 4035 fuisse

10 4107 56 4152 ,h
114 4071 147 4130 ln
160 4069 376 4130 eoelesiaautem
391 4067 603 4150 Apostolorum,
619 4067 647 4126 in
665 4088 746 4148 quam
760 4082 825 4127 tunc
877 4074 1023 4140 antequam
1035 4060 1093 4120 baec
1102 4077 1243 4142 agerentur
1253 4078 1344 4145 aperte
1355 4065 1432 4128 dicit.
1442 4069 1565 4128 Socrates
1575 4089 1622 4129 ve·

10 4178 59 4214 uco-
80 4163 216 4242 ingfm
226 4175 278 4233 με,
295 4163 453 4223 munionem
462 4158 673 4241 extemporalem
685 4173 712 4219 01
722 4159 827 4218 brevis.
878 4147 1286 4228 roidipsumprorsusinsinuat.
1303 4155 1371 4212 Nam
1384 4167 1525 4234 postquam
1536 4159 1621 4217 loan-

10 4235 70 4336 ,τ’
79 4256 176 4313 ,imm
188 4252 287 4312 habuit
296 4252 334 4312 gd
344 4251 486 4335 populum,
499 4251 549 4310 ubi
561 4253 619 4311 Deo
631 4251 769 4310 multocies
778 4251 827 4311 be.
878 4259 941 4299 nem
953 4241 1012 4320 jam
1026 4241 1054 4300 in
1078 4240 1168 4301 sedem
1186 4264 1263 4303 suam
1280 4245 1419 4305 reductum
1435 4248 1517 4306 sitisse
1530 4270 1623 4308 narra-

10 4368 19 4397 ·-
80 4344 201 4422 nedixit,
212 4358 240 4403 et
260 4343 330 4404 hane
342 4366 447 4417 vocem,
463 4344 640 4406 Benedictus
655 4346 754 4417 Deus,
769 4344 827 4403 fre-
881 4353 968 4417 verat,
977 4340 1207 4421 caputdecimum
1218 4341 1361 4421 septimum
1371 4343 1489 4415 orditur,
1505 4345 1553 4402 ubi
1564 4342 1623 4402 baec

10 4451 69 4499 w·
80 4437 386 4516 quenterpmnuntiavit
398 4458 406 4495 ε
417 4435 672 4516 diotqucinimicos
682 4456 744 4495 suos
754 4457 828 4494 ama·
879 4444 1059 4505 recensentur,
1076 4445 1106 4491 ut
1121 4452 1227 4491 causam
1248 4433 1400 4491 certaminis
1411 4434 1480 4493 inter
1493 4435 1624 4495 Constan-

10 4501 70 4563 ’ω’
81 4540 150 4586 tores
162 4525 217 4586 sibi
227 4526 330 4586 multos
344 4525 541 4598 conciliavisse,
555 4525 690 4603 etiamque
700 4526 827 4602 Judaeos,
881 4524 1074 4604 tinopclitancs
1086 4537 1113 4583 et
1127 4523 1324 4583 Alexandrinos
1338 4538 1364 4583 et
1374 4525 1467 4604 lugam
1477 4526 1625 4609 Theophili

81 4617 155 4696 qued
171 4631 201 4677 et
219 4618 290 4678 inira
310 4617 418 4700 repetit.
442 4617 537 4678 Aede
561 4630 634 4677 muta
655 4616 829 4676 multitudine
880 4617 988 4674 reserat.
1003 4616 1033 4677 Si
1043 4629 1134 4674 autern
1148 4615 1205 4674 haec
1215 4615 1252 4675 ita
1267 4629 1338 4694 gesta
1346 4617 1561 4692 sint,dieendum
1570 4641 1626 4680 esse

85 4711 219 4792 gaudem,
232 4711 326 4771 laetitia
336 4713 461 4793 perfusus
470 4712 539 4771 dicit
552 4735 559 4769 :
574 4713 699 4772 «Hodie
716 4717 829 4772 cireen·
881 4708 989 4770 videtur
1003 4708 1191 4789 Theophilum
1208 4709 1301 4789 paucis
1317 4708 1415 4770 diebus
1430 4725 1490 4792 post
1511 4713 1625 4772 restitu-

81 4823 127 4864 ses
139 4816 347 4880 sunt‚ctnemo
357 4805 451 4880 adest,
462 4806 516 4864 sed
527 4807 667 4864 omnesin
676 4806 830 4866 ecelesiam
883 4816 941 4862 tum
951 4804 1081 4863 loannem
1090 4800 1238 4881 aufugisse,
1254 4813 1280 4861 et
1295 4801 1356 4861 idco
1368 4804 1505 4864 tantillum
1514 4804 1627 4864 mansis·

81 4917 134 4955 ceu
150 4908 295 4955 torrerttes
309 4895 548 4978 confluxerunt.»
562 4897 598 4956 Se
607 4896 635 4957 in
649 4897 760 4957 ccclesia
774 4898 828 4960 SS.
883 4916 911 4955 se
932 4893 1182 4974 Constantinopoli,
1199 4892 1263 4971 quia
1282 4914 1344 4953 cum
1357 4895 1472 4956 loannes
1487 4909 1627 4957 revocatus

83 4984 277 5068 Apostolorum
290 4988 444 5048 concionari
460 4988 635 5066 testificatur,
650 4988 697 5048 ubi
709 5003 786 5049 erant
798 4990 829 5050 S.
883 4986 989 5061 fuisset,
1012 5006 1066 5071 non
1080 4985 1281 5046 contradixerat
1300 4987 1412 5065 quidem
1428 4988 1474 5047 ille
1482 5011 1490 5063 ;
1504 4988 1552 5048 sed
1565 5009 1628 5048 cum

37 5127 46 5143 .
82 5078 225 5140 Timothei
244 5079 376 5159 reliquiae.
399 5081 431 5140 ln
449 5081 504 5141 line
523 5100 588 5141 vero
600 5081 680 5162 lupos
694 5081 832 5162 aufugisse
890 5077 1041 5138 Heraclidae
1056 5099 1165 5139 eausam
1184 5078 1213 5137 in
1234 5079 1354 5140 medium
1376 5082 1546 5162 protulisset,
1563 5102 1630 5159 quo·

80 5172 228 5251 didt,quo
239 5171 415 5234 subindicare
426 5172 536 5238 videtur
545 5175 635 5256 ipsum
644 5174 833 5256 Theophilum
884 5175 1292 5239 niamhicaloanneordinatus
1302 5178 1399 5253 fuerat,
1410 5177 1438 5238 in
1449 5177 1630 5259 suspicionem

79 5262 458 5346 jandsitateegressam
467 5286 538 5329 esse:
549 5288 609 5347 que
622 5280 712 5328 tameo
723 5289 766 5329 res
779 5267 834 5327 dil·
887 5271 1007 5345 venisse,
1016 5269 1091 5349 quod
1104 5289 1214 5330 sumaim
1231 5271 1342 5331 loannis
1356 5292 1464 5331 carisam
1482 5271 1634 5351 disquirere

81 5356 278 5419 autorem
300 5358 621 5439 vacatlnsequeutcdie
640 5358 721 5420 aliam
735 5359 834 5421 hahuit
887 5361 978 5439 vellet,
990 5361 1107 5430 utillum
1117 5360 1328 5423 tandemasodc
1340 5363 1634 5502 Qnsmpqinomhmtia

257 5456 331 5498 τοι.
353 5458 425 5496 nme.
