3750 6052
280 653 345 721 132

276 798 392 860 Orditnr
416 812 505 857 autern
532 798 567 856 ah
593 796 819 858 Antioeheuorum
844 794 1021 885 assiduitate,

277 892 367 970 aitque
378 890 499 949 timuisse
508 910 537 949 se
545 911 578 950 ne
589 888 792 971 multiplicitate
802 888 937 948 dictorum
947 886 1022 947 lasti·

277 988 356 1046 dium
369 999 469 1046 crearet
477 1008 485 1061 3
500 985 548 1044 sed
562 985 680 1066 gaudere
690 1006 718 1044 se
731 984 805 1064 quod
818 983 904 1063 magis
915 980 1022 1041 deside·

276 1080 348 1139 rium
361 1092 387 1137 et
404 1076 535 1137 audiendi
548 1079 715 1159 voluptatem
735 1076 856 1149 auxerit;
871 1090 930 1135 tum
942 1096 1024 1155 strpe-

278 1170 336 1230 rius
346 1169 416 1229 dicta
430 1169 528 1249 repetit
533 1186 580 1244 ,ut
590 1170 727 1244 diximus,
736 1183 763 1229 et
772 1181 863 1250 postea
872 1188 1023 1228 sermenem

276 1262 382 1322 orditur
402 1282 514 1321 narrans
539 1262 609 1323 uude
633 1262 765 1341 originem
787 1260 899 1321 duxerit
923 1259 1024 1319 divisio

281 1356 446 1435 linguarum.
456 1354 526 1413 lliue
538 1370 629 1415 narrat
639 1354 775 1415 Adamum
784 1356 811 1413 ie
823 1368 903 1435 portu
915 1353 1024 1413 naufra-

277 1448 354 1527 gium
366 1445 475 1520 secisse,
487 1467 581 1527 nempe
594 1468 657 1507 eum
668 1446 748 1506 benis
758 1446 884 1505 omuibus
898 1441 1025 1503 abunda·

277 1555 332 1614 ret,
343 1539 473 1600 suadente
485 1539 613 1613 diaholo,
624 1562 639 1600 e
653 1540 779 1623 paradiso
788 1541 890 1621 ejectus
898 1539 950 1597 luit
956 1561 966 1613 ;
977 1535 1025 1597 sed

278 1640 368 1697 Deum
383 1634 502 1694 cslecisse
514 1650 544 1695 ut
561 1635 668 1695 lucrum
682 1634 782 1694 damno
796 1634 884 1714 majus
897 1646 965 1695 estet
977 1678 986 1710 ,
998 1645 1026 1692 et

278 1744 402 1789 naturam
423 1740 541 1786 nestram
558 1727 593 1787 ad
610 1728 739 1786 thronum
757 1725 862 1805 regium
884 1724 1023 1785 extulisse.

277 1818 349 1881 Nam
369 1821 443 1879 Deus
466 1840 520 1878 uon
540 1840 602 1879 etttu
620 1819 666 1879 dat
685 1817 786 1889 mode,¹
799 1817 846 1877 sed
859 1817 940 1876 etiarn
963 1837 1025 1876 cum

277 1914 364 1972 aufert
378 1910 466 1970 borres
481 1924 531 1974 est.
544 1910 609 1970 Evae
621 1910 701 1971 etiam
712 1910 844 1989 proluisse
854 1907 928 1988 qued
938 1906 1025 1968 adia-

277 2004 341 2065 bole
356 2002 466 2085 decepta
480 2004 593 2080 suisset3
605 2002 749 2063 cumcuim
762 2002 851 2061 filium
862 2000 1023 2082 peperisset,

118 2154 122 2165 ,
177 2158 180 2163 Δ
277 2095 365 2170 dixit,
383 2096 506 2155 Possedt'
516 2094 661 2154 hominem
668 2115 722 2175 per
732 2096 847 2170 Deum,
860 2093 1025 2175 experientia

276 2209 374 2269 nempe
385 2210 431 2271 sua
450 2187 543 2247 edocta
558 2208 574 2245 a
588 2189 645 2247 Deo
660 2187 730 2246 hona
749 2187 840 2247 emnia
851 2206 1021 2266 premanere.

276 2280 374 2341 Postea
386 2281 443 2361 agit
456 2278 491 2339 de
505 2279 586 2339 variis
599 2279 709 2339 malitiae
720 2279 879 2359 generibus,
893 2277 1023 2339 demum-

276 2395 328 2453 que
341 2373 375 2434 de
388 2371 558 2455 providentia
572 2374 634 2436 Dei.

124 2490 198 2550 τη,
210 2492 263 2541 250,
280 2456 286 2467 ’
315 2465 468 2527 Secundam
479 2464 620 2546 posuimus
632 2464 780 2524 llemiliam
791 2464 826 2523 de
838 2463 950 2523 diabole
964 2477 1024 2522 ten·

275 2572 379 2632 tatere,
398 2579 480 2637 qnam
502 2579 535 2615 an
552 2571 613 2616 autc
633 2578 666 2615 an
687 2571 748 2638 post
761 2558 879 2636 primam
899 2556 1025 2614 hahuerit

275 2652 418 2711 incertum.
433 2649 615 2729 Exploratum
623 2648 809 2708 certeomnine
819 2646 1023 2723 videturillam,

275 2763 358 2822 quarn
371 2755 430 2823 pest
444 2740 553 2800 initium
571 2738 655 2820 hujus
674 2762 702 2800 se
720 2740 805 2798 hiduo
821 2752 882 2798 aute
900 2739 1026 2799 hahuisse

275 2835 358 2906 dicit,
371 2854 424 2893 uon
438 2854 495 2892 csse
513 2853 571 2892 eam
592 2853 672 2910 quam
687 2832 803 2913 primam
823 2832 978 2912 posuimus,
996 2846 1025 2891 nt

275 2928 304 2987 iu
319 2927 424 2988 hlonito
438 2925 525 2985 fusius
540 2925 680 3005 probatur.
702 2926 724 2983 ll
729 2927 792 3004 ujus
806 2947 888 3006 porm
901 2925 1025 2986 oeeuttdte

275 3018 373 3077 titulus
389 3030 429 3076 est
445 3040 453 3073 t
467 3017 619 3075 Atleerstts
633 3038 679 3074 ees
692 3023 742 3097 qni
764 3020 926 3097 objiciunt,
942 3039 1026 3078 cure

276 3112 372 3170 rrrcdt‘e
382 3111 517 3169 sublatus
528 3110 633 3168 nonsit
644 3111 781 3169 diabolus
787 3134 799 3180 ,·
810 3125 837 3168 et
849 3113 928 3190 qued
936 3113 1025 3194 hirjats

276 3205 394 3263 malitia
406 3204 483 3261 nt’ltil
496 3223 546 3261 nes
561 3201 651 3260 ledat
660 3247 668 3276 ,
684 3203 713 3260 si
723 3204 930 3275 attentantem
942 3217 971 3264 et
987 3207 1025 3264 de

273 3300 458 3379 peonitentia.
481 3296 545 3354 Hae
566 3293 703 3376 probanda
723 3295 838 3376 suscipit
859 3296 1024 3377 Chrysoste-

276 3412 356 3469 ruuS,
370 3403 397 3450 et
410 3388 499 3470 primo
515 3388 676 3448 Flavianum
695 3386 853 3469 episcopum
867 3405 1023 3469 praesentem

274 3481 367 3542 laudat
382 3503 398 3541 a
415 3480 544 3552 caritate,
568 3502 583 3539 a
605 3502 711 3539 sttmuta
730 3480 870 3544 modestia.
895 3483 1023 3563 Dicitque

273 3590 365 3655 postea
380 3594 434 3634 neu
449 3573 590 3633 diabolum
607 3573 705 3634 laedere
717 3574 869 3650 homiuem,
883 3575 931 3636 sed
948 3598 1022 3636 suur-

271 3688 346 3728 mam
358 3667 476 3727 lrotninis
488 3667 644 3746 ignaviam,
658 3687 719 3744 quer
731 3679 756 3725 et
768 3682 871 3726 rectum
887 3670 1023 3728 membro·

274 3744 337 3819 rtim
360 3781 440 3818 usutn
464 3758 635 3838 corrttnrpit,
660 3772 686 3817 ct
708 3758 763 3816 alia
787 3759 915 3839 importat
939 3760 1021 3820 mala.

277 3844 388 3913 Claudit
400 3872 464 3909 vero
477 3870 625 3908 sermonem
635 3849 727 3907 dicens
741 3851 861 3928 quinque
871 3873 927 3910 esse
938 3852 1023 3931 poeni·

275 3943 364 4004 tentiae
380 3943 453 4013 rias3
468 3941 583 4020 priuratu
595 3962 704 4020 rrerttpe,
717 3939 915 4001 damnationem
926 3964 1025 4023 pecea-

277 4048 385 4105 torum;
400 4031 562 4101 secundam,
575 4031 598 4089 si
610 4046 805 4113 acceptaruma
818 4034 944 4112 proximo
954 4034 1026 4116 iuju-

277 4127 380 4184 riarum
394 4143 447 4182 uon
461 4121 648 4197 recordemur,
664 4123 788 4196 tertiam,
809 4125 956 4185 orationem
968 4129 1027 4186 ler-

277 4228 385 4276 neutem
407 4227 433 4272 et
451 4226 621 4287 aecttt·atam;
645 4226 788 4291 quartani,
812 4216 1025 4298 eleemosynam

279 4307 421 4390 quintam,
438 4303 595 4365 modestiam
611 4320 636 4365 et
651 4305 843 4366 humilitatem.

318 4400 482 4461 Contionem
504 4412 656 4476 sequentem
673 4397 708 4457 tle
729 4399 840 4476 Ignavia
860 4400 946 4461 hiduo
966 4419 1026 4484 post

280 4492 425 4555 secundam
442 4513 470 4552 se
484 4490 610 4549 hahuisse
631 4490 708 4549 initio
725 4493 896 4571 testificatur,
914 4495 979 4556 dum
992 4520 1025 4559 ex

279 4586 381 4668 populo
396 4583 475 4644 multi
489 4583 524 4642 ad
546 4583 687 4642 theatrales
703 4583 783 4645 ludos
796 4608 825 4646 se
837 4589 1025 4665 contulerant,

277 4700 349 4757 quos
375 4679 544 4737 vehementer
573 4677 727 4738 insectatur.
764 4680 909 4759 Postquam
935 4700 1025 4745 auteur

281 4770 388 4829 dixerat
399 4768 564 4827 voluntatem
576 4791 632 4828 esse
642 4768 780 4830 dominam
790 4819 797 4845 ,
807 4787 832 4832 et
843 4795 877 4832 ex
889 4775 1026 4837 voluntate

281 4862 474 4941 contingerent
485 4861 548 4918 mali
558 4882 619 4919 cum
629 4861 707 4921 bonis
716 4864 844 4945 permixti
853 4867 921 4943 siut,
930 4872 1025 4948 querit

280 4956 379 5015 iterum
402 4974 452 5012 cur
472 4951 597 5010 diabolus
622 4953 649 5011 iu
675 4955 763 5015 medio
786 4957 975 5038 relinquatur,
999 4976 1025 5023 et

281 5046 442 5129 respondet,
455 5044 518 5122 quia
533 5043 567 5103 iis
576 5045 623 5122 qui
635 5045 749 5126 vigilant
763 5063 788 5107 et
802 5050 854 5108 sihi
870 5054 1024 5130 attendunt,

282 5162 335 5201 nen
346 5138 430 5199 mede
441 5136 509 5196 nihil
522 5149 613 5209 nocet,
625 5138 670 5196 sed
683 5138 763 5198 etiam
775 5141 850 5200 utilis
860 5157 917 5217 est,
930 5166 981 5205 nen
991 5168 1025 5206 ex

282 5236 420 5296 voluntate
432 5254 495 5305 sua,
507 5252 567 5309 quae
582 5241 652 5290 enata
666 5247 719 5306 est,
733 5234 779 5293 sed
792 5238 958 5317 exipsorum
971 5242 1025 5299 sor·

281 5326 412 5399 titudine,
427 5325 473 5403 qui
492 5323 550 5403 ejus
565 5322 687 5398 malitia,
706 5339 735 5383 ut
748 5347 797 5405 par
815 5343 869 5405 est,
892 5344 1023 5409 utuntur,

282 5435 312 5478 ut
326 5419 395 5481 lohe
410 5416 531 5495 contigit.
552 5414 732 5495 Hominesque
748 5418 818 5477 solos
841 5420 908 5479 dicit
927 5437 1022 5483 aucto-

280 5535 323 5574 res
332 5533 387 5573 esse
397 5510 499 5590 peccati
514 5534 519 5566 :
533 5531 594 5569 nant
606 5529 639 5568 ex
651 5510 797 5573 veluntatis
809 5513 947 5594 proposito
959 5516 1022 5577 lieni

760 673 790 720 S.
818 668 959 719 totnnts
984 666 1218 719 cantsostottt
1247 670 1342 735 Vl'l'A,

1075 793 1120 854 vel
1131 795 1309 860 malisumtts.
1325 794 1641 879 DeJohopesteamulta
1650 794 1741 871 dicit,
1750 796 1831 877 ejus·

1075 907 1129 964 que
1146 884 1303 967 patientiam
1327 890 1355 948 in
1375 890 1532 971 exemplum
1553 889 1703 971 proponit,
1719 903 1754 950 ut
1766 910 1830 967 quar

1075 979 1202 1040 omnihus
1209 981 1384 1041 consolationi
1392 1003 1449 1041 esse
1460 981 1544 1063 possit
1553 1002 1561 1040 t
1571 981 1742 1061 demumque
1752 980 1830 1041 clau·

1076 1070 1120 1130 dit
1131 1070 1238 1141 dicens,
1248 1093 1311 1131 cum
1322 1073 1440 1154 Spiritus
1449 1072 1535 1153 gratia
1544 1072 1667 1133 faciliora
1676 1073 1830 1131 mumius

1076 1163 1166 1221 omnia
1177 1184 1250 1239 esse,
1267 1166 1434 1245 maximeque
1454 1179 1515 1246 post
1534 1164 1685 1226 adveutum
1703 1164 1831 1240 Christi,

1077 1261 1234 1333 cumgratia
1248 1257 1294 1316 illa
1308 1259 1488 1319 abundantior
1501 1272 1549 1321 est.

1117 1351 1252 1409 llactenns
1262 1372 1361 1412 anunm
1375 1367 1401 1412 et
1414 1352 1574 1433 plerumque
1586 1350 1680 1423 diem,
1691 1373 1754 1433 quo
1765 1373 1833 1413 cou-

1077 1438 1167 1501 cioues
1185 1440 1264 1501 tlictre
1284 1444 1409 1517 fueraut,
1429 1443 1536 1523 sequuti
1553 1464 1666 1517 sumtu,
1686 1443 1832 1505 interdum

1078 1551 1131 1591 nou
1141 1530 1235 1593 dubiis
1246 1534 1370 1610 iudiciis,
1383 1536 1529 1616 aliquando
1544 1557 1580 1596 ex
1594 1536 1758 1617 conjectum
1769 1552 1830 1599 tao·

1078 1637 1135 1683 tum
1149 1640 1248 1707 :atque
1257 1627 1292 1687 ad
1301 1650 1404 1689 sunum
1414 1628 1834 1712 aestimandumneque

1077 1715 1193 1777 dubium
1206 1720 1283 1781 anuis
1292 1722 1366 1796 589,
1377 1723 1451 1797 590,
1464 1724 1520 1783 591
1530 1766 1539 1796 ,
1549 1720 1719 1783 indefessum
1733 1738 1832 1785 orate·

1077 1830 1133 1869 rem
1147 1811 1182 1869 atl
1195 1814 1328 1894 populum
1340 1814 1537 1875 Antiochehum
1549 1812 1653 1874 multas
1665 1833 1701 1875 ex
1717 1814 1758 1877 iis
1771 1838 1833 1897 quae

1076 1918 1221 1983 supersunt
1239 1906 1366 1967 habuisse
1385 1908 1543 1983 conciones,
1567 1928 1628 1987 quta
1652 1908 1769 1969 nullam
1788 1910 1833 1970 vel

1076 1995 1140 2055 anui
1155 1996 1197 2056 nel
1208 1996 1263 2057 diei
1275 2013 1365 2060 uotam
1375 2022 1433 2081 pree
1446 2022 1475 2061 se
1484 2000 1585 2062 lerunt.
1600 2000 1632 2059 le
1644 2020 1756 2063 aunum
1768 2022 1833 2063 rere

1076 2087 1136 2147 599
1146 2089 1287 2151 referimus
1297 2091 1438 2152 homiliam
1448 2092 1604 2174 inscriptam
1615 2092 1653 2153 de
1663 2094 1834 2157 Coemeterio

1075 2192 1102 2238 et
1114 2178 1150 2239 de
1165 2180 1266 2256 Cruee,
1279 2204 1361 2261 quam
1375 2182 1442 2242 dicit
1456 2184 1556 2264 viginti
1568 2198 1617 2245 aut
1633 2186 1724 2265 paulo
1738 2178 1873 2284 minusl',

1075 2271 1173 2332 diebus
1189 2288 1331 2354 autequam
1346 2276 1382 2335 de
1393 2277 1493 2337 mactis
1512 2276 1679 2339 mulieribus
1698 2279 1831 2355 Bemice,
1844 2331 1849 2338 .

1076 2366 1209 2427 Prosdoce
1217 2382 1242 2427 et
1255 2368 1388 2428 Demuina
1399 2370 1600 2431 concionaretur
1608 2392 1618 2446 ,·
1627 2385 1660 2433 ut
1668 2393 1726 2433 uou
1736 2366 1862 2437 dubiis'l·

1076 2459 1147 2519 uotis
1157 2460 1295 2542 colligitur
1306 2484 1340 2521 ex
1349 2462 1426 2523 initio
1438 2477 1579 2544 [rostrum
1590 2464 1712 2547 hujusce
1720 2468 1831 2531 concio·

1076 2552 1132 2623 uis,
1151 2553 1199 2611 uhi
1222 2575 1251 2613 se
1271 2567 1333 2614 aute
1350 2554 1447 2633 vigitrti
1463 2557 1519 2615 fere
1534 2555 1594 2617 dies
1609 2557 1828 2637 nncionatuta,

1077 2645 1162 2704 multa
1176 2645 1280 2706 dixisse
1293 2647 1332 2706 ait
1343 2647 1370 2707 iu
1381 2648 1437 2707 ltarc
1447 2648 1529 2709 verbe
1542 2674 1549 2709 ι
1562 2650 1714 2713 Centrt'vt't
1725 2668 1829 2735 portes

1077 2759 1184 2811 tereus,
1198 2752 1226 2799 et
1235 2742 1455 2824 vectesserreos
1468 2742 1615 2824 confregit
1621 2768 1635 2813 ,·
1649 2766 1716 2823 quae
1727 2748 1828 2829 optime

1077 2831 1237 2889 conveniunt
1252 2832 1278 2889 in
1294 2831 1362 2890 banc
1376 2832 1411 2891 de
1421 2833 1578 2893 Coemeterio
1590 2850 1617 2895 et
1630 2837 1726 2899 Cruee
1738 2838 1828 2901 hemi·

1076 2920 1153 2982 liam.
1170 2922 1241 2983 llinc
1252 2925 1341 2984 Graeci
1354 2939 1478 3005 putantes
1487 2925 1583 2986 festum
1592 2925 1627 2987 de
1637 2928 1745 3006 Cruoe,
1756 2934 1828 3012 quod

1077 3035 1166 3074 meuse
1178 3016 1329 3096 Septembri
1339 3015 1385 3076 die
1401 3020 1438 3078 ld
1449 3019 1581 3093 creterris,
1595 3043 1611 3080 a
1627 3020 1828 3104 chrysostomo

1077 3110 1230 3183 memorari,
1241 3110 1336 3170 testum
1350 3126 1502 3171 sanctarum
1515 3113 1660 3173 Domuiuae
1668 3129 1696 3177 et
1706 3116 1829 3179 filiarum

1077 3203 1174 3283 viginti
1189 3217 1277 3283 postea
1291 3202 1403 3276 diebus,
1419 3220 1515 3284 quarta
1531 3205 1661 3267 videlieet
1678 3208 1827 3285 Octobris,

1076 3294 1228 3372 celebraut3
1242 3296 1288 3355 sed
1302 3318 1454 3378 perperam.
1471 3300 1531 3358 Non
1544 3298 1617 3358 enim
1633 3300 1662 3359 iu
1676 3302 1752 3365 leste
1765 3326 1828 3365 sau·

1076 3401 1126 3447 cta:
1137 3389 1248 3461 Crucis,
1265 3411 1325 3467 quta
1338 3390 1365 3447 in
1378 3390 1561 3471 Septembrem
1575 3390 1698 3469 incidit,
1714 3418 1829 3479 quaque

1076 3480 1195 3540 uoudrnn
1207 3481 1256 3540 illo
1269 3502 1327 3541 aevo
1344 3482 1545 3555 celebrabatur,
1566 3482 1637 3545 lianc
1650 3488 1731 3551 dixit
1740 3489 1829 3553 huni-

1075 3572 1140 3632 liaru
1152 3574 1376 3653 Clrrysostomus;
1388 3576 1433 3634 sed
1445 3575 1528 3634 indie
1541 3576 1727 3657 Parasceves,
1738 3584 1829 3645 eadem

1076 3687 1170 3746 netnpe
1180 3688 1232 3744 qna
1243 3666 1391 3726 crucifixus
1403 3682 1441 3726 est
1455 3669 1603 3745 Dominus,
1617 3686 1651 3731 ut
1663 3672 1728 3754 ipse
1743 3679 1829 3759 pluri.

1076 3758 1128 3817 mis
1142 3759 1168 3815 in
1191 3759 1256 3817 locis
1268 3759 1396 3825 declarat.
1419 3763 1524 3822 Verum
1535 3783 1568 3821 ea
1581 3762 1616 3822 de
1627 3768 1829 3833 reaudieudut

1076 3865 1115 3911 est
1127 3851 1318 3911 Tilletnentius
1328 3876 1355 3935 p.
1371 3855 1424 3914 stt
1439 3879 1447 3912 ε
1460 3880 1475 3910 a
1487 3856 1635 3935 Reliquum
1649 3859 1744 3941 igitur
1753 3879 1829 3927 estut

1077 3941 1221 4003 credamus
1232 3945 1328 4005 festum
1339 3948 1368 4009 S.
1384 3948 1525 4007 Domninae
1538 3962 1564 4008 et
1577 3950 1723 4017 sociarum
1733 3960 1829 4019 Antie-

1078 4034 1162 4112 ehiae,
1182 4057 1234 4096 uon
1255 4053 1350 4116 quarta
1372 4040 1518 4113 Octobris,
1542 4040 1589 4100 sed
1607 4040 1829 4130 decimaquarta

1078 4128 1197 4211 Aprilis,
1219 4153 1271 4209 qua
1286 4132 1331 4191 die
1352 4147 1460 4193 notatur
1470 4133 1497 4193 in
1510 4134 1717 4219 lllartyrelogio
1731 4142 1829 4206 lliere-

1078 4223 1153 4303 nymi
1165 4238 1189 4281 et
1199 4224 1316 4283 alierum
1327 4268 1335 4296 ‚
1348 4224 1511 4285 celebratum
1522 4226 1613 4287 luisse.
1625 4228 1716 4301 Quod
1731 4251 1830 4317 specui

1077 4329 1167 4374 autem
1189 4315 1225 4374 ad
1247 4336 1348 4375 aunttm
1370 4338 1423 4394 quo
1443 4319 1484 4376 hae
1507 4317 1569 4378 dua·
1587 4320 1717 4385 bomilia
1733 4330 1830 4391 habita

1077 4422 1155 4482 sttnt;
1172 4408 1295 4486 queritur
1309 4410 1518 4489 Chrysostumus
1531 4426 1596 4472 tuuc
1609 4435 1752 4497 magnum
1762 4425 1831 4485 mi.

1079 4501 1128 4560 tari
1144 4502 1306 4575 tumultum,
1321 4524 1382 4561 curu
1399 4503 1568 4564 accederetur
1580 4504 1618 4565 atl
1632 4528 1749 4575 sacram
1759 4538 1831 4577 mm-

1077 4594 1233 4652 munionem
1250 4594 1416 4673 :eademque
1433 4597 1521 4656 utitur
1535 4598 1711 4677 querimonia
1727 4608 1758 4668 iu
1773 4630 1830 4671 eon·

1077 4688 1154 4747 cione
1173 4685 1207 4743 de
1224 4683 1269 4746 die
1284 4688 1374 4747 Natali
1388 4710 1458 4748 autre
1472 4688 1547 4765 586,
1562 4704 1588 4751 et
1601 4691 1632 4753 iu
1649 4700 1789 4763 concione
1800 4702 1830 4763 de

1080 4779 1235 4860 Epiphania
1256 4781 1349 4860 paucis
1367 4796 1428 4860 post
1440 4782 1537 4843 diebus
1551 4785 1648 4846 habita
1659 4810 1740 4853 anuo
1754 4794 1829 4857 5872

1077 4873 1149 4930 unde
1163 4872 1280 4931 fortassis
1296 4874 1322 4931 in
1336 4874 1491 4935 alterutrius
1503 4877 1566 4937 anni
1586 4882 1766 4951 parasceven
1780 4890 1830 4951 har

1078 4965 1190 5024 homilia
1208 4968 1374 5047 conjicienda
1395 4970 1530 5031 videatur.
1553 4975 1662 5035 Verum
1680 5000 1763 5042 anno
1777 4982 1831 5045 386

1078 5057 1175 5116 lestum
1197 5058 1225 5118 S.
1250 5060 1409 5135 Detuuine,
1433 5065 1492 5123 sire
1513 5063 1618 5125 decima
1646 5088 1755 5149 quarta
1777 5076 1829 5138 dies

1080 5150 1197 5230 Aprilis,
1219 5151 1360 5211 undecimo
1373 5170 1432 5234 post
1444 5159 1606 5217 Parasceten
1614 5202 1625 5232 ,
1641 5176 1669 5221 et
1680 5186 1761 5228 anuo
1776 5170 1828 5232 58¹1

1080 5242 1225 5303 undecimo
1239 5260 1300 5304 aute
1313 5246 1474 5307 Parasreren
1486 5249 1531 5309 tlie
1541 5255 1719 5324 occurrebat.
1735 5260 1829 5323 Prehe-

1078 5333 1162 5395 bilius
1179 5356 1242 5415 ergo
1256 5338 1387 5397 reseratur
1400 5342 1426 5399 iu
1442 5363 1542 5402 anuum
1560 5345 1637 5419 502,
1651 5369 1714 5429 quo
1730 5355 1827 5417 Pascha

1078 5427 1262 5488 celebrabatur
1281 5431 1409 5510 vigesima
1432 5448 1524 5494 octana
1544 5437 1659 5516 Martii,
1675 5458 1707 5504 ct
1727 5446 1826 5509 decim

1077 5535 1170 5599 quarta
1193 5523 1311 5603 Aprilis,
1331 5525 1476 5586 octodecim
1497 5527 1595 5590 diebus
1616 5550 1685 5613 post
1709 5556 1826 5603 moden
